2326 3818
321 126 508 179 οειιοαεε.
526 125 660 178 ετεαο.
679 127 710 177 v.
731 129 771 176 19.
971 125 1033 188 339

66 274 175 356 σμίων
198 267 254 335 καί
278 262 478 354 πνευμάτων
501 261 669 353 ἀοράτων,
693 260 845 351 ἀγγέλων
867 294 903 334 τε
926 271 1034 335 θείων

67 371 121 436 καί
140 363 355 456 ἀρχαγγέλων
370 372 417 459 τῷ
436 373 642 454 παμβασιλεί
663 367 718 434 καλ
736 364 945 454 πανηγεμόνι
962 370 1035 459 θεῷ

67 466 367 558 λειτουργούντων,
386 463 470 536 κατά
485 464 522 536 τό
542 468 717 556 εἰρημένον
735 467 824 553 παρὰ
842 470 888 559 τῷ
901 466 1034 555 Δανιὴλ

62 565 80 593 “
85 576 188 658 χίλιαι
205 569 352 658 χιλιάδες
371 564 604 658 ἐλειτούργουν
616 561 718 660 αύτῷ,
736 571 792 636 καί
806 567 923 657 μύριαι
935 598 1034 656 μυρι-
1048 611 1059 638 e

41 670 146 754 εάδες
172 667 448 761 παρειστήκεισαν
472 676 664 758 ἔμπροσθεν
688 664 827 756 αύτοῦ,”
856 663 873 737 ὁ
898 666 1034 738 πάντων

65 770 224 843 ἀνωτάτω
246 779 296 853 τίς
321 765 364 840 ἀν
388 774 517 859 γένοιτο
542 773 653 861 ἕτερος
671 775 731 841 τοῦ
753 774 839 841 θεοῦ
858 770 960 858 λόγου
979 773 1034 839 καὶ

65 878 123 962 τῆς
145 871 357 964 πρωτοτόκου
381 880 501 962 σοφίας
525 875 586 942 τού
607 901 644 942 τε
668 875 790 942 ἐνθέου
808 870 1033 961 γεννήματοςς

35 983 37 989 '
68 973 201 1056 εἰκότως
219 972 284 1065 ἀρα
302 977 359 1044 καί
376 970 635 1065 ἀρχιστράτηγος
651 971 825 1063 δυνάμεως
839 981 960 1063 κυρίου
979 978 1034 1043 ἐπὶ

65 1084 123 1147 τού
141 1075 304 1166 παρόντος
323 1072 511 1165 ἀνείρηται,
531 1070 575 1172 ᾧς
594 1078 650 1145 καί
666 1073 811 1163 μεγάλης
829 1079 955 1162 βουλῆς
974 1073 1034 1162 άγ-

26 1208 51 1247 10
65 1187 159 1265 γελος
178 1181 215 1248 έν
235 1180 369 1266 ἑτέροις,
388 1179 443 1246 καὶ
461 1174 651 1266 σύνθρονος
667 1179 728 1245 τού
745 1176 879 1264 πατρὸς,
898 1175 1034 1258 αἰώνιός

63 1307 99 1348 τε
117 1279 173 1347 καί
197 1281 300 1367 μέγας
323 1274 504 1367 ἀρχιερεύς.
545 1283 575 1348 4.
595 1277 829 1347 ἀποδέδεικται
854 1278 891 1346 δὲ
909 1275 959 1347 ὅτι
978 1281 1033 1347 καὶ

34 1406 44 1423 ’
64 1378 178 1468 κύριος
196 1381 253 1447 καὶ
270 1376 350 1459 θεός
363 1377 380 1447 ὁ
395 1375 506 1467 αὐτὸς,
525 1381 581 1448 καί
594 1377 736 1469 Χριστὸς
753 1373 820 1447 ύπό
833 1382 894 1448 τού
911 1376 1033 1468 πατρὸς

65 1485 165 1572 ε’λαίφ
184 1476 412 1567 ἀγαλλιάσεως
428 1482 651 1569 κεχρισμένος.
677 1485 722 1571 τῷ
737 1479 798 1567 μὲν
810 1469 871 1549 οὖν
886 1478 1031 1568 Ἀβραάμ
1046 1508 1060 1549 ο

64 1580 154 1671 παρά
170 1588 211 1671 τῇ
231 1586 311 1670 δρυῒ
331 1583 449 1669 φανείς
469 1584 505 1650 ἐν
525 1579 711 1670 ἀνθρώπου
725 1585 809 1650 εἰὸει
822 1585 955 1672 γαληνῷ
975 1583 1031 1650 καί

26 1711 50 1751 15
65 1689 222 1775 εἰρηυαίφ
241 1679 381 1771 σχήματι
398 1678 518 1753 ἑαυτὸν
535 1680 768 1768 ὑποδείκνυσι,
786 1679 849 1769 την
867 1679 1033 1769 σωτήριον

64 1790 111 1866 εἰς
129 1779 332 1874 ἀνθρώπους
346 1779 449 1854 αὑτοῦ
462 1791 651 1874 παρουσίαν
666 1786 698 1866 ἐξ
714 1786 843 1853 ἐκείνου
857 1810 1032 1873 προοιμια-

62 1882 213 1976 ζόμενος,
231 1889 278 1978 τῷ
297 1886 335 1954 δέ
348 1883 466 1974 Ἰακοάβ
476 1939 485 1974 ,
505 1880 550 1967 αἱς
567 1883 695 1974 ἀσκητη
708 1886 764 1954 καί
782 1881 951 1975 ἀγωνιστῇ
970 1912 1031 1953 πα-

62 1994 171 2056 λαίειν
194 1985 276 2076 ’πρὸς
300 1984 443 2075 ἐχθρούς
460 1989 517 2056 καί
534 1982 759 2075 ἀγωνίζεσθαι
783 1989 953 2075 μέλλοντι,
977 1981 1030 2055 οἷα

62 2083 261 2176 άνθρωπος,
287 2097 411 2158 Μωσεῑ
434 2088 472 2157 δέ
495 2090 615 2180 καὶτῷ
634 2091 704 2180 λαῷ
723 2092 759 2157 έν
785 2095 869 2158 εἴδει
887 2090 1031 2176 νεφέλης

24 2217 49 2257 ιο
63 2189 119 2256 καί
137 2184 242 2276 πυρός
260 2200 455 2277 καθηγεῑτο,
474 2185 622 2278 φοβερόν
639 2186 722 2276 ὁμοῦ
740 2191 795 2258 καὶ
815 2192 1028 2276 ἐπεσκιασμέ-

61 2316 123 2359 νον
141 2291 295 2378 παρέχων
313 2286 443 2358 ἑαυτόν.
480 2293 509 2358 5.
531 2291 602 2359 ἐπεὶ
621 2290 658 2358 δὲ
676 2288 693 2358 ὁ
712 2292 772 2358 τού
788 2292 940 2370 Μωσέως
960 2289 1030 2358 διά-

63 2395 158 2477 δοχος
179 2385 303 2477 Ἰησοῦς
326 2395 495 2477 πολεμίοις
520 2398 637 2478 ἔμελλε
667 2388 937 2478 παρατάττεσθαι
961 2407 1030 2470 τοῖς

61 2489 97 2559 τό
122 2492 203 2578 πρὶν
227 2497 465 2561 Παλαιστίνων
495 2495 556 2579 γῆς
586 2487 796 2579 οἰκήτορσιν,
828 2487 1030 2578 ἀλλοφύλοις

60 2599 176 2662 έθνεσι
185 2593 241 2661 καί
250 2588 495 2681 ἀσεβεστάτοις,
507 2589 640 2672 εἰκότως
655 2590 736 2680 μετά
750 2595 916 2682 ῥομφαίας
930 2596 1029 2661 ε’σπα-

21 2720 47 2759 εε
61 2695 183 2782 σμένης
201 2696 256 2763 καί
275 2694 357 2764 κατά
380 2696 449 2764 των
472 2701 640 2783 πολεμίων
657 2689 863 2783 ἠκονημένης
880 2688 1029 2781 ύποφαί-

60 2820 169 2880 νεται,
193 2797 372 2883 μονονουχὶ
398 2793 453 2864 διά
476 2800 534 2883 τῆς
558 2792 665 2879 ὅψεως
697 2793 888 2876 ἐπιδεικνύς
912 2793 961 2864 ὅτι
986 2792 1027 2882 δὴ

61 2889 160 2974 αύτός
183 2892 314 2986 ἀοράτῳ
337 2900 485 2987 ῥομφαίᾳ
504 2897 612 2989 ἐνθέφ
636 2895 777 2985 δυνάμει
794 2896 872 2978 τούς
893 2892 1026 2984 ἀσεβεῖς
1040 2927 1096 2977 (ιιι)

60 2995 207 3083 μετιέναι
231 3002 346 3083 ἔμελλε
354 3048 364 3084 ,
387 3012 457 3076 τοῖς
482 3003 617 3076 οἰκείοις
642 2996 945 3088 συστρατευόμενος
971 3000 1027 3066 καί

61 3093 374 3185 συναγωνιζόμενος.
408 3093 459 3166 διὸ
473 3094 556 3166 κατά
569 3094 688 3188 καιρόν
702 3100 757 3168 καλ
766 3096 1027 3189 ἀρχιστράτηγον

22 3224 47 3263 ω
60 3204 180 3286 κυρίου
200 3194 320 3267 ἑαυτὸν
337 3194 574 3288 ἀνηγόρευσεν.

127 3433 144 3478 4
161 3432 233 3480 Dan.
248 3433 273 3494 7,
288 3432 328 3482 10.
