2326 3818
296 141 484 193 DEMONST.
501 139 634 194 εοεαε.
653 141 701 192 v1.
720 142 743 190 6.
763 143 790 191 τ.
967 139 1030 203 359

61 289 196 370 ἔρημον,
215 281 270 349 καὶ
290 278 463 362 διεξόδους
481 278 617 349 ῦδάτων
635 286 683 359 εἰς
702 284 811 365 δίψος,
829 283 894 367 γῆν
907 307 1029 370 καρπο-

61 380 170 471 φόρον
193 388 241 463 εἰς
265 377 374 469 άλμην
397 379 463 450 άπὸ
487 387 603 461 κακίας
626 385 695 449 τῶν
724 378 969 451 κατοικούντων
993 386 1030 451 ἐν

63 481 157 572 αὐτῇ.
195 488 293 552 ἔθετο
310 481 373 570 την
390 490 514 571 ἔρημον
533 488 580 562 εἰς
598 487 715 569 λίμνας
733 475 870 550 ῦδάτων
892 484 947 550 καλ
965 487 1030 572 γῆν

62 582 212 670 άνυδρον
239 590 286 664 εἰς
311 582 481 666 διεξόδους
498 577 644 652 ὐδάτων.
687 583 743 651 καὶ
761 579 945 674 κατῴκισεν
964 587 1033 654 ἐκεῖ

36 688 266 774 ιπεινῶντας,
286 687 342 755 καὶ
359 683 609 773 συνεστήσαντο
626 681 738 766 πόλεις
756 680 998 764 κατοικεσίας.”

138 793 168 858 3.
183 790 251 858 Καὶ
264 793 367 856 ταῦτα
380 792 495 877 σαφῶς
510 783 668 876 ὀνομαστὶ
681 785 743 875 τὴν
756 788 818 856 τοῦ
829 789 915 856 θεοῦ
930 783 1031 874 λόγον

63 891 95 971 ἐξ
113 885 269 978 οὐρανῶν
285 887 435 984 κάθοδον
449 887 704 978 εὐαγγελίζεται,
721 887 763 958 τά
775 917 810 959 τε
827 892 885 978 της
903 914 1033 977 παρου-

62 997 136 1072 σίας
160 986 265 1061 αῦτοῦ
293 990 545 1081 κατορθώματα.
592 986 811 1061 “άπέστειλε”
837 996 923 1079 γοῦν
949 992 1032 1079 φησὶ

56 1087 139 1162 “τόν
163 1089 264 1180 λόγον
288 1088 412 1179 αὐτοῦ,
442 1095 497 1164 καὶ
529 1090 643 1160 ἰάσατο
667 1088 824 1172 αὐτούς.”
868 1090 967 1180 λόγον
995 1093 1032 1161 δὲ

24 1221 48 1260 ιο
62 1196 147 1262 θεοῦ
163 1190 258 1280 ἡμεῖς
277 1196 392 1281 σαφῶς
409 1191 529 1262 τοῦτόν
542 1217 655 1280 φαμεν
664 1192 722 1262 τόν
736 1191 817 1281 πρὸς
831 1200 890 1262 τοῦ
909 1193 1033 1282 πατρός

62 1291 292 1363 ἀποσταλέντα
318 1297 421 1362 πᾶσιν
444 1290 639 1383 αἰνθρῶποις
663 1301 814 1382 σωτῆρα,
838 1289 879 1363 όν
902 1297 958 1362 καὶ
977 1292 1032 1362 διά

62 1398 130 1463 τῶν
148 1396 249 1481 ίερῶν
270 1392 475 1481 εὐαγγελίων
498 1402 673 1481 θεολογεῑν
699 1393 963 1482 πεπαιδεύμεθα.
1000 1399 1030 1462 4.
1046 1423 1101 1472 (ιω)

63 1501 242 1563 αἰνίττεται
263 1493 300 1563 δὲ
318 1497 374 1563 καὶ
392 1493 454 1582 την
478 1496 573 1583 μέχρι
590 1492 741 1565 θανάτου
759 1495 910 1566 κάθοδον
928 1493 1032 1563 αὐτοῦ

66 1594 121 1664 διά
134 1592 211 1675 τοῦς
226 1595 415 1685 ἐφθακότας
430 1602 477 1677 εἰς
486 1602 605 1665 τοῦτον
620 1598 879 1685 γεγεννημένην,
899 1599 955 1665 καί
968 1594 1032 1684 την

25 1725 49 1764 15
63 1724 102 1786 γε
119 1703 231 1767 αἰτίαν
247 1699 305 1785 της
323 1695 468 1787 ἀφίξεως
486 1694 592 1767 αὐτοῦ
608 1705 807 1788 παρίστησι,
826 1696 887 1787 την
904 1696 1033 1767 οἰπολύ-

63 1818 187 1888 τρωσιν
205 1801 379 1888 ἐμφαίνων
396 1803 464 1870 τῶν
477 1795 521 1868 δι’
544 1796 647 1870 αὐτοῦ
661 1801 919 1887 σωθησομένων.
955 1799 1032 1881 τούς

62 1899 126 1990 γάρ
151 1898 340 1990 ἐφθακότας
365 1905 427 1983 ἕως
451 1907 520 1971 τῶν
547 1905 665 1972 πυλῶν
682 1905 743 1971 τοῦ
760 1899 911 1971 θανάτου
930 1909 1034 1971 ἔσωσε

62 2000 163 2090 μόνος
181 2000 293 2082 αὐτός·
327 2001 464 2082 τούτους
484 2004 521 2071 δὲ
538 2004 594 2073 καλ
621 2002 784 2093 ἐρρύσατο
803 2001 981 2092 ἰασάμενος
1000 2007 1035 2072 ἐκ

62 2105 131 2170 τῶν
149 2106 349 2191 διαφθορῶν
367 2102 496 2172 αὐτῶν·
521 2107 576 2174 καί
591 2103 789 2192 διεπράξατό
803 2135 841 2192 γε
854 2109 958 2175 ταῦτα
972 2102 1034 2175 οὐκ

26 2199 211 2290 εοάλλωςῆ
237 2207 296 2272 τοῦ
320 2201 472 2274 θανάτου
494 2201 552 2285 τάς
576 2210 755 2293 λεγομένας
781 2205 888 2288 πύλας
912 2214 1035 2295 χαλκᾶς

64 2310 250 2391 συντρίψας
283 2306 339 2372 καὶ
367 2301 444 2384 τούς
474 2310 634 2395 σιδηροῦς
660 2306 802 2394 μοχλούς
832 2306 1060 2394 συγκλάσας.ι

63 2409 93 2473 5.
113 2406 169 2473 καὶ
189 2401 230 2491 δὴ
247 2401 329 2492 μετά
346 2407 449 2473 ταῦτα
466 2400 662 2485 άκολούθως
680 2405 883 2494 προφητεύει
906 2398 968 2492 τὴν
988 2414 1034 2485 εἰς

64 2513 188 2593 ἔρημον
206 2503 408 2577 κατάστασιν
430 2508 499 2575 τῶν
521 2504 567 2595 μὴ
592 2503 735 2576 ἐλθόντα
753 2508 1035 2595 παραδεξαμένων

64 2602 176 2677 αὐτόν.
214 2602 335 2678 “ἒθετο
358 2606 422 2700 γάρ
442 2607 556 2698 (φησί)
580 2605 747 2697 ποταμούς
771 2613 818 2688 εἰς
837 2613 960 2696 ἔρημον
978 2609 1033 2676 καὶ

25 2737 51 2777 25
66 2707 236 2791 διεξόδους
265 2707 401 2780 ὑδάτων
432 2717 479 2790 εἰς
512 2717 626 2799 δίψος,
658 2714 722 2799 γῆν
747 2708 963 2800 καρποφόρον
988 2716 1034 2790 εἰς

65 2806 174 2895 άλμην
187 2806 252 2878 άπὸ
266 2818 382 2892 κακίας
395 2818 464 2880 τῶν
478 2810 724 2903 κατοικούντων
739 2815 776 2884 ἐν
793 2808 912 2903 αὐτῇ.”
940 2808 962 2880 ά
979 2815 1035 2880 καὶ

65 2905 196 2994 νοήσεις
226 2905 430 2999 άναδραμῶν
459 2915 521 2981 τοῦ
538 2910 712 2984 Ἰουδαίων
743 2921 865 2994 ἔθνους
898 2916 951 2983 ἐπὶ
974 2913 1036 3000 τὴν

65 3007 168 3079 πάλαι
192 3013 367 3100 βοωμίνην
386 3007 617 3103 Ἰερουσαλὴμ,
641 3017 698 3083 καὶ
720 3013 783 3102 τὴν
802 3014 903 3098 δόξαν
921 3011 1035 3102 αὐτῆς,

65 3114 121 3181 καὶ
139 3108 201 3201 τὴν
219 3116 257 3182 εὐ
273 3117 346 3206 θεῶ
363 3122 608 3203 καρποφορίαν,
626 3119 695 3184 τῶν
713 3119 750 3185 ἐν
763 3113 849 3207 αὐτῇ
865 3125 1035 3185 πολιτευο-

27 3215 178 3303 νομένων
196 3208 302 3301 άγίων
327 3216 382 3284 καὶ
405 3219 580 3303 θεοφιλῶν
597 3212 734 3303 ἀνδρῶν
759 3219 813 3286 ἐπὶ
831 3223 890 3285 τοῦ
909 3213 1036 3305 παρόν-

65 3342 119 3395 τος
140 3317 370 3405 ἐστερημίνην.
413 3322 444 3385 6.
462 3313 544 3406 μετά
562 3315 625 3405 γάρ
643 3316 706 3405 τὴν
728 3323 788 3388 τοῦ
806 3320 955 3407 Χριστοῦ
971 3345 1037 3387 πα-

66 3424 207 3504 ρουσίαν
228 3420 368 3506 γέγονεν
392 3415 528 3507 άληθῶς
550 3415 698 3512 άκαρπος
725 3422 781 3490 καὶ
808 3417 959 3509 άνυδρος
980 3422 1042 3486 καὶ
1063 3458 1078 3483 ε
