2326 3818
151 113 214 175 49ss
560 110 708 161 Ευεεεεα

127 259 211 324 οτοῦ
233 249 361 341 Ἰσραὴλ
387 253 634 338 γενεαλογοῦσα
663 247 728 319 αἰπό
756 252 813 337 της
843 253 902 319 τοῦ
922 246 1033 320 Ἰούδα
1059 249 1126 342 τὴν

154 353 322 442 καταρχὴν
339 350 523 439 ἐποιήσατο.
561 354 672 421 ἕπεται
692 349 733 438 δὴ
752 342 813 421 οὐν
830 349 958 430 τούτοις
977 348 1126 422 όικολού-

152 467 223 535 θως
241 457 296 523 καὶ
316 458 352 523 έν
369 471 438 533 τοῖς
451 450 532 542 μετόι
545 459 650 522 ταῦτα
661 451 791 541 χρόνοις
805 451 867 539 την
882 445 989 539 αὐτην
1007 457 1127 542 φυλὴν

152 560 220 626 τῶν
238 559 364 625 λοιπῶν
381 553 556 643 ὁμολογεῖν
569 549 738 642 ἡγεῖσθαι,
759 561 790 624 εί
809 556 864 621 καὶ
883 557 919 623 ἐν
937 557 1030 641 μέρει
1050 554 1123 625 διό·

153 687 251 782 φορρι
269 654 544 745 προειστήκεισαν
561 659 620 725 τού
638 660 737 742 λαοῦ,
758 647 805 724 ῶν
823 651 941 723 οὐκέθ’
960 653 1043 743 ἡμῖν
1064 663 1146 728 δυ·ε

153 758 254 830 νατόν
280 754 553 846 έξακριβύζεσθαι
576 755 616 825 τό
639 760 740 845 γένη,
771 760 817 849 τῶ
842 757 932 875 μηδὲ
955 759 1125 846 φέρεσθαι

153 868 253 930 θείαν
278 866 396 944 βίβλον
415 859 488 938 ἐέξ
483 865 602 926 κείνου
620 861 787 946 καὶμέχρι
810 861 878 925 τῶν
895 862 954 925 τοῦ
974 866 1125 947 σωτῆρος

154 959 293 1049 χρόνων.
330 964 377 1027 16
397 957 485 1046 πλὴν
500 966 547 1042 είς
561 963 719 1028 τοσοῦτον
734 962 904 1044 διαρκέσαι
918 956 1014 1045 λόγος
1034 965 1126 1048 αίρεί

154 1059 257 1147 φύναι
277 1057 339 1145 τὴν
361 1065 420 1129 τοῦ
435 1057 542 1130 Ἰούδα
561 1057 689 1148 φυλὴν,
719 1057 800 1140 είς“
782 1083 862 1129 οσον
880 1088 916 1127 το
907 1055 1003 1128 πᾶν
1021 1069 1125 1142 ἔθνος

156 1165 331 1251 ἐλευθερίη
355 1162 410 1230 καλ
436 1158 617 1251 αὐτονομίᾳ
641 1158 812 1250 χρῶμενον
829 1157 895 1230 ὑπό
915 1168 1051 1241 οἰκείοις
1065 1160 1155 1252 ἄρα

76 1301 78 1305 ’
155 1287 272 1349 χουσιν
289 1263 344 1330 καὶ
363 1260 561 1352 ἡγουμένοις
581 1261 794 1332 ἐπολιτεύετο,
836 1265 934 1331 τούτο
953 1263 990 1331 δὲ
1008 1259 1124 1345 αὐτοῖς

156 1367 187 1445 ἐξ
207 1361 309 1453 ἀρχῆς
327 1362 453 1455 ὐπηρξε
478 1365 645 1452 καὶμέχρι
668 1367 735 1433 τῶν
755 1360 953 1452 Αὐγούστου
978 1362 1122 1452 χρόνων,

154 1461 235 1535 καθ’
255 1460 313 1545 ούς
328 1461 434 1554 Ἰησού
457 1468 517 1535 τού
540 1468 686 1555 σωτῆρος
704 1463 802 1554 ἡμῶν
825 1467 988 1553 φανέντος
1008 1469 1044 1534 ἐν
1063 1462 1121 1536 ἆν-

87 1593 142 1644 (369)
153 1563 303 1656 θρῶποις
321 1566 357 1635 τὸ
375 1574 442 1636 πᾶν
461 1573 561 1646 ἔθνος
581 1571 703 1636 δοῦλον
717 1562 886 1654 Ῥωμαίοις
905 1573 1122 1637 καθίσταται·

86 1693 139 1745 [τεο]
154 1670 209 1737 καλ
228 1663 302 1737 ἀντὶ
319 1673 387 1737 τῶν
405 1666 575 1756 πατρόθεν
588 1665 700 1748 αὐτοῖς
714 1670 769 1737 καί
783 1665 865 1736 κατὰ
878 1665 1001 1756 νόμους
1019 1664 1124 1756 ἡγου-
1135 1695 1157 1739 ιε

153 1773 265 1856 μένων
282 1772 410 1857 πρῶτος
425 1764 575 1857 Ἡρώδης
594 1765 780 1897 όιλλόφυλρς
795 1766 906 1837 αὐτῶν
920 1763 1047 1855 ἡγεῖται
1067 1771 1123 1839 καὶ

154 1867 310 1957 βασιλεύς
322 1868 530 1994 Az'Jyovfftog.
575 1871 664 1936 17.‘'
644 1898 704 1949 εως
722 1899 785 1957 μιν
809 1860 870 1939 οὐν
893 1866 1027 1939 οὐδέπω
1047 1876 1124 1940 δια-

154 1965 348 2039 λελοίπειω
321 1969 448 2093 ύρχων
475 1973 506 2049 ἐξ
528 1965 652 2057 Ἰούδα,
680 1964 803 2038 οὐδε
784 1968 967 2059 ηγούμενος
994 1975 1029 2040 ἐκ
1054 1975 1123 2042 τῶν

154 2075 269 2191 μηρῶν
288 2065 426 2155 αὐτού,”
447 2072 515 2138 τῶν
528 2074 741 2159 προφητειῶν
755 2076 790 2140 οι
804 2069 922 2192 χρόνοι
936 2077 1041 2160 ἕκτης
1055 2077 1123 2142 τῶν

154 2167 326 2259 ἀρχόντων
343 2176 401 2240 τού
421 2179 542 2253 ἔθνους
561 2177 780 2262 παραθέσεως
799 2170 1037 2260 ὐνεγρόφοντο
1067 2170 1122 2243 ού·
1135 2205 1158 2246 ιι

153 2299 217 2350 τως
244 2261 306 2341 οὐν
319 2270 497 2354 Ησαίαςέ
499 2303 518 2343 ν
545 2281 763 2366 βασιλείαζ
712 2273 778 2358 ’ζὈ
764 2304 817 2344 ιου
836 2272 913 2343 μαλ’
911 2272 1049 2344 Ιωόθαν
1068 2277 1123 2344 καλ

145 2370 246 2463 ’Ἀχαζ
273 2376 328 2443 καλ
355 2372 515 2464 Ἐζεκίου,
551 2384 586 2445 οί
614 2380 835 2463 ἐβασίλευσαν
863 2382 920 2462 τῆς
945 2374 1122 2464 Ἰουδαίας,

152 2475 382 2606 προφητεύει
410 2475 491 2546 18ss
477 2484 598 2564 ομοίως
625 2479 662 2546 δὲ
687 2481 742 2546 καλ
764 2474 869 2564 Ὠσηέ.
913 2469 1024 2546 όδὲ’
1021 2475 1123 2566 Αμῶς

154 2576 233 2647 ἐν
216 2577 409 2666 ημέραιςὈ
412 2585 480 2659 ζίου
506 2580 667 2664 βασιλέως
691 2574 819 2665 [ούδα,
845 2579 901 2646 καὶ
927 2576 1002 2647 έν
986 2582 1124 2666 ημέραις

126 2673 315 2799 ιἸεροβοόιμ
329 2684 407 2746 υίου
397 2674 523 2763 Ἰωόις,
544 2681 705 2762 βασιλέως
720 2674 860 2767 Ἰσραὴλ,
880 2707 936 2746 και
925 2681 1123 2767 Σοφονίας
1137 2709 1160 2752 ιε

155 2772 241 2843 ἐν“
222 2779 359 2865 ημέραις
385 2775 531 2864 Ἰωσίου,
562 2781 640 2847 υίού
663 2773 784 2868 Ἇμῶς,
817 2783 978 2865 βασιλέως
1004 2778 1122 2851 Ἰούδα.

153 2873 273 2963 ὁμοίως
299 2878 336 2947 δὲ
356 2880 411 2947 καὶ
425 2875 589 2968 Ἱερεμίας.
622 2875 694 2949 ἀλλ’
716 2876 771 2951 ότε
786 2883 974 2952 ἐκλέλοιπεν
986 2880 1124 2972 “όίρχων

155 2978 186 3058 ἐξ
202 2972 312 3046 Ἰούδα
338 2983 392 3049 καλ
416 2978 599 3069 ἡγούμενος
619 2984 655 3050 έκ
680 2986 748 3052 τῶν
765 2987 881 3072 μηρῶν
905 2979 1043 3071 αύτού,”
1064 2991 1123 3073 τῆς

156 3075 210 3148 διό
241 3082 302 3149 τού
326 3086 471 3170 Χριστοῦ
502 3087 796 3173 προφητευομένης
827 3092 1028 3176 προσδοκίας
1055 3091 1124 3157 τῶν

155 3185 266 3252 ἐθνῶν
279 3179 359 3252 ὅσον
376 3179 469 3253 ούπω
482 3182 666 3273 μελλούσης
681 3184 878 3274 ἐπιλόμπειν
892 3190 939 3279 τῶ
951 3194 1026 3277 βίην,
1046 3184 1122 3256 οὐκ·
1137 3221 1161 3261 αι

154 3283 201 3349 έτι
219 3285 280 3370 μὲν
299 3292 447 3372 βασιλεῖς
464 3284 684 3374 ἐχρημάτισαν
698 3283 824 3375 Ἰούδα,
843 3284 924 3357 οὐδὲ
942 3285 1123 3375 ἡγούμενοι

150 3375 292 3470 Ἰσραήλε
328 3392 375 3455 19.
394 3384 522 3457 τούτων
541 3388 579 3457 δὲ
601 3406 673 3470 ταῖς
692 3396 907 3479 προφητείαις
925 3384 1122 3472 ἀκολούθως
