2326 3818
141 124 205 187 294
543 123 693 175 EUSEBII

138 282 207 345 τοῖς
238 260 394 352 οὐρανοῖς
426 266 481 331 καὶ
509 262 550 332 τό
569 264 622 331 ἐπὶ
640 267 698 350 της
716 266 776 349 γῆς
798 271 864 333 είτε
880 260 1020 352 θρόνοι,
1049 278 1121 339 είτε

139 362 340 452 κυριότητες,
361 376 426 435 είτε
444 360 561 452 ἀρχαὶ,
582 373 647 435 είτε
667 367 821 447 ἐξουσίαι.
863 362 904 431 τό
927 362 1047 438 πάντα
1066 366 1118 439 δι’

140 463 244 536 αῦτοῦ
268 469 323 536 καὶ
349 474 396 547 είς
421 462 523 535 αῦτὸν
546 473 709 551 ἔκτισται,
740 467 796 534 καί
824 461 924 543 αῦτός
947 470 1025 537 έστι
1050 470 1118 559 τρδ

139 566 285 654 πόντων,
305 570 361 637 καὶ
378 569 418 637 τδι
436 567 545 636 πάντα
564 562 610 634 δι’
631 564 737 635 αὐτοῦ
753 562 966 652 συνέστηκε.”
987 582 1118 661 κεκλη-

138 700 191 740 ται
210 672 265 739 καὶ
283 673 368 740 θεοῦ
387 669 528 755 δύναμις
546 668 602 735 καὶ
620 670 706 736 θεοῦ
723 674 834 755 σοφία.
874 662 961 736 αῦτόι
984 669 1032 761 δὴ
1051 665 1140 745 οῦνο

137 777 242 843 ταῦτα
260 770 431 860 πρόκειται
442 772 498 838 καί
509 771 574 840 νῦν
587 765 652 836 ἀπὸ
665 773 732 838 τεόν
746 763 836 856 παρόι
845 762 1014 855 Ἑβραίοις
1029 800 1117 865 προ-

141 874 292 963 φητικῦν
315 877 456 959 γραφῶν
481 874 741 955 έξανθίσασθαι,
773 867 817 951 ὦς
842 864 884 939 όν
909 868 966 939 διδ
990 876 1054 962 τῆς
1080 880 1118 949 ἐν

144 975 309 1061 ἑκατέροις
327 990 395 1053 τοῖς
412 976 526 1062 μέρεσι
544 978 741 1059 συμφωνίας
754 964 775 1058 ἡ
791 974 851 1041 τοῦ
865 967 1017 1057 ἀληθοῦς
1032 972 1117 1048 ἅτιό·

142 1078 242 1155 δειξις
268 1080 508 1161 παρασταθείη.
550 1077 600 1141 35.
632 1070 694 1161 χρὴ
720 1072 758 1141 δὲ
774 1070 820 1161 μὴ
838 1070 975 1159 ἀγνοεῖν
1004 1073 1061 1147 ὅτι
1084 1084 1119 1149 οί

140 1176 201 1264 μὲν
220 1187 308 1245 θεῖοι
327 1179 468 1265 χρησμοὶ
491 1171 578 1244 πολῦ
602 1170 638 1242 τό
657 1176 712 1243 καλ
737 1172 818 1259 πρός
845 1176 934 1256 λέξιν
952 1178 1011 1245 καλ
1029 1177 1115 1266 πρὸς
1127 1202 1149 1243 ιι

139 1275 293 1346 διάνοιαν
317 1274 490 1367 ὑπερφυὲς
515 1279 559 1365 τῇ
578 1271 742 1362 Ἐβραίων
766 1280 865 1363 φωνῇ
884 1278 1113 1369 περιέχοντες,

140 1378 305 1468 διαφόρου
316 1385 373 1466 τῆς
388 1383 441 1449 ἐπὶ
455 1375 492 1449 τό
501 1374 695 1465 Ἑλληνικόν
710 1379 885 1466 ἑρμηνείας
898 1376 1116 1471 τετυχήκασι,

138 1486 197 1551 τοῦ
222 1480 464 1570 δυσθεωρήτου
488 1478 593 1568 χάριν.
642 1477 872 1567 ἑβδομήκοντα
899 1475 930 1546 δ’
966 1470 1032 1550 οῦν
1055 1479 1115 1553 ἄν·

112 1589 217 1671 ιδρες
241 1578 374 1670 ἀθρόως
387 1581 536 1669 Ἑβραῖοι
555 1578 744 1670 σνμφσόνως
776 1576 878 1660 αῦτόις
902 1582 1116 1673 μεταβεβλή-

140 1706 248 1769 κασιν,
267 1679 318 1764 οἷς
335 1682 477 1772 μάλιστα
494 1679 553 1751 τόν
570 1685 654 1750 νοῦν
677 1684 896 1770 προσέξομεν,
922 1679 972 1750 ότι
992 1683 1037 1773 δὴ
1055 1688 1114 1755 καὶ
1125 1702 1147 1747 ιι

139 1791 178 1876 τῇ
197 1789 255 1854 τοῦ
273 1790 419 1871 Χριστοῦ
447 1788 604 1873 ἐκκλησίᾳ
627 1780 757 1863 τούτοις
781 1785 966 1870 κεχρῆσθαι
997 1792 1113 1871 φίλον.

139 1890 189 1954 36.
211 1892 241 1955 εί
259 1890 299 1955 δέ
314 1913 379 1955 που
398 1893 522 1972 γίνοιτο
537 1892 640 1972 χρεία,
660 1880 741 1954 οῦδὲ
755 1879 812 1962 τόις
826 1886 894 1952 τοῖν
907 1877 990 1971 μετα
1005 1893 1115 1958 ταῦτα

139 1989 312 2073 νεωτέρων
331 1990 544 2073 ἕρμηυεντῦυ
561 1983 719 2071 ἐκδόσεις,
739 1980 792 2066 αἷς
810 1991 912 2072 φίλου
931 1988 1033 2055 εἰσέτι
1048 1995 1115 2059 νῦν

137 2084 308 2167 Ἰουδαίοις
332 2090 494 2176 χρῆσθαι,
513 2083 803 2176 παραιτησόμεθα·
845 2081 888 2167 ῦς
915 2080 958 2155 όιν
983 2114 1116 2159 παντα-

141 2186 245 2276 χόθεν
262 2187 302 2256 τόι
319 2195 377 2278 τῆς
394 2187 595 2272 ἀποδείξεως
613 2186 695 2276 ἡμῖν
713 2189 927 2275 βεβαιοτέρας
940 2185 1037 2277 τῦχοι
1051 2218 1115 2261 πα·
1127 2212 1151 2255 ιι

141 2286 340 2377 ραστόσεως.
375 2290 503 2361 τούτων
521 2288 602 2379 ἡμῖν
620 2292 954 2377 πεπροοιμιασμέυων
973 2293 1116 2363 καὶτῶν

141 2394 269 2463 ἐνθέων
288 2398 414 2481 φωνοῦν
430 2391 495 2481 ἤδη
514 2388 633 2462 λοιπόν
651 2390 861 2481 έφαψόμεθα.

113 2528 127 2564 ε
218 2494 239 2563 Ι.
255 2489 362 2581 κἘγω
380 2491 400 2582 ἡ
419 2502 521 2581 σοφία
539 2491 775 2581 κατεσκηνωσα
792 2489 932 2580 βουλὴν,
951 2494 1008 2561 καὶ
1022 2498 1117 2580 γνοῦ-

140 2615 215 2682 σιν,
240 2597 295 2663 καί
315 2602 449 2664 ἔννοιαν
467 2593 531 2681 ἐγώ
556 2592 814 2683 έκεκαλεσσίμην.
855 2591 960 2679 φόβος
990 2602 1115 2680 κυρίου

141 2713 234 2784 μισεῖ
248 2692 401 2781 ἀδικίαν,
428 2692 531 2782 ῦβριν
548 2724 583 2764 τε
602 2697 657 2764 καλ
676 2692 914 2784 ὑπερηφανίαν
936 2695 992 2763 καὶ
1011 2688 1151 2778 δδοῦςὶί

141 2800 306 2885 πονηρῶν.
334 2802 499 2884 μεμίσηκα
518 2797 554 2866 δὲ
573 2794 637 2883 έγσδ
656 2799 917 2886 διεστραμμένας
935 2788 1038 2877 όδοῦς
1051 2824 1115 2865 κα-

142 2899 219 2965 κῶν.
261 2895 321 2985 ἐμὴ
348 2896 453 2987 βουλὴ
471 2900 527 2967 καὶ
551 2895 733 2987 ίισφαλεια,
759 2896 819 2986 ἐμὴ
844 2893 1022 2985 φρόνησις,
1050 2898 1114 2989 έμή

143 2997 180 3066 δὲ·
200 2996 301 3086 ἰσχῦς.
330 2995 371 3067 δι’
392 3003 474 3087 ἐμοῦ
491 3008 640 3087 βασιλεῖς
657 2998 907 3087 βασιλεύουσιν,
927 3000 1036 3068 καλοί
1053 3005 1112 3068 δυ-

141 3097 260 3170 νόσται
278 3100 446 3188 γράφουσι
469 3100 697 3189 δικαιοσύνην.
742 3097 782 3169 δι’
810 3104 890 3189 ἐμοῦ
915 3103 1113 3187 μεγιστᾶνες

142 3201 402 3290 μεγαλόνουται,
428 3205 483 3271 καὶ
502 3201 662 3290 τύραννοι
681 3198 723 3272 δι’
750 3206 831 3291 ἐμοῦ
854 3206 1013 3289 κρατοῦσι
1030 3204 1109 3289 γῆς·
1123 3224 1151 3267 ιο

200 3369 347 3378 ——-—-—

212 3437 227 3484 5
251 3435 441 3496 1.00r.1‚24.
596 3436 629 3485 23
649 3434 729 3486 Prov.
743 3436 768 3497 8,
789 3435 828 3483 12.
