2326 3818
102 89 123 149 4
510 85 660 135 υυειιοιι

104 223 221 313 βολάς,
245 227 466 312 συκοφαντῶν
484 232 699 314 κατηγορίας,
724 228 891 294 δικαστῶν
914 232 1067 315 κατακρί-

104 350 184 411 σεις,
202 321 316 412 όβρεις
336 323 486 413 ἀτίμους,
504 322 664 412 μάστιγας
684 322 853 414 ἐντόπους,
873 325 1069 414 δυσφήμους

105 434 283 515 λοιδορίας,
303 429 355 496 ἐπὶ
374 424 525 497 πάσιτόν
545 429 773 497 ἐπονείδιστον
786 426 947 514 θάνατον,
966 425 1070 497 αὐτοῦ

103 555 139 597 τε
166 530 219 598 ἐπὶ
242 527 371 611 τούτοις
395 524 525 616 σιωπήν
542 525 752 617 θαυμάσιον,
777 526 944 616 πραότητα
961 555 997 598 τε
1015 532 1070 598 καί

104 638 300 722 καρτερίαν,
319 629 491 720 ἀμήχανόν
508 656 543 700 τε
561 626 644 718 όσην
657 627 831 718 ὑπομονὴν
848 633 904 699 καὶ
921 627 1096 713 άνεξικα-ο

103 743 190 804 κίαν.
244 738 273 802 6.
298 737 402 803 ταῦτα
434 733 470 801 δὲ·
499 729 607 802 πάντα
635 728 791 818 άντικρυς
821 733 897 818 περί
929 727 1004 812 ἑνὸς
1035 736 1071 802 ἐν

103 831 259 915 ὑστάτοις
283 835 362 904 ποτε
386 831 515 922 χρόνοις
545 831 680 920 ἥξοντος
709 834 764 902 καὶ
790 839 926 902 τοιαῦτα
951 837 987 903 ἐν
1004 831 1071 905 άν-

105 935 255 1025 θραόποις
279 939 479 1023 πεισομένου
509 938 624 1024 σαφῶς
648 929 695 1004 δι’
715 923 763 1017 τόν
787 927 1008 1023 προειλήφασι
1031 935 1071 1005 τά

105 1045 288 1106 παλαίτατα
302 1032 465 1125 Ἐβραίων
489 1044 667 1124 παρίστησι
690 1035 801 1124 λόγια,
827 1032 1071 1124 ἐπιμαρτυρού-

104 1168 189 1227 μενα
211 1138 273 1227 τήν
296 1139 376 1227 μετά
400 1137 550 1208 θάνατον
580 1141 615 1207 ἐκ
638 1142 768 1226 νεκρῶν
796 1133 982 1224 ἀναβίωσιν
1011 1142 1071 1208 τοῦ
1084 1169 1108 1208 ιο

106 1244 331 1329 δηλουμένου,
360 1240 422 1329 τήν
446 1257 514 1319 τοῖς
544 1238 649 1309 αὐτοῦ
671 1251 836 1328 μαθηταῖς
867 1242 1069 1329 φανέρωσιν,

103 1341 164 1431 τήν
182 1348 241 1413 τοῦ
259 1351 357 1413 θείου
381 1339 568 1430 πνεόματος
588 1348 634 1423 είς
653 1332 776 1422 αότοός
793 1339 989 1431 μετάδοσιν,
1008 1339 1070 1430 τήν

104 1452 149 1526 είς
167 1443 330 1534 οὐρανοὺς
356 1442 480 1514 άνοδον
511 1440 634 1532 αὐτοῦ,
666 1441 728 1532 τήν
758 1442 882 1531 πατρὸς
905 1451 1070 1534 ἔνθρονον

103 1554 276 1633 βασιλείας
294 1551 447 1634 ἵδρυσιν,
472 1543 534 1632 τήν
553 1549 606 1614 ἐπὶ
625 1554 800 1635 συντελείᾳ
817 1552 877 1615 τοῦ
894 1552 972 1632 βίου
992 1550 1070 1614 δευ-

102 1650 202 1737 τέραν
234 1635 335 1726 αὖθις
371 1648 532 1733 ἐσομένην
569 1649 705 1726 ἔνδοξον
736 1642 838 1716 αὐτοῦ
869 1653 1067 1736 παρουσίαν.
1085 1674 1107 1713 ιτ

104 1753 131 1816 λ.
154 1749 206 1816 ἐπὶ
225 1751 306 1816 πάσι
324 1745 454 1827 τούτοις
472 1743 621 1834 θρήνους
640 1743 766 1835 άκοόση
786 1749 841 1816 καὶ
859 1743 1070 1837 ὀλοφυρμοὺς

102 1847 243 1918 ἑκάστου
261 1854 329 1918 τῶν
353 1851 534 1937 προφητῶν
558 1846 725 1935 διαφόρως
743 1845 996 1938 ὀλοφυρομένου
1014 1851 1070 1919 καὶ

102 1947 367 2037 άποκλαιομὲνου
392 1946 453 2019 ὅσα
479 1946 515 2018 τό
538 1947 711 2020 Ἰουδαίων
739 1957 839 2030 ἔθνος
863 1954 921 2038 τής
946 1958 993 2033 είς
1010 1948 1070 2022 τόν

103 2054 379 2142 προκηρυχθέντα
393 2056 591 2137 δυσσεβείας
606 2055 703 2120 ἕνεκα
715 2051 977 2140 μετελεύσεσθαι
984 2049 1070 2123 κακά

103 2160 257 2240 ἔμελλεν,
277 2147 321 2234 ὡς
339 2150 374 2222 τὸ
393 2159 564 2240 βασίλειον
581 2151 693 2223 αὐτῶν
707 2150 843 2224 άνωθεν
862 2157 898 2222 ἐκ
915 2158 1069 2245 πατέρων
1083 2183 1108 2222 εο

61 2277 88 2325 16)
105 2261 150 2336 είς
170 2258 319 2335 ἐκείνους
338 2258 518 2344 διαρκέσαν
534 2250 611 2336 τοὺς
629 2251 764 2341 καιρούς
783 2259 928 2342 παντελῆ
947 2264 1070 2326 καθαί-

102 2379 196 2444 ρεσιν
214 2354 296 2445 μετά
314 2356 375 2445 τήν
396 2355 483 2427 ,κατά
501 2361 649 2445 Χριστοῦ
672 2354 797 2446 τόλμαν
815 2355 927 2426 αὐτῶν
943 2354 1071 2445 ὑπομε-

102 2476 170 2547 νεῖ,
190 2455 235 2540 ὦς
253 2465 288 2529 οἱ
304 2458 436 2549 πάτριοι
454 2457 566 2529 αὐτοῖν
590 2457 686 2546 νόμοι
704 2454 1006 2544 καταλυθήσονται,
1026 2452 1070 2534 ὡς

102 2564 159 2645 τῆς
184 2564 325 2640 παλαιάς
348 2566 530 2647 θρησκείας
557 2556 669 2627 αὐτῶν
699 2552 1000 2646 ἀποστερήσονται,
1026 2553 1070 2638 ὡς

103 2664 160 2746 τῆς
180 2663 215 2729 ἐκ
238 2657 414 2748 προγόνων
440 2657 639 2746 αὐτονομίας
664 2661 899 2743 ἐκπεσοῦνται,
925 2654 969 2739 ὡς
992 2654 1065 2727 ἄντ’
1083 2685 1108 2725 25

105 2764 294 2848 ἐλευθέρων
312 2765 426 2830 δοῦλοι
444 2763 512 2830 τῶν
531 2763 664 2849 ἐχθρῶν
682 2755 958 2848 καταστήσονται,
985 2753 1029 2841 ὦς
1047 2754 1068 2848 ή

104 2859 259 2950 βασιλική
278 2860 477 2949 μητρόπολις
503 2859 615 2931 αὐτῶν
632 2869 857 2947 πυρίκαυστος
882 2860 1068 2950 γενήσεται,

105 2961 148 3044 ὡς
166 2960 202 3033 τό
220 2961 343 3050 σεμνόν
362 2959 475 3032 αὐτῶν
492 2964 548 3032 καί
566 2959 670 3051 ἁγνόν
689 2961 779 3052 ἱερὸν
803 2961 996 3052 ἐμπρησμὸν
1014 2967 1069 3033 καὶ

105 3064 245 3155 ἐσχάτην
264 3069 404 3153 ε’ρημίαν
421 3062 601 3153 ὑπομενεῖ,
620 3058 664 3144 ὦς
682 3059 754 3134 άντδ
773 3069 842 3134 τοῖν
859 3063 962 3135 πάλαι
980 3071 1069 3152 οίκη·

104 3167 211 3257 τόρων
227 3161 293 3236 ὑπό
312 3162 513 3255 άλλοφόλων
538 3161 688 3253 ἐθνῶνή
712 3165 805 3248 πόλις
830 3165 943 3237 αὐτῶν
961 3194 1068 3234 κατοι·
1083 3192 1107 3232 σο

105 3267 317 3356 κισθήσεται,
342 3264 385 3350 ὡς
404 3274 451 3350 είς
469 3267 577 3339 πάντα
594 3260 634 3339 τά
653 3276 737 3357 ἔθνη
756 3264 838 3338 καθ’
858 3265 937 3355 ὅλης
955 3273 1070 3336 οίιιου-

103 3373 204 3459 μένης
220 3369 515 3463 διασπαρήσονται,
530 3365 573 3453 ὦς
587 3365 699 3441 οὐκέτ’
715 3366 827 3450 αὐτοῖς
840 3367 860 3458 ή
874 3372 943 3439 τοόν
957 3373 1069 3437 κακῶν
