2326 3818
345 111 529 162 DEMONST.
548 109 682 168 Ενλαο.
702 112 754 164 111.
778 114 802 162 ε.
995 111 1054 175 157

165 256 214 322 74.
248 253 358 320 Ταῶτα
394 250 431 320 δέ
454 249 517 337 τὴν
552 252 584 331 ἐξ
616 254 729 320 ἐθνῶν
760 253 939 338 ἐκκλησίαν
969 249 1051 321 καθ’
1070 278 1083 317 ι

86 351 165 441 ὅλης
183 356 240 441 τῆς
263 354 461 441 οἰκουμένης
481 353 715 439 έξηπλωμένην
733 355 789 420 καὶ
800 349 864 422 ἀπό
883 351 1056 422 ἀνατολῶν

86 453 185 544 ἡλίου
207 456 303 544 μέχρι
321 455 461 542 δυσμῶν
479 459 750 540 παρατείνουσαν
767 451 784 522 ὁ
803 452 899 542 λόγος
920 450 1055 543 εὐαγγε-

86 565 226 642 λίζεται,
245 557 435 644 σαφέστατα
458 559 555 625 τοῦτο
581 553 742 644 παριστὰς
768 552 823 624 διά
842 558 903 625 τοῦ
915 553 933 578 “
944 558 999 624 καὶ
1017 555 1053 625 τὸ

60 662 218 747 εσπέρμα
235 679 298 727 σον
317 663 401 745 ἔθνη
420 651 687 744 κληρονομησει.”
709 661 758 725 75.
779 665 932 737 πλείονος
951 657 987 725 δὲ
1007 661 1054 738 ἐξ·

87 766 244 848 εργασίας
263 761 432 846 δεομένων
448 762 517 828 τῶν
535 757 618 827 κατὰ
635 754 693 828 τόν
718 755 838 846 τόπον,
863 755 1054 846 ἀρκούντως

87 864 142 932 ἐπὶ
161 864 221 932 τού
237 859 402 952 παρόντος
426 855 530 931 ταῦθ’
549 857 631 950 ἡμῖν
651 857 896 948 ἐπιτετμήσθω·
915 869 1055 930 πλείστα

63 955 69 959 ”
88 961 119 1033 δ’
141 958 184 1033 ἀν
202 965 257 1033 καὶ
276 960 376 1045 αὐτός
389 964 442 1031 ἐπὶ
457 962 578 1052 σχολῆς
595 958 820 1044 ἀναλέξασθαι
840 959 959 1032 δύναιο
978 965 1054 1048 περὶ

86 1070 146 1134 τοῦ
166 1067 397 1152 προκειμένου,
416 1067 472 1133 καὶ
489 1059 510 1152 ἡ
528 1067 682 1152 παροῦσα
706 1065 742 1133 δέ
766 1071 974 1153 πραγματεία
998 1067 1055 1150 της

51 1195 76 1234 10
90 1163 319 1254 Εὐαγγελικῆς
334 1162 551 1248 Ἀποδείξεως
568 1167 651 1234 κατὰ
669 1163 787 1253 καιρὸν
804 1169 927 1234 ἕκαστα
945 1191 1055 1251 παρα-

87 1264 234 1338 δῶσεταί
248 1264 559 1356 τεκαὶὲρμηνεύσει.
581 1272 630 1337 76.
643 1269 724 1347 τέως
732 1266 769 1335 δέ
778 1269 832 1335 ἐπὶ
850 1270 910 1336 τού
927 1266 1052 1353 παρόν-

85 1397 141 1449 τος
159 1375 217 1456 της
234 1372 301 1439 τῶν
319 1372 501 1457 προφητῶν
519 1370 596 1453 περὶ
614 1371 672 1456 τῆς
698 1370 759 1438 τοῦ
784 1370 934 1455 σωτῆρος
958 1364 1054 1456 ημῶν

86 1467 301 1560 προρρήσεως
319 1497 354 1539 τε
381 1472 436 1539 καὶ
454 1467 694 1558 προγνώσεως,
719 1470 774 1537 καὶ
799 1463 843 1550 ῶς
869 1472 973 1538 πᾶσιν
996 1465 1053 1538 ἀν-

86 1570 236 1660 θρώποις
273 1570 335 1658 τὴν
364 1575 432 1642 τῶν
463 1568 654 1659 μελλόντων
688 1568 829 1658 ἀγαθῶν
864 1577 1119 1656 παρουσίανοω)

47 1671 331 1763 ιεεύηγγελίζετο,
356 1678 480 1755 ἱκανῶς
504 1679 571 1762 ἔχει
594 1671 634 1741 τά
659 1677 827 1762 εἰρημένα,
854 1699 1054 1761 προαναφω-

84 1780 210 1846 νοῶντα
228 1773 404 1864 προφήτου
421 1772 511 1855 τινός
529 1771 660 1863 ἀφιξιν,
680 1777 736 1844 καί
754 1770 929 1861 εὐσέβειαν
954 1803 1051 1863 νομο-

85 1879 188 1948 θέτου
216 1888 339 1949 Μωσεῐ
353 1884 606 1965 παραπλησίου,
621 1878 717 1964 γένος
735 1903 770 1946 τε
790 1874 895 1946 αύτοῦ
913 1878 969 1945 καὶ
988 1905 1055 1963 φυ-

85 1978 148 2067 λην
172 1984 229 2049 καὶ
251 1977 354 2050 τόπον
376 1976 461 2049 ὅθεν
485 1976 739 2066 προελεύσεται,
766 1976 888 2067 χρόνον
910 2006 945 2047 τε
972 1976 1050 2047 καθ’
1086 1993 1088 1997 ‘

85 2077 126 2148 δν
143 2078 235 2167 ἥξειν
253 2078 517 2170 προφητεύεται,
542 2082 598 2149 καὶ
622 2083 773 2168 γένεσιν,
801 2081 856 2149 καί
882 2079 1053 2168 τελευτὴν,

48 2208 74 2248 νο
88 2182 142 2250 καὶ
161 2177 360 2271 ἀναβίωσιν,
380 2184 435 2252 καὶ
454 2173 561 2271 ἀρχὴν
579 2181 641 2269 τὴν
664 2181 747 2251 κατὰ
768 2179 905 2251 πάντων
930 2185 1053 2266 ἐθνῶν,

86 2279 167 2370 ἀδη
183 2282 291 2352 πάντα
315 2287 480 2373 παρέστη,
507 2287 562 2352 καί
589 2291 637 2352 ἔτι
655 2286 781 2370 μᾶλλον
806 2279 862 2351 διά
884 2285 952 2352 τῶν
976 2285 1051 2370 έξης
1066 2309 1107 2357 ιιι)

87 2383 336 2472 παραστήσεται
356 2388 409 2456 ἐπὶ
427 2384 530 2474 μόνον
544 2381 808 2471 τὸνσωτηρακαὶ
822 2381 940 2467 κύριον
957 2379 1054 2470 ἡμῶν

86 2491 398 2576 σνμπεπερασμένα.
449 2493 497 2557 73.
525 2483 610 2556 ἀλλά
627 2489 730 2555 ταῦτα
747 2484 808 2573 μὲν
826 2481 890 2554 ἀπό
914 2488 982 2553 τῶν
1007 2489 1054 2553 ίε-
1070 2521 1082 2558 ι,

86 2591 156 2679 ρῶν
184 2595 309 2676 λογίων
332 2606 401 2671 τοῖς
425 2586 641 2659 πιστεύουσιν
664 2583 776 2674 ρύτοῐς
805 2591 1053 2675 παρατέθειται·

47 2709 154 2772 εστολς
179 2687 211 2761 δ’
236 2689 417 2762 ἀπειθοῦσι
445 2707 517 2771 ταῖς
543 2705 763 2778 προφητικαῖς
787 2704 933 2777 γραφαῖς
960 2693 1054 2769 ἰδίως

85 2790 332 2881 ἀπαντήσομεν,
358 2787 402 2873 ῶς
419 2794 496 2880 περὶ
520 2788 642 2879 ἀνδρὸς
672 2794 787 2862 κοινού
813 2794 869 2860 καὶ
892 2807 960 2873 τοῖς
985 2800 1055 2860 λοι-

85 2909 159 2974 ποῖς
178 2901 413 2982 παραπλησίου
427 2896 507 2974 τέως
526 2891 587 2980 τὴν
601 2895 748 2975 ἐξέτασιν
762 2889 966 2980 ποιούμενοι,
985 2899 1053 2979 ἵνα,

83 2993 210 3066 ὁπόταν
237 2993 374 3066 πάντων
398 2997 465 3064 τῶν
490 2998 523 3078 ἐξ
553 2998 673 3075 αἰῶνος
707 2996 903 3082 βοηθέντων
936 2997 971 3063 ἐν
996 2993 1053 3062 ἀν-

85 3095 236 3188 θρώποις
254 3095 340 3166 πολύ
358 3101 519 3184 κρείττων
536 3091 726 3188 ἀσυγκρίτφ
738 3091 887 3184 ύπεροχη
907 3097 962 3164 καί
983 3101 1052 3163 δια-

45 3221 71 3262 30
85 3203 200 3290 φέρων
218 3194 433 3289 ἀναφανῄ,τὸ
451 3195 609 3286 τηνικάδε
616 3200 672 3267 καὶ
685 3195 1053 3285 τάπερὶτῆςθειοτέρας

85 3297 188 3372 αύτοῦ
206 3298 339 3389 φύσεως
357 3297 440 3369 κατὰ
458 3296 575 3389 καιρόν
594 3297 823 3388 διαλάβωμεν,
851 3301 883 3381 ἐξ
902 3301 1053 3386 ἐναργῶν

85 3409 153 3473 τῶν
184 3400 389 3486 ἀποδείξεων
418 3403 644 3492 παριστῶντες
674 3396 718 3482 ῶς
748 3397 813 3472 οὐκ
844 3397 1078 3488 ἀνθρωπείας
