2326 3818
152 107 213 171 196
558 107 709 160 Ευεωειῑ

149 254 238 328 τείας
263 245 482 335 πεποιηκότα,
514 242 552 328 όὶς
583 242 705 338 ιἰρτίως
730 244 966 336 διεξήλθομεν,
999 250 1034 316 ἐκ
1058 252 1125 318 τοῦ

81 377 134 428 ρει)
152 347 339 438 αὐτομάτου
357 356 507 419 τοιοῦτον
524 351 649 437 φύναι,
668 346 751 437 μήτε
768 348 857 439 παρὰ
871 350 1022 418 παλαιῶν
1042 351 1122 440 ἐρα·

150 448 330 540 νισόμενον
347 448 421 540 μήτ’
444 453 479 520 ἐκ
498 451 585 519 νέων
607 447 820 519 διδασκάλων
844 450 1062 538 ὠφελημένον
1080 448 1122 521 τά

151 549 246 643 ὅμοια
264 555 320 623 καὶ
338 551 402 643 πρὸ
421 550 525 621 αὐτοῦ
543 549 784 639 πεποιηκότων,
803 558 838 621 τί
852 547 933 620 ἄλλο
951 547 972 638 ή
991 579 1122 643 μαρτυ-

150 652 303 746 ρούντων
322 655 391 724 ἐστὶ
409 655 464 723 καὶ
479 649 731 742 ὁμολογούντων
745 664 842 722 θεῖον
855 648 990 740 ὐληθως
1009 656 1148 743 χρήμας

150 758 344 845 γεγονέναι,
363 755 418 823 καὶ
437 757 548 823 πᾶσαν
565 750 752 842 όινθρεόπου
769 752 874 841 φύσιν
891 751 1123 844 ὑπερβεβηκέ-

149 887 206 928 ναι
223 854 282 926 τόν
297 852 522 943 δηλούμενον;
540 859 591 924 28.
611 851 695 924 ἄλλά
710 853 922 936 διδασκάλοις
936 854 1040 926 αὐτὸν
1054 856 1121 948 φής

150 958 413 1047 προσεσχηκέναι
431 952 587 1042 πλάνοις,
605 957 691 1044 μηδὲ
712 965 833 1025 λαθεῖν
853 952 956 1025 αὐτόν
974 954 1014 1025 τά
1032 955 1121 1046 σοφά

149 1064 219 1127 των
237 1063 435 1144 Αἰγυπτίων
455 1059 515 1127 καὶ
538 1059 605 1126 των
623 1054 726 1126 πάλαι
744 1054 822 1145 παρ’
846 1052 959 1137 αὐτοῖς
983 1061 1122 1147 λεγομέ-

150 1188 221 1228 νων
238 1156 278 1227 τόι
296 1156 484 1250 ἀπόρρητα,
505 1153 584 1249 παρ’
605 1147 653 1228 οἶν
666 1157 911 1247 συλλεξάμενον
925 1155 1034 1248 όίυδρα
1050 1187 1120 1229 τοι·
1133 1197 1159 1237 10

124 1266 268 1348 τοῦτον,
293 1255 367 1331 οἷον
389 1259 407 1330 ὁ
432 1263 528 1347 λόγος
553 1266 771 1350 παρίστησιν,
797 1256 1051 1386 ἀποδειχθῆναι.
1088 1268 1125 1331 τί

152 1351 294 1450 δήτα
253 1391 332 1448 ουν,
357 1391 378 1449 η
397 1389 484 1442 τινες
508 1358 603 1430 άλλοι
626 1369 796 1450 κρείττους
824 1357 927 1431 αὐτού
950 1363 1122 1451 πεφήνασι

151 1467 206 1533 καὶ
224 1461 378 1556 πρότεροι
404 1467 450 1555 τῷ
477 1460 585 1556 χρόνω
612 1466 668 1533 καὶ
694 1460 798 1532 αύτου
785 1460 1031 1584 διδάσκαλοι,
1058 1459 1120 1534 εἴτ’

153 1560 208 1635 ἐπ’
170 1563 410 1688 πΑίγύπτου
436 1560 504 1633 είθ’
524 1561 590 1651 ὅπη
609 1562 668 1651 δή;
695 1564 751 1632 29.
771 1570 806 1633 τί
828 1552 891 1632 οὐν
914 1559 1124 1652 οὐχὶκόικεί-

152 1694 223 1736 νων
241 1665 306 1787 πρό
324 1668 382 1752 της
400 1662 521 1734 τούτου
540 1672 739 1756 κατηγορίας
759 1671 910 1753 ἔφθασεν
928 1672 975 1745 είς
993 1663 1121 1747 πάντας
1136 1700 1161 1742 ιε

151 1762 398 1856 όινθροόπους
381 1793 401 1853 η
425 1762 537 1854 φήμη,
564 1761 585 1852 ή
611 1773 647 1835 τί
661 1763 706 1855 μή
733 1761 807 1854 οὐχὶ
831 1762 996 1836 κάκείνων
1022 1768 1124 1836 είσέτι

151 1869 217 1938 νύν
239 1865 275 1937 τό
300 1870 394 1948 κλέος
417 1864 534 1958 ᾄδεται
552 1873 598 1959 τῷ
615 1865 765 1959 ήμετέρφ
789 1874 1043 1956 παραπλησίωςς
1071 1874 1124 1948 τίς

155 1969 192 2036 δέ
208 1971 276 2037 τεόν
294 1964 352 2036 ὐπ’
373 1968 493 2048 αίωνος
511 1965 644 2038 πωποτε
655 1965 755 2056 γόης,
775 1965 943 2057 βάρβαρος
957 1963 1123 2056 ήἝλλην,

152 2066 312 2138 τοιούτων
340 2070 480 2155 κατέστη
507 2066 706 2150 διδάσκαλος
732 2073 899 2157 φοιτητοόν
929 2071 984 2138 καὶ
1011 2067 1126 2138 τοιού-

123 2207 135 2236 c
153 2197 221 2239 των
237 2167 351 2258 νόμων
368 2171 425 2239 καὶ
443 2167 552 2257 λόγων
570 2166 749 2259 αὐθέντης,
768 2176 850 2242 οἵων
867 2165 960 2258 ήτοῦ
974 2172 1122 2261 σωτῆρος
1136 2207 1162 2248 20

78 2331 80 2335 .
153 2268 247 2360 ήμῶν
266 2273 489 2341 ἐπιδέδεικται
515 2269 675 2361 δύναμις,
704 2268 808 2352 ίάσεις
836 2271 874 2339 δὲ
899 2269 1053 2342 τοσάσδε
1065 2274 1124 2342 καὶ

153 2371 362 2465 παραδόξους
381 2371 573 2463 εὐεργεσίας
590 2371 724 2443 τοιάσδε
731 2426 740 2461 ,
760 2378 832 2452 οἵας
850 2369 867 2442 6
887 2369 1043 2461 ήμέτερος
1062 2399 1124 2445 πε-

153 2472 299 2562 ποιηκός
325 2473 589 2565 μνημονεύεται,
621 2482 671 2555 τίς
698 2471 831 2543 ποόποτε
857 2471 1124 2564 διαπραξάμενος

154 2581 348 2665 ίστορείται;
375 2581 426 2645 30,
446 2582 535 2656 τίνος
550 2576 587 2644 δὲ
600 2580 635 2644 οί
645 2572 805 2664 γυοόριμοι
819 2577 956 2644 καὶτῶν
969 2573 1124 2700 πραγμά-

154 2705 222 2746 των
253 2674 415 2746 αὐτόπται
443 2672 499 2743 διά
525 2672 630 2764 πυρός
657 2677 712 2744 καὶ
740 2673 881 2765 σιδήρου
905 2674 1096 2764 δοκιμής
1059 2704 1162 2765 τηνεε

154 2767 285 2861 ὑπὲρ
259 2805 307 2845 ων
326 2773 559 2865 ἐμαρτύρησαν
582 2772 747 2864 όιλήθειαν
766 2773 1036 2846 ἐπιστεύσαντο“
1010 2798 1123 2865 ωσπερ

154 2866 218 2945 οὐν
236 2906 267 2945 οι
285 2880 345 2946 τοῦ
363 2883 509 2968 σωτῆρος
522 2874 617 2966 ήμων
630 2881 795 2966 μαθηταὶ,
814 2877 921 2958 πάσας
934 2878 996 2966 μέν
1014 2883 1124 2960 αίκίας

155 2973 375 3066 άυατλάντες,
394 3000 502 3058 πασας
520 2979 558 3047 δ
581 2977 739 3066 βασάνων
759 2980 850 3059 ίδέας
870 2977 1123 3068 ὑπομείναντες,

156 3081 211 3149 καὶ
230 3081 322 3160 τέλος
342 3077 398 3148 διά
421 3108 481 3149 του
469 3082 639 3149 ίδίου
608 3085 743 3169 αίματος
767 3110 807 3150 τα
794 3078 901 3169 περὶ
919 3076 1025 3151 αὐτού
1041 3108 1125 3171 μαρ-

155 3183 345 3271 τνρηθέντα
363 3176 476 3261 αύτοῖς
490 3179 749 3271 πιστωσάμενοι;
768 3187 818 3250 31.
838 3189 886 3251 ἔτι
899 3177 982 3271 πρός
995 3177 1124 3262 τούτοις
1142 3220 1159 3247 ι.

156 3277 173 3348 ὁ
197 3288 242 3373 τῷ
267 3281 316 3352 δι’
343 3287 495 3364 ἐναντίας
517 3281 599 3372 ήμϊν
623 3281 711 3376 λόγῳ
734 3280 977 3373 παριστάμενος
1000 3285 1124 3370 λεγέτω

128 3389 205 3462 ετίς
223 3386 290 3453 των
314 3382 447 3455 πύποτε
470 3383 600 3472 γοήτων
617 3379 682 3454 κάν
700 3391 747 3465 είς
764 3387 848 3454 νούν
869 3382 1024 3473 ἐβάλλετο
1042 3385 1124 3453 νέου
