2326 3818
146 118 211 181 494
565 113 712 164 Ευεεευ

147 257 232 346 ὁμού
254 252 313 326 τὸν
335 253 490 344 φήσαντα
514 249 605 348 αύτῷ
628 251 777 342 χρησμὸν
803 248 972 340 “βασιλείς
998 257 1037 324 ἐκ
1066 263 1132 349 τῆς

148 355 274 446 ὀσφύος
292 353 396 427 αύτού
415 351 664 439 έξελεύσουται”
686 352 741 423 διά
752 361 810 442 τῆς
822 351 943 424 τούτου
958 361 1131 450 διαδοχῆς

149 463 239 540 τέλος
262 457 431 546 λήψεσθαι
454 465 613 541 θεσπίζει,
657 454 826 546 πρόδηλον
852 453 914 543 γάρ
940 451 984 536 ὡς
1006 461 1044 527 έκ
1063 465 1129 550 τῆς

120 559 252 632 εἸούδα
269 565 378 648 φυλῆς
396 558 432 627 τὸ
451 556 625 647 βασιλικὸν
649 562 792 645 συνέστη
818 560 929 644 γένος·
958 555 1047 645 ὁμοῦ
1065 567 1126 633 καλ

148 660 204 743 τάς
227 668 287 732 τού
315 665 400 731 θεοῦ
423 658 622 748 προρρήσεις
645 658 781 739 καὶτὰς
804 664 872 728 τῶν
897 662 1010 728 έθυοῑν
1034 660 1149 735 ὑπο-ε

148 765 274 853 σχέσεις
297 760 377 831 καθ’
405 756 540 842 ὁποίους
559 757 773 847 ἐνστήσονται
797 757 937 849 χρόνους
955 770 1126 855 παρίστη-

149 890 215 951 σιν,
232 867 264 945 ἐξ
275 858 379 931 αύτοῦ
393 889 428 930 τε
441 859 704 947 προελεύσεσθαι
718 858 868 930 διδάσκει
882 859 941 932 τὸν
953 866 1126 950 μέλλοντα

82 988 134 1040 [ωε]
150 977 257 1034 αίτιον
283 961 551 1049 καταστήσεσθαι
574 967 655 1031 πᾶσι
677 979 745 1042 τοίς
775 970 891 1032 ἔθνεσι
915 964 970 1032 καί
995 963 1124 1049 πάσαις

149 1082 222 1145 ταῖς
245 1073 368 1152 φυλαῖς
391 1068 450 1151 τῆς
472 1067 534 1150 γῆς
562 1067 619 1151 τῆς
647 1071 880 1153 παραπλησίας
902 1068 949 1156 τῷ
968 1061 1123 1156 Ἀβραάμ

151 1163 313 1253 εὐλογίας.
343 1171 371 1234 8.
391 1169 495 1234 ταῦτα
512 1156 575 1236 οὖν
592 1161 723 1235 ἅπαντα
736 1157 779 1252 ῆν
791 1162 831 1233 τά
850 1163 1056 1255 ἀποκείμενα
1074 1171 1124 1261 τῷ
1132 1196 1155 1239 ιτ.

145 1264 272 1353 Ἰούδα,
299 1266 427 1354 δηλαδή
450 1263 491 1335 τά
514 1265 616 1335 πάλαι
642 1269 937 1356 προθεσπισθέντα
955 1271 1123 1354 περὶτῶν

103 1417 109 1427 -
150 1372 280 1456 ἐθνῶν,
304 1369 360 1439 καί
377 1365 413 1436 τὸ
433 1363 606 1455 “βασιλεῑς
625 1370 661 1436 έκ
679 1372 736 1454 τῆς
753 1364 880 1456 ὀσφύος
903 1389 965 1437 σου
991 1368 1123 1451 έξελεύ·

150 1466 298 1546 σονται.”
315 1469 430 1539 διὸκαὶ
439 1473 506 1538 των
520 1473 646 1539 λοιπῶν
655 1465 1121 1557 άδελφοῐνπροκριθεὶςβασι-

149 1577 242 1660 λικῆς
268 1576 378 1659 φυλῆς
404 1572 460 1639 καὶ
488 1572 768 1659 διαπρεπεστέρας
795 1568 884 1659 παρά
917 1568 975 1650 τάς
1002 1571 1121 1654 λοιπάς

120 1671 287 1760 εήξιάθη.
331 1677 359 1741 9.
385 1669 505 1740 αὐτίκα
530 1675 583 1741 ἐπὶ
614 1677 672 1758 τῆς
703 1669 881 1754 διατάξεως
905 1676 965 1741 τοῦ
995 1673 1156 1756 παντὸςιο

150 1777 235 1842 λαού
258 1772 340 1842 κατά
364 1770 442 1854 τούς
467 1775 619 1852 Μωσέως
645 1770 786 1861 χρόνους
812 1767 969 1860 ῆγεῐσθαι
993 1773 1123 1864 ταύτην

149 1872 166 1944 ὁ
191 1873 271 1956 θεὸς
294 1876 362 1943 τῶν
387 1877 514 1944 λοιπῶν
537 1879 657 1958 φυλῶν
686 1871 890 1961 προστάττει.
936 1877 1122 1962 γέγραπται

149 1976 212 2063 γάρ
231 1971 312 2044 “nal
339 1972 478 2060 έλάλησε
499 1971 612 2061 κύριος
637 1973 719 2060 πρὸς
746 1982 876 2062 Μωσῆν
901 1979 956 2044 καὶ
978 1972 1121 2065 Ἀαρὼν,

151 2078 270 2161 λέγων,
290 2072 469 2162 άνθρωπος
484 2071 637 2163 ἐχόμενος
650 2074 732 2144 κατὰ
744 2073 893 2164 τάγματα
907 2075 1021 2164 αύτού,
1037 2080 1123 2149 κατὰ

151 2182 311 2264 σημαίας,
330 2173 401 2245 κατ’
423 2186 536 2256 οίκους
554 2183 704 2265 πατριῶν
730 2175 841 2246 αύτων
864 2183 1120 2266 παρεμβαλέτω-
1135 2208 1161 2250 ει

151 2301 214 2348 σαν
232 2284 267 2348 οί
281 2281 350 2348 υίοὶ
366 2274 494 2364 Ἰσραῆλ
512 2286 626 2348 ἔναντι
640 2288 777 2368 κυρίου,
797 2276 909 2372 κύκλω
924 2284 981 2367 τῆς
995 2287 1124 2369 σκηνῆς

149 2382 210 2450 τού
226 2387 428 2470 μαρτυρίου,
452 2382 561 2449 καλοί
581 2378 870 2469 παρεμβάλλοντες
895 2377 1019 2470 πρωτοι
1038 2384 1125 2452 κατὰ

149 2479 323 2569 άνατολάς,
341 2481 448 2570 τάγμα
466 2488 678 2570 παρεμβολῆς
696 2486 782 2551 υλῶν
796 2477 913 2569 Ἰούδα,
932 2481 996 2553 σύν
1016 2485 1125 2554 δυνά-

149 2613 203 2671 μει
222 2580 365 2653 αύτων.”
406 2588 455 2651 10.
475 2585 530 2651 καὶ
551 2584 625 2669 ἑξῆς
649 2585 795 2652 ἐπὶτῶν
819 2590 866 2663 είς
891 2582 949 2653 τὸν
974 2588 1123 2670 έγκαινω

150 2682 234 2772 σμόν
258 2687 315 2770 τῆς
339 2685 464 2769 σκηνῆς
489 2678 751 2771 ἀναφερομένων
769 2682 867 2754 “είπε
892 2682 1005 2773 κύριος
1036 2685 1121 2772 πρὸς
1135 2715 1162 2756 ετ

150 2788 295 2877 Μωσῆν,
309 2779 421 2871 άρχων
435 2778 481 2864 εἷς
492 2779 574 2853 καθ’
589 2782 716 2873 ἡμέραν
728 2793 967 2873 προσοίσουσιυ
978 2781 1018 2853 τά
1028 2788 1121 2876 δῶρα

151 2882 272 2953 αὑτων.
310 2887 366 2953 καὶ
388 2874 430 2973 ῆν
448 2883 466 2953 ὁ
485 2890 685 2975 προσφέρων
702 2892 742 2978 τῆ
761 2885 867 2978 ἡμέρη
891 2891 931 2978 τῆ
949 2884 1064 2978 πρύτη
1083 2887 1121 2956 τὸ

152 2990 262 3075 δῶρον
286 2985 390 3055 αὑτοῦ
415 2980 587 3057 Ναασσών
610 2986 683 3068 υίὸς
696 2986 900 3076 Ἀμιναδάβ,
925 2985 1037 3077 ἄρχων
1060 2989 1120 3075 τῆς

83 3125 137 3177 μμ,
151 3093 261 3176 φυλῆς
280 3083 419 3158 Ἰούδα.”
467 3092 592 3159 11.καὶ
617 3093 653 3158 έν
675 3096 716 3179 τῆ
741 3097 848 3182 βίβλῳ
874 3090 910 3158 δέ
932 3094 991 3159 τού
1012 3083 1121 3177 Ἰησοῦ

151 3194 210 3261 τού
228 3189 328 3278 Ναυῆ
353 3193 411 3278 τῆς
434 3194 494 3278 γῆς
517 3193 575 3279 τῆς
593 3195 790 3279 ἐπαγγελίας
813 3189 926 3282 κλήρῳ
951 3189 1034 3261 κατά
1051 3195 1160 3261 τῶνεο

152 3339 353 3348 ——.-..——

220 3423 251 3470 18
270 3423 387 3486 Num.·2,
402 3425 424 3471 1.
505 3390 509 3395 ⁵
528 3427 561 3475 25
578 3425 694 3487 Num.7,
708 3426 749 3478 11.
853 3426 885 3474 29
903 3425 962 3475 Jos.
977 3424 1017 3474 15.
