2326 3818
84 73 170 159 μένα
196 74 232 139 έν
258 74 303 162 τῷ
327 75 454 161 Ψαλμῷ
483 73 584 139 εἰσέτι
608 71 663 138 καὶ
686 72 752 138 νύν
777 66 888 157 εύροις
906 65 948 139 ἀν
965 71 1056 157 παρὰ

84 189 153 252 τοῖς
180 180 315 251 πολλοῖς
338 173 415 261 περὶ
439 173 499 239 τού
523 165 627 240 αύτού
652 167 823 258 λεγόμενα.
866 173 1056 260 ταῦταμὲν

84 263 147 343 οὖν
172 275 249 360 περὶ
273 277 332 359 τῆς
358 269 583 360 ὃταλαβούσης
607 269 711 342 αὐτόν
732 273 841 342 εἰσέτι
863 270 937 341 τότε
961 302 1056 362 περι-

85 372 231 454 στάσεως
249 371 378 462 ηύχετο.
416 372 513 454 εἰδως
533 372 571 442 δὲ
587 372 632 463 μὴ
645 383 780 462 χείρονα
795 362 902 442 οὖσαν
919 377 978 461 της
996 378 1057 444 τού

58 472 238 545 εθαυάτου
255 477 430 564 συμφορᾶς
452 472 514 562 τὴν
531 472 667 564 πρωτην
691 469 795 544 αὑτοῦ
813 480 860 556 είς
878 473 984 563 σάρκα
1003 483 1056 544 έν·

86 582 180 646 δεσιν
194 579 249 645 καὶ
264 573 325 665 τὴν
344 578 380 645 έκ
393 583 533 663 θηλείας
551 579 606 645 καλ
620 579 795 665 παρθένου
808 579 954 664 γένεσιν,
972 576 1056 646 κατὰ
1072 623 1084 649 c

86 674 203 766 καιρόν
222 680 259 747 έν
272 694 341 758 τοῖς
354 679 432 764 περὶ
449 675 601 747 θανάτου
619 680 686 747 των
704 681 761 765 τῆς
776 680 936 765 γενέσεως
951 676 1055 748 αὐτοῦ

85 776 288 869 μνημονεύει
301 781 408 871 λέγων
421 775 570 867 πρόςτόν
580 782 707 870 πατέρα
715 776 789 849 “Su
801 778 844 849 σύ
858 778 917 850 εῖὸ
932 779 1055 849 ἐκσκά-

86 902 147 961 σας
165 908 206 970 με
225 884 262 949 ἐκ
279 879 438 970 γαστρὸς,
456 876 477 966 ἡ
497 883 589 960 ἐλπίς
606 909 671 971 μου
689 877 754 951 ἀπό
772 887 977 970 μαστῶντῆς
995 911 1055 970 μη-

48 1012 73 1051 ιο
87 980 163 1071 τρός
181 1010 256 1069 μου.
300 983 354 1051 ἐπὶ
377 982 424 1066 σέΙ
442 984 627 1072 έπερρίφην
646 985 682 1050 ἐκ
705 980 849 1071 μήτρας,
876 986 912 1052 ἐκ
930 990 1056 1064 κοιλίας

84 1080 206 1172 μητρός
224 1110 290 1173 μου
308 1079 388 1164 θεός
405 1110 471 1171 μου
490 1081 522 1151 εἶ
537 1081 614 1152 σύ.”
652 1088 703 1152 57.
723 1081 852 1153 τούτων
870 1084 908 1153 δέ
923 1081 1056 1164 εἰκότως

86 1181 247 1272 ἀναφέρει
261 1180 322 1271 τὴν
335 1181 471 1272 μνήμην
485 1190 532 1264 εἰς
545 1191 767 1275 παραμυθίαν
780 1191 838 1271 τῆς
851 1187 919 1253 των
932 1184 1055 1273 παρόν-

84 1313 153 1354 των
170 1281 372 1372 ἀπαλλαγῆς.
410 1283 521 1374 ὥσπερ
539 1284 615 1376 γάρ,
634 1287 730 1374 φησὶ,
748 1283 888 1373 γέγονάς
898 1314 963 1375 μου
977 1293 1055 1372 βοη-

86 1383 147 1467 θός
162 1390 256 1475 σῶμα
274 1381 489 1473 ἀνθρώπειον
506 1383 749 1474 ἀναλαβόντος,
768 1384 824 1456 ὅτε
838 1388 891 1457 καὶ
907 1390 939 1469 ἐξ
954 1383 1057 1474 αὐτῆς

48 1515 72 1555 ιτ
84 1490 143 1575 τῆς
160 1485 394 1576 κυοφορούσης
411 1514 453 1576 με
470 1487 611 1576 γαστρὸς
624 1485 667 1557 σύ
677 1483 775 1567 αύτός
793 1486 811 1557 ὁ
829 1486 908 1568 θεός
921 1517 986 1576 μου
1001 1491 1056 1556 καὶ

86 1587 196 1680 πατήρ
217 1618 283 1679 μου
308 1585 419 1678 ὥσπερ
444 1587 643 1679 μαιούμενος
673 1587 734 1677 τὴν
761 1591 834 1676 ἐμοὶ
858 1612 1057 1659 κατεσκευα-

87 1693 214 1781 σμένην
243 1693 276 1775 έξ
307 1685 405 1781 ἀγίου
429 1688 616 1780 πνεύματος
637 1688 744 1782 σάρκα
773 1693 971 1777 ἐξέσπασας,
996 1691 1058 1778 τὴν
1072 1724 1085 1760 ο

88 1795 211 1864 ἑαυτοῦ
229 1791 376 1884 δύναμιν
392 1791 523 1883 ὀρέξας,
542 1787 587 1874 ὡς
603 1788 646 1862 ἀν
663 1790 769 1883 μήτις
785 1794 906 1880 ἐνέδρα
919 1795 975 1862 καὶ
989 1796 1057 1863 ἐπι-

86 1894 193 1980 βουλὴ
213 1897 244 1976 ἐξ
263 1891 503 1982 ἀντικειμένων
518 1893 697 1985 δυνάμεων
711 1896 767 1963 καὶ
781 1896 939 1985 πονηράν
958 1922 1058 1963 πνευ-

49 2020 73 2060 ιο
86 1988 201 2079 μάτων
227 1999 532 2082 διαφθονουμένων
555 2000 595 2084 τῇ
621 2003 669 2076 είς
691 1994 894 2084 ἀνθρώπους
921 1995 1058 2086 παρόδῳ

85 2120 152 2180 μου
169 2095 314 2180 γένοιτο·
344 2096 416 2162 ἐπεὶ
434 2097 490 2162 καὶ
504 2093 587 2163 κατά
599 2093 662 2181 τὴν
679 2093 816 2182 πρώτην
829 2092 997 2181 σύλληψιν
1015 2096 1057 2161 σύ

86 2190 189 2262 πάλιν
205 2191 242 2261 τὸ
261 2192 344 2261 κατά
362 2193 505 2281 γαστρὸς
524 2198 733 2280 έπεσκίασας,
753 2189 797 2274 τός
812 2190 854 2262 ἀν
872 2192 961 2284 λάθη
980 2194 1057 2273 τούς

85 2288 247 2382 ἀρχοντας
269 2297 328 2362 τοῦ
353 2298 475 2374 αίῶνος
499 2292 619 2363 τούτου
645 2289 665 2381 ἡ
691 2297 722 2376 ἐξ
749 2289 847 2381 άγίου
870 2294 1057 2383 πνεύματος

85 2401 144 2482 τῆς
162 2390 259 2483 ἀγίας
277 2396 452 2483 παρθένου
472 2392 644 2482 σύλληψις.
676 2400 727 2464 58.
743 2390 825 2481 ὅπερ
839 2398 923 2484 μέγα
933 2395 1057 2483 μυστη·

49 2523 75 2564 25
88 2495 197 2585 ριονὸ
223 2494 279 2577 σὸς
303 2492 505 2586 ἀρχάγγελος
530 2498 667 2584 ἐξέφηνε
685 2493 852 2586 Γαβριὴλ,
879 2504 919 2587 τῇ
939 2507 1057 2588 Μαρία

90 2597 195 2669 είπων
208 2592 364 2687 “πνεύμα
382 2594 478 2685 ἅγιον
498 2595 709 2668 ἐπελεύσεται
729 2601 783 2667 ἐπὶ
801 2598 854 2685 σὲ,
878 2600 934 2668 καὶ
954 2597 1058 2669 δύνα-

88 2707 143 2788 μις
159 2694 303 2782 ὑψίστου
328 2696 521 2770 ἐπισκιάσει
537 2695 622 2769 σοι.”
666 2695 777 2787 ὥσπερ
800 2688 864 2770 ούν
887 2699 907 2790 ἡ
927 2701 968 2789 σὴ
986 2699 1059 2771 τότε
1072 2735 1125 2783 (τοο)

88 2807 149 2869 τοῦ
156 2798 301 2884 ὑψίστου
309 2797 452 2890 δύναμις
466 2798 786 2890 συλλαμβανόμενον
792 2802 855 2890 μὲν
869 2806 1056 2886 έπεσκίασε,

89 2899 282 2991 τικτόμενον
307 2902 344 2971 δέ
368 2903 549 2985 ἐξέσπασεν
571 2893 635 2973 ἀπὸ
662 2899 804 2989 γαστρός
827 2902 950 2990 μητρός
981 2932 1057 2990 μου,

52 3028 77 3069 ω
91 2999 179 3080 οὕτω
203 3001 309 3090 πολλή
332 3032 388 3093 μοι
411 3002 568 3094 τυγχάνει
598 3010 812 3095 παραμυθία,
844 3002 894 3073 ότι
920 3006 975 3073 καὶ
1001 3008 1058 3073 τοῦ

160 3240 192 3286 26
211 3238 277 3285 Luc.
293 3240 316 3298 1,
330 3239 373 3290 35.

143 3335 283 3371 ευεεειοε
297 3337 343 3372 111.
