2326 3818
114 131 179 195 380
518 127 668 179 εοεεεοι

115 269 249 359 νάμεων
272 271 328 338 καὶ
351 266 552 355 πνευμάτων
574 264 680 354 άγίων
711 263 756 347 ὥς
779 259 822 334 ἀν
845 262 1004 353 σύμφυτα
1028 269 1088 335 καὶ

116 370 294 459 ἀμφιλαφῆ
314 366 475 439 κατάσκιον
493 372 633 455 λέγεται.
678 363 753 437 ἀλλ’
774 369 811 436 ἐν
829 365 941 458 μὲν
909 373 955 434 τώ
973 377 1088 455 Ζαχα-

116 481 174 565 ρίηι
197 478 311 560 σαφῶς
333 466 418 559 ἀνὴρ
443 467 705 557 έποχούμενος”
690 494 780 561 ιππφ
804 470 922 560 559095
945 478 1107 590 θεωρεῖ-

116 676 232 744 καί
190 703 249 762 της
268 669 399 761 σαρκὸς,
419 699 440 761 η
427 662 663 794 έπφχησατο,
684 672 907 760 δηλουμένης·
936 672 1115 741 ἰνταῦθαε

119 774 186 845 55‘
172 805 189 844 ο
208 773 288 854 θεὸς
305 769 401 842 καί”
380 800 471 859 αγιος
490 768 688 860 ώνόμασται.
724 769 824 840 13.
802 800 845 852 ως
863 770 927 860 γάρ
948 773 984 840 έκ
1001 779 1089 842 θεοῦ

118 882 164 956 εἰς
182 872 386 963 ἀνθρώπους
403 872 465 960 τὴν
482 869 597 960 ἀφιξιν
615 874 846 961 πεποιημένος,
865 874 922 941 καὶ
936 869 980 954 ώς
993 867 1037 941 άν
1051 875 1090 942 ἐκ

50 1004 104 1056 11⁷⁴}
116 980 184 1045 τών
201 976 383 1062 θειοτέρων
401 980 535 1062 χωρίων
553 971 786 1061 ἐπιφωνήσας,
805 976 934 1061 λέγεται
947 971 989 1042 “ὁ
1006 971 1089 1054 θεάς

118 1074 182 1144 ἀπὸ
207 1075 338 1164 Θαιμάν
361 1073 449 1162 ἥξει,
475 1076 531 1143 καί
553 1070 570 1143 5
594 1071 686 1161 άγιος
710 1077 743 1156 ἐξ
766 1071 867 1163 ὅρους
892 1080 1087 1161 κατασκίων,

51 1205 103 1256 (281)
119 1173 269 1255 θασέος.”
316 1175 386 1244 εἶτα
413 1179 486 1264 ἑξῆς
512 1178 656 1262 ἐπιλέγει
674 1169 866 1256 “έκάλυφεν
883 1171 1049 1264 ούρανούς
1065 1170 1128 1263 ἡιι

118 1273 218 1366 ἀρετὴ
237 1273 356 1364 αύτοῦ,
381 1279 437 1344 καὶ
460 1281 517 1362 τῆς
535 1280 693 1356 αἰνέσεως
711 1272 816 1346 αὐτοῦ
834 1273 963 1363 πλήρης
985 1271 1007 1364 ἡ
1031 1283 1087 1364 γῆ,

118 1381 174 1447 καί
192 1381 314 1466 φέγγος
339 1373 442 1447 αύτού
460 1374 505 1457 ώς
523 1382 596 1465 φώς
614 1372 740 1446 έσται.”
791 1382 839 1445 14.
870 1375 914 1446 δι’
937 1367 986 1446 ών
1003 1371 1088 1466 ὁμοῦ

118 1477 192 1566 ἦτε
216 1486 264 1562 εἰς
286 1475 450 1568 ούρανούς
475 1482 608 1560 ἔνδοξος
632 1475 737 1547 αὐτοῦ
756 1485 910 1565 βασιλεία
928 1485 1087 1567 παρίστα-

118 1609 171 1649 ται
189 1583 245 1649 καὶ
262 1577 283 1666 ἡ
302 1577 383 1667 μετά
401 1586 506 1648 ταῦτα
522 1580 686 1668 γενομένη
705 1607 741 1648 τε
763 1581 820 1648 καὶ
840 1581 893 1647 ἐπὶ
911 1580 1014 1649 πλέον
1030 1606 1089 1667 γε·

118 1684 286 1769 νησομένη
305 1686 351 1760 εἰς
370 1686 482 1749 πᾶσαν
504 1672 566 1767 τὴν
589 1687 654 1767 γῆν
677 1683 735 1767 τῆς
758 1682 834 1767 περὶ
859 1677 965 1749 αὐτού
989 1684 1086 1749 διδα-
1101 1705 1129 1746 ιε

119 1790 258 1861 σκαλίας
273 1790 408 1861 αἰνεσις.
434 1780 471 1850 τὸ
487 1776 678 1867 δὲ”κέρατα
692 1785 729 1850 έν
742 1797 814 1860 ταῖς
828 1783 943 1869 χερσὶν
960 1775 1088 1849 αύτού”

119 1885 176 1969 τῆς
195 1890 367 1971 βασιλείας
385 1879 490 1950 αὐτού
505 1880 546 1950 τά
564 1879 716 1968 σύμβολα
735 1887 842 1969 δηλοῖ,
862 1878 908 1951 δι’
925 1872 972 1951 ών
988 1879 1086 1969 κερά-

119 2010 188 2051 των
209 1981 267 2062 τάς
291 1978 452 2068 ἀοράτονς
476 1983 531 2049 καὶ
549 1979 778 2070 ἀποκειμένας
798 1981 957 2070 δυνάμεις
973 1976 1087 2051 5505-

119 2109 219 2170 μενος
237 2082 294 2150 καί
312 2088 490 2170 κερατίζων
508 2078 700 2153 ἀπελαύνει.
746 2082 941 2164 ἀκολούθως
958 2080 1088 2162 τούτοις

92 2180 298 2269 οέπιλέγει
301 2177 369 2251 ’καί
393 2190 491 2252 ἔθετο
515 2181 682 2354 ἀγάπησιν
706 2183 867 2271 κραταιάν
891 2182 1005 2273 ἰσχύος
1028 2181 1087 2252 αύ-
1100 2216 1129 2255 ιο

118 2281 198 2354 τοῦ]
203 2280 307 2354 '15.
335 2285 465 2371 κοίτης
482 2312 522 2372 γε
540 2312 556 2352 ε
559 2292 587 2365 ίς
604 2283 808 2373 ἀνθρώπους
832 2287 989 2373 κραταιᾶς
1015 2290 1090 2355 διοι-

119 2389 246 2467 θέσεως
275 2380 379 2455 αύτοῦ
409 2384 512 2455 κάλ’
496 2383 625 2475 αγάπης
655 2392 774 2475 δεῖγμα
800 2389 955 2474 μέγιστον
984 2375 1027 2475 ἦν
1050 2383 1088 2455 τό

114 2481 201 2575 “595
219 2485 401 2577 προσώπου
419 2485 524 2555 αὐτοῦ
541 2494 752 2575 πορευθῆναι
771 2483 908 2575 λόγον,”
935 2485 1090 2576 δηλονότι

118 2586 177 2656 τόν
195 2586 359 2674 σωτηριον
377 2590 433 2654 καὶ
457 2583 690 2674 εύαγγελικόν,
715 2586 893 2670 ἐξελθόντα
909 2616 946 2658 τε
969 2592 1090 2658 τοῦτον

120 2694 320 2774 διαδραμεῖν
338 2693 386 2765 εἰς
404 2686 571 2773 πεὸἰο,”
545 2710 628 2757 ωστε
647 2692 684 2757 έν
701 2685 804 2781 ὀλίγφ
822 2695 934 2759 πᾶσαν
950 2689 1085 2774 πληρώ-
1100 2718 1128 2759 εε

120 2809 176 2854 σαι
200 2786 262 2872 την
290 2789 490 2875 οἰκουμένην
517 2791 576 2876 τῆς
604 2786 663 2857 ὑπ’
692 2787 796 2858 αὐτοῦ
826 2793 1088 2878 προξενηθείσης

120 2885 245 2954 ἅπασιν
268 2882 461 2974 ἀνθρώποις
485 2897 649 2979 σωτηρίας
673 2887 868 2971 ἀκολούθως
891 2895 931 2980 τῇ
954 2916 1088 2980 προφη-

119 2993 192 3077 τείηι
216 2985 351 3077 φησάση
376 2984 464 3078 “πρό
487 2987 668 3080 προσώπου
693 2987 798 3061 αύτού
823 2989 1088 3079 προπορεύσεται

120 3085 232 3177 λύγος,
251 3090 307 3157 καὶ
326 3088 530 3170 ἐξελεύσεται
549 3098 596 3172 εἰς
614 3088 749 3162 πεδία.”
795 3090 880 3162 κατά
895 3091 958 3180 τὴν
975 3093 1087 3160 δευτέ-

95 3218 184 3274 εραν
203 3192 239 3260 55
257 3188 363 3260 αὐτοῦ
379 3198 569 3281 παρουσίαν
587 3200 635 3262 ἔτι
652 3199 778 3281 μάλλον
802 3196 858 3263 καὶ
882 3189 1087 3283 κυριώτερον
1101 3223 1128 3264 οο

119 3286 136 3356 5
156 3288 251 3378 λόγος
270 3288 374 3362 αύτοῦ
391 3296 494 3382 πέρας
514 3291 667 3382 ἐπιθήσει
685 3311 753 3376 τοῖς
771 3321 806 3364 τε
826 3296 1012 3384 εἰρημένοις
1031 3294 1088 3362 καὶ

119 3406 188 3468 τοῖς
202 3394 274 3479 ἑξῆς
290 3395 550 3483 ἐπιφερομένοις,
560 3389 587 3463 5
595 3391 697 3465 καίού
706 3401 772 3465 νῦν
787 3395 949 3479 ἐξετάζειν
961 3391 1087 3482 καιρός.
