2326 3818
332 109 518 162 DEMONST.
535 109 669 161 EVANG.
687 110 723 159 11.
744 112 767 160 1.
994 106 1034 170 79

333 247 383 320 θ.
416 247 497 320 Απὸ
513 277 573 319 κου
558 246 768 338 “Ζαχαρίου.

64 375 190 432 Πάντων
200 379 259 432 τῶν
270 375 375 461 ἐθνῶν,
387 377 437 432 καί
448 379 503 430 τῶν
513 371 592 458 παρά
603 371 715 438 πάντας
725 371 1035 466 δεισιδαιμονεστάτων

64 445 242 527 Αἰγυπτιων,
265 447 316 499 τοῦ
338 443 428 512 μόνου
449 445 500 499 καλ
520 439 652 511 ἀληθοῦς
673 445 747 498 θεοῦ
765 446 883 510 καὶτῆς
896 441 970 498 κατὰ
984 441 1034 498 τὸν

83 517 170 568 θεῖον
183 508 273 582 νόμον
284 515 483 581 πνευματικῆς
492 515 626 580 λατρείας
639 530 668 565 τε
681 507 759 567 καί
744 514 843 581 εορτὴς
857 511 1015 580 ἐπιᾞγνωσις
1048 522 1063 562 d

38 677 51 717 ς
141 633 217 708 20.
219 633 333 709 Καίἐ
318 646 427 726 ἐσται,
451 635 525 708 ὅσοι
542 634 584 706 άυ
603 642 876 725 καταλειφθῶσιυ
895 641 929 707 ἐκ
948 636 1034 707 πάν-

63 769 132 810 των
148 747 217 811 τῶν
241 745 354 812 ἐθνῶν
376 745 444 811 τῶν
472 738 642 810 ἐλθόντων
661 743 713 810 ἐπὶ
728 735 958 831 Ἰερουσαλὴμ,
977 743 1034 809 καὶ

62 840 291 931 ἀναβήσονται
308 840 381 912 κατ’
404 839 559 913 ἐνιαυτὸν
582 845 644 911 τού
661 845 892 932 προσκυνῆσαι
909 850 955 935 τῷ
974 848 1032 929 βα-

64 953 152 1014 σιλεῖ
180 952 286 1038 κυρίῳ
313 942 575 1036 παντοκράτορι,
604 946 660 1013 καὶ
690 952 749 1015 τοῦ
778 943 942 1030 ἑορτάζειν
972 943 1033 1033 τὴν

64 1043 183 1135 ἑορτὴν
200 1050 257 1134 της
275 1054 511 1135 σκηνοπηγίας,
544 1047 599 1115 καὶ
618 1053 722 1133 ἐσται,
739 1043 812 1117 ὅσοι
829 1043 872 1116 ἰίυ
889 1044 934 1135 μὴ
953 1042 1033 1116 οἰνα-

24 1185 49 1224 10
63 1153 171 1237 βῶσιν
189 1151 225 1218 ἐκ
249 1146 356 1237 πάσης
379 1152 438 1234 της
455 1151 640 1236 φυλῆς,τὴς
665 1151 726 1237 γης
743 1155 790 1230 εἰς
804 1143 1028 1237 Ἰερουσαλὴμ,
1046 1174 1087 1226 [ει]

62 1253 294 1338 προσκυνῆσαι
324 1253 371 1344 τῷ
400 1257 532 1337 βασιλεῖ
555 1256 662 1342 κυρίῳ
686 1247 946 1338 παντοκράτορι,
977 1255 1032 1318 καὶ

63 1347 160 1420 αύτοί
191 1352 329 1431 ἐκείνοις
360 1348 657 1443 προστεθήσονται.
705 1355 756 1419 21.
783 1349 842 1419 ἐὰν
874 1352 911 1419 δὲ
942 1350 1032 1438 φυλὴ

63 1449 239 1538 Αἰγύπτου
263 1450 308 1541 μὴ
332 1447 460 1542 ύναβη,
494 1452 578 1541 μηδὲ
606 1457 709 1541 ἔλθη,
734 1453 791 1520 καί
817 1452 870 1520 ἐπί
894 1449 1032 1531 τούτους

63 1551 198 1641 ἐσταιὴ
226 1557 366 1640 πτῶσις,
392 1548 435 1642 ἣν
459 1552 595 1636 κατάξει
619 1549 733 1642 κύριος
751 1550 859 1632 πάντα
876 1550 916 1621 τά
935 1559 1032 1640 ἔθνη,

24 1696 48 1735 15
61 1651 124 1725 ὅσα
142 1649 185 1724 ἂν
202 1653 247 1744 μὴ
262 1653 373 1747 ἀναβῇ
397 1656 459 1726 τού
480 1650 634 1744 ἑορτάσαι
653 1652 713 1742 την
733 1651 852 1745 ἑορτὴν
874 1658 932 1742 τῆς
950 1675 1032 1742 σκη-

61 1765 240 1845 νοπηγίας,
272 1754 356 1845 αὕτη
392 1765 484 1828 ἐσται
505 1755 695 1846 ἡολμαρτία
718 1754 911 1845 Αἰγύπτου,
936 1759 992 1826 καὶ
1009 1754 1029 1844 ἡ
1045 1775 1086 1824 (48ι

62 1853 205 1947 ἁμαρτία
229 1856 366 1930 πάντων
388 1865 456 1929 τῶν
484 1863 613 1946 ἐθνῶν,
637 1856 700 1928 ὅσα
717 1852 760 1928 άν
781 1857 826 1948 μη
844 1856 955 1945 ἀναβῇ
973 1866 1031 1927 τοῦ

63 1958 219 2092 ἑορτάσαι
242 1959 304 2050 τὴν
322 1959 440 2051 ἑορτὴν
463 1966 521 2050 της
547 1959 806 2079 σκηνοπηγίας.”
844 1965 895 2029 22.
916 1963 1032 2048 σαφῶς

62 2065 117 2133 καί
136 2067 239 2132 ταῦτα
257 2061 407 2151 κλῆσιν’
390 2062 549 2134 απάντωυ
562 2066 630 2132 τῶν
649 2065 762 2132 ἐθνῶν
775 2065 931 2152 περιέχει,
950 2061 1032 2130 κατὰ

24 2203 49 2241 20
64 2161 218 2233 διάνοιαν
241 2163 349 2283 μόνην
372 2167 619 2255 θεωρουμένων
642 2168 710 2234 τῶν
733 2167 871 2254 περὶ
833 2193 890 2284 της
913 2162 1032 2249 Ἰερου-

62 2262 171 2353 σαλημ
197 2267 254 2334 καί
277 2294 335 2353 της
359 2274 585 2354 σκηνοπηγίας
610 2267 812 2355 εἰρημένων,
836 2260 858 2333 ά
875 2264 1031 2334 καὶκατὰ

61 2364 180 2456 καιρὸν
198 2370 255 2452 τῆς
273 2364 506 2456 προσηκούσης
524 2365 706 2450 τεύξεται
690 2375 876 2456 ερμηυείας.

367 2565 497 2640 ’.Ἀπὸ
515 2598 574 2639 του
563 2563 738 2640 Ἠσαίου.

105 2691 233 2766 Δηλωσις
246 2699 297 2767 τῆς
313 2700 371 2753 τῶν
383 2692 549 2752 άποστόλων
562 2693 680 2768 ἐκλογῆς
693 2699 742 2752 καὶ
755 2698 807 2765 τῆς
820 2699 876 2752 τῶν
889 2693 985 2752 ἐθνῶν

23 2784 49 2824 25
103 2831 105 2835 y
477 2765 612 2836 κλήσεως.

137 2894 188 2960 23.
203 2888 221 2914 “
231 2897 337 2963 Τοῦτο
355 2895 489 2981 πρῶτον
507 2899 581 2980 πίε,
606 2888 689 2981 ταχύ
713 2899 809 2962 ποίει.
852 2889 943 2981 χῶρα
962 2903 1059 2962 Zea-b

61 2991 205 3081 βουλῶν,
224 2986 245 3081 ἡ
263 2997 306 3081 γῆ
313 2996 527 3082 Νεφθαλείμ,
546 2995 651 3064 καλοί
666 2995 776 3062 λοιποί
794 2999 829 3062 οἰ
844 2993 905 3083 τὴν
922 3021 1029 3083 παρα-

60 3101 139 3164 λίαυ
164 3096 271 3184 πέραυ
293 3100 354 3165 τού
369 3093 557 3184 Ἰορδάνου,
581 3103 746 3166 Γαλιλαία
769 3097 837 3164 τῶν
863 3093 1029 3179 ἐθνῶν,ὁ

61 3192 140 3278 λαός
166 3191 183 3266 ὁ
208 3194 399 3286 καθήμενος
423 3201 459 3266 ἐν
488 3194 615 3284 σκότει,
648 3202 737 3266 ἰὸετε
766 3200 838 3285 φῶς
861 3199 961 3284 μέγα·
997 3199 1032 3263 οἰ

129 3432 144 3481 5
161 3430 356 3494 Zach.14‚16.
461 3431 493 3478 26
512 3431 558 3478 Εε.
573 3431 598 3493 9,
615 3432 637 3481 l.
