<?xml version="1.0" encoding="UTF-8"?>
<!DOCTYPE html PUBLIC "-//W3C//DTD XHTML 1.0 Transitional//EN"
    "http://www.w3.org/TR/xhtml1/DTD/xhtml1-transitional.dtd">
<html xmlns="http://www.w3.org/1999/xhtml" xml:lang="en" lang="en">
 <head>
  <title>
</title>
<meta http-equiv="Content-Type" content="text/html;charset=utf-8" />
  <meta name='ocr-system' content='tesseract 3.04.00' />
  <meta name='ocr-capabilities' content='ocr_page ocr_carea ocr_par ocr_line ocrx_word'/>
</head>
<body>
  <div class='ocr_page' id='page_1' title='image "./eusebiicaesarie01dindgoog/eusebiicaesarie01dindgoog_0632.png"; bbox 0 0 2326 3818; ppageno 0'>
   <div class='ocr_carea' id='block_1_1' title="bbox 370 127 1068 191">
    <p class='ocr_par' dir='ltr' id='par_1_1' title="bbox 370 127 1068 191">
     <span class='ocr_line' id='line_1_1' title="bbox 370 127 1068 191; baseline 0.017 -11"><span class='ocrx_word' id='word_1_1' title='bbox 370 130 830 184; x_wconf 69' lang='lat' dir='ltr'>DEMoNST.EvANG.V111.4.</span> <span class='ocrx_word' id='word_1_2' title='bbox 1005 127 1068 191; x_wconf 82' lang='lat'><em>555</em></span> 
     </span>
    </p>
   </div>
   <div class='ocr_carea' id='block_1_2' title="bbox 61 263 1136 3307">
    <p class='ocr_par' dir='ltr' id='par_1_2' title="bbox 61 263 1136 3307">
     <span class='ocr_line' id='line_1_2' title="bbox 100 263 1067 359; baseline -0.004 -16"><span class='ocrx_word' id='word_1_3' title='bbox 100 271 334 343; x_wconf 73' lang='grc' dir='ltr'><em>ἀποδέδεικται</em></span> <span class='ocrx_word' id='word_1_4' title='bbox 358 276 505 358; x_wconf 80' lang='grc' dir='ltr'><strong><em>Λίβανος</em></strong></span> <span class='ocrx_word' id='word_1_5' title='bbox 529 266 628 351; x_wconf 84' lang='grc' dir='ltr'><em>αὐτὸς</em></span> <span class='ocrx_word' id='word_1_6' title='bbox 652 263 670 338; x_wconf 90' lang='lat'><em>5</em></span> <span class='ocrx_word' id='word_1_7' title='bbox 693 266 777 350; x_wconf 74' lang='grc' dir='ltr'><em>νεώς</em></span> <span class='ocrx_word' id='word_1_8' title='bbox 801 271 1067 359; x_wconf 84' lang='grc' dir='ltr'><em>ἐπικεκλημένος.</em></span> 
     </span>
     <span class='ocr_line' id='line_1_3' title="bbox 102 366 1068 451; baseline 0 -9"><span class='ocrx_word' id='word_1_9' title='bbox 102 381 151 444; x_wconf 86' lang='grc'><em>18.</em></span> <span class='ocrx_word' id='word_1_10' title='bbox 172 377 270 444; x_wconf 77' lang='grc' dir='ltr'><em>τοῦτο</em></span> <span class='ocrx_word' id='word_1_11' title='bbox 288 373 326 442; x_wconf 78' lang='grc' dir='ltr'><em>δέ</em></span> <span class='ocrx_word' id='word_1_12' title='bbox 351 373 406 441; x_wconf 84' lang='grc' dir='ltr'><em>καὶ</em></span> <span class='ocrx_word' id='word_1_13' title='bbox 425 368 521 443; x_wconf 81' lang='grc' dir='ltr'><em>αὐτοὶ</em></span> <span class='ocrx_word' id='word_1_14' title='bbox 545 375 664 451; x_wconf 81' lang='grc' dir='ltr'><em>παῖδες</em></span> <span class='ocrx_word' id='word_1_15' title='bbox 685 366 859 442; x_wconf 78' lang='grc' dir='ltr'><em>Ἰουδαίων</em></span> <span class='ocrx_word' id='word_1_16' title='bbox 883 374 984 442; x_wconf 98' lang='grc' dir='ltr'><em>εἰσέτι</em></span> <span class='ocrx_word' id='word_1_17' title='bbox 1001 376 1068 442; x_wconf 84' lang='grc' dir='ltr'><em>νῦν</em></span> 
     </span>
     <span class='ocr_line' id='line_1_4' title="bbox 100 470 1068 567; baseline -0.002 -22"><span class='ocrx_word' id='word_1_18' title='bbox 100 474 337 565; x_wconf 77' lang='grc' dir='ltr'><em>ὁμολογοῦσιν,</em></span> <span class='ocrx_word' id='word_1_19' title='bbox 363 475 436 542; x_wconf 83' lang='grc' dir='ltr'><em>ἐπεὶ</em></span> <span class='ocrx_word' id='word_1_20' title='bbox 459 475 515 542; x_wconf 85' lang='grc' dir='ltr'><em>καί</em></span> <span class='ocrx_word' id='word_1_21' title='bbox 534 470 671 553; x_wconf 80' lang='grc' dir='ltr'><strong><em>Ἡσαΐας</em></strong></span> <span class='ocrx_word' id='word_1_22' title='bbox 686 475 813 563; x_wconf 74' lang='grc' dir='ltr'><em>ἐμφερῆ</em></span> <span class='ocrx_word' id='word_1_23' title='bbox 837 477 883 567; x_wconf 79' lang='grc' dir='ltr'><em>τῷ</em></span> <span class='ocrx_word' id='word_1_24' title='bbox 901 472 984 563; x_wconf 83' lang='grc' dir='ltr'><em>μετὰ</em></span> <span class='ocrx_word' id='word_1_25' title='bbox 1001 491 1068 562; x_wconf 82' lang='grc' dir='ltr'><em>χεῖ-</em></span> 
     </span>
     <span class='ocr_line' id='line_1_5' title="bbox 100 568 1070 667; baseline -0.001 -20"><span class='ocrx_word' id='word_1_26' title='bbox 100 607 160 667; x_wconf 93' lang='grc' dir='ltr'><em>ρας</em></span> <span class='ocrx_word' id='word_1_27' title='bbox 177 575 333 667; x_wconf 76' lang='grc' dir='ltr'><em>προφήτῃ</em></span> <span class='ocrx_word' id='word_1_28' title='bbox 350 582 520 658; x_wconf 75' lang='grc' dir='ltr'><strong><em>θεσπίζων</em></strong></span> <span class='ocrx_word' id='word_1_29' title='bbox 538 581 663 664; x_wconf 79' lang='grc' dir='ltr'><em>ἔφησεν</em></span> <span class='ocrx_word' id='word_1_30' title='bbox 677 568 776 644; x_wconf 75' lang='grc' dir='ltr'><em>“ἰδού</em></span> <span class='ocrx_word' id='word_1_31' title='bbox 790 573 903 665; x_wconf 83' lang='grc' dir='ltr'><em>κύριος</em></span> <span class='ocrx_word' id='word_1_32' title='bbox 915 575 1070 662; x_wconf 79' lang='grc' dir='ltr'><strong><em>Σαβαὼθ</em></strong></span> 
     </span>
     <span class='ocr_line' id='line_1_6' title="bbox 74 672 1068 768; baseline -0.004 -18"><span class='ocrx_word' id='word_1_33' title='bbox 74 710 87 750; x_wconf 82' lang='grc' dir='ltr'><em>τ</em></span> <span class='ocrx_word' id='word_1_34' title='bbox 102 676 327 768; x_wconf 89' lang='grc' dir='ltr'><em>συνταράσσει</em></span> <span class='ocrx_word' id='word_1_35' title='bbox 333 674 410 757; x_wconf 81' lang='grc' dir='ltr'><em>τους</em></span> <span class='ocrx_word' id='word_1_36' title='bbox 424 673 580 759; x_wconf 84' lang='grc' dir='ltr'><em>ἐνδόξους</em></span> <span class='ocrx_word' id='word_1_37' title='bbox 587 676 669 766; x_wconf 86' lang='grc' dir='ltr'><em>μετά</em></span> <span class='ocrx_word' id='word_1_38' title='bbox 683 675 806 766; x_wconf 80' lang='grc' dir='ltr'><em>ἰσχύος,</em></span> <span class='ocrx_word' id='word_1_39' title='bbox 822 679 878 747; x_wconf 84' lang='grc' dir='ltr'><em>καὶ</em></span> <span class='ocrx_word' id='word_1_40' title='bbox 893 681 928 746; x_wconf 85' lang='grc' dir='ltr'><em>οί</em></span> <span class='ocrx_word' id='word_1_41' title='bbox 943 672 1068 765; x_wconf 80' lang='grc' dir='ltr'><em>ὑψηλοὶ</em></span> 
     </span>
     <span class='ocr_line' id='line_1_7' title="bbox 99 772 1068 871; baseline -0.003 -21"><span class='ocrx_word' id='word_1_42' title='bbox 99 784 141 871; x_wconf 79' lang='grc' dir='ltr'><em>τῇ</em></span> <span class='ocrx_word' id='word_1_43' title='bbox 163 776 261 870; x_wconf 79' lang='grc' dir='ltr'><em>ὕβρει</em></span> <span class='ocrx_word' id='word_1_44' title='bbox 293 776 581 867; x_wconf 91' lang='grc' dir='ltr'><em>συντριβήσονται.</em></span> <span class='ocrx_word' id='word_1_45' title='bbox 624 772 642 848; x_wconf 91' lang='lat'><em>5</em></span> <span class='ocrx_word' id='word_1_46' title='bbox 673 778 710 848; x_wconf 74' lang='grc' dir='ltr'><em>δὲ</em></span> <span class='ocrx_word' id='word_1_47' title='bbox 733 785 881 867; x_wconf 80' lang='grc' dir='ltr'><em>Λίβανος</em></span> <span class='ocrx_word' id='word_1_48' title='bbox 910 777 976 848; x_wconf 79' lang='grc' dir='ltr'><em>συν</em></span> <span class='ocrx_word' id='word_1_49' title='bbox 999 794 1068 860; x_wconf 82' lang='grc' dir='ltr'><em>τοίς</em></span> 
     </span>
     <span class='ocr_line' id='line_1_8' title="bbox 99 878 1068 972; baseline -0.004 -20"><span class='ocrx_word' id='word_1_50' title='bbox 99 878 244 972; x_wconf 76' lang='grc' dir='ltr'><em>ὑψηλοῖς</em></span> <span class='ocrx_word' id='word_1_51' title='bbox 255 896 416 968; x_wconf 76' lang='grc' dir='ltr'><em>πεσεῖται,</em></span> <span class='ocrx_word' id='word_1_52' title='bbox 429 883 485 950; x_wconf 87' lang='grc' dir='ltr'><em>καί</em></span> <span class='ocrx_word' id='word_1_53' title='bbox 499 878 704 964; x_wconf 76' lang='grc' dir='ltr'><em>ἐξελεύσεται</em></span> <span class='ocrx_word' id='word_1_54' title='bbox 720 878 844 971; x_wconf 93' lang='grc' dir='ltr'><em>ῥάβδος</em></span> <span class='ocrx_word' id='word_1_55' title='bbox 858 885 894 951; x_wconf 87' lang='grc' dir='ltr'><em>ἐκ</em></span> <span class='ocrx_word' id='word_1_56' title='bbox 907 885 965 970; x_wconf 83' lang='grc' dir='ltr'><em>της</em></span> <span class='ocrx_word' id='word_1_57' title='bbox 979 885 1068 971; x_wconf 80' lang='grc' dir='ltr'><strong><em>ῥίζης</em></strong></span> 
     </span>
     <span class='ocr_line' id='line_1_9' title="bbox 95 980 1068 1072; baseline -0.003 -18"><span class='ocrx_word' id='word_1_58' title='bbox 95 980 232 1072; x_wconf 83' lang='grc' dir='ltr'><em>Ἰεσσαὶ,</em></span> <span class='ocrx_word' id='word_1_59' title='bbox 264 987 321 1054; x_wconf 90' lang='grc' dir='ltr'><em>καί</em></span> <span class='ocrx_word' id='word_1_60' title='bbox 350 981 455 1065; x_wconf 83' lang='grc' dir='ltr'><em>άνθος</em></span> <span class='ocrx_word' id='word_1_61' title='bbox 487 986 524 1054; x_wconf 92' lang='grc' dir='ltr'><em>ἐκ</em></span> <span class='ocrx_word' id='word_1_62' title='bbox 554 986 611 1070; x_wconf 82' lang='grc' dir='ltr'><em>τής</em></span> <span class='ocrx_word' id='word_1_63' title='bbox 643 986 733 1072; x_wconf 79' lang='grc' dir='ltr'><em>ῥίζης</em></span> <span class='ocrx_word' id='word_1_64' title='bbox 756 980 980 1072; x_wconf 78' lang='grc' dir='ltr'><em>ἀναβήσεται,</em></span> <span class='ocrx_word' id='word_1_65' title='bbox 1012 985 1068 1052; x_wconf 87' lang='grc' dir='ltr'><em>καί</em></span> 
     </span>
     <span class='ocr_line' id='line_1_10' title="bbox 99 1080 1069 1173; baseline -0.001 -18"><span class='ocrx_word' id='word_1_66' title='bbox 99 1084 372 1157; x_wconf 77' lang='grc' dir='ltr'><em>ἐπαναπαήσεται</em></span> <span class='ocrx_word' id='word_1_67' title='bbox 403 1081 456 1154; x_wconf 89' lang='grc' dir='ltr'><em>ἐπ’</em></span> <span class='ocrx_word' id='word_1_68' title='bbox 488 1080 592 1154; x_wconf 79' lang='grc' dir='ltr'><em>αὐτὸν</em></span> <span class='ocrx_word' id='word_1_69' title='bbox 614 1087 747 1173; x_wconf 77' lang='grc' dir='ltr'><em>πνεῦμα</em></span> <span class='ocrx_word' id='word_1_70' title='bbox 770 1089 833 1154; x_wconf 76' lang='grc' dir='ltr'><em>τοῦ</em></span> <span class='ocrx_word' id='word_1_71' title='bbox 857 1080 977 1170; x_wconf 52' lang='lat' dir='ltr'><em>&amp;soff</em></span> <span class='ocrx_word' id='word_1_72' title='bbox 1019 1080 1069 1166; x_wconf 86' lang='grc' dir='ltr'><em>οἷς</em></span> 
     </span>
     <span class='ocr_line' id='line_1_11' title="bbox 62 1182 1069 1275; baseline -0.006 -15"><span class='ocrx_word' id='word_1_73' title='bbox 62 1221 87 1260; x_wconf 83' lang='grc' dir='ltr'><em>ιο</em></span> <span class='ocrx_word' id='word_1_74' title='bbox 101 1191 244 1275; x_wconf 79' lang='grc' dir='ltr'><em>ἐπιλέγει</em></span> <span class='ocrx_word' id='word_1_75' title='bbox 257 1182 337 1256; x_wconf 68' lang='lat' dir='ltr'><em>“nal</em></span> <span class='ocrx_word' id='word_1_76' title='bbox 355 1192 447 1256; x_wconf 84' lang='grc' dir='ltr'><em>έσται</em></span> <span class='ocrx_word' id='word_1_77' title='bbox 465 1182 485 1274; x_wconf 86' lang='grc' dir='ltr'><em>ή</em></span> <span class='ocrx_word' id='word_1_78' title='bbox 505 1190 578 1275; x_wconf 79' lang='grc' dir='ltr'><em>ῥίζα</em></span> <span class='ocrx_word' id='word_1_79' title='bbox 595 1187 656 1256; x_wconf 80' lang='grc' dir='ltr'><em>τοῦ</em></span> <span class='ocrx_word' id='word_1_80' title='bbox 668 1183 807 1274; x_wconf 88' lang='grc' dir='ltr'><em>Ἰεσσαί,</em></span> <span class='ocrx_word' id='word_1_81' title='bbox 826 1189 882 1256; x_wconf 88' lang='grc' dir='ltr'><em>καὶ</em></span> <span class='ocrx_word' id='word_1_82' title='bbox 899 1185 917 1257; x_wconf 89' lang='lat'><em>5</em></span> <span class='ocrx_word' id='word_1_83' title='bbox 936 1183 1069 1256; x_wconf 87' lang='grc' dir='ltr'><em>άνιστά·</em></span> 
     </span>
     <span class='ocr_line' id='line_1_12' title="bbox 99 1282 1136 1380; baseline 0.004 -22"><span class='ocrx_word' id='word_1_84' title='bbox 99 1316 198 1378; x_wconf 94' lang='grc' dir='ltr'><em>μενος</em></span> <span class='ocrx_word' id='word_1_85' title='bbox 205 1286 321 1379; x_wconf 81' lang='grc' dir='ltr'><em>ἄρχειν</em></span> <span class='ocrx_word' id='word_1_86' title='bbox 329 1291 454 1375; x_wconf 74' lang='grc' dir='ltr'><em>ἐθνῶν,</em></span> <span class='ocrx_word' id='word_1_87' title='bbox 471 1285 523 1357; x_wconf 82' lang='grc' dir='ltr'><em>ἐπ’</em></span> <span class='ocrx_word' id='word_1_88' title='bbox 542 1282 633 1380; x_wconf 75' lang='grc' dir='ltr'><em>αὐτῷ</em></span> <span class='ocrx_word' id='word_1_89' title='bbox 648 1284 922 1375; x_wconf 78' lang='grc' dir='ltr'><em>έθυηέλπιοῦσι.”</em></span> <span class='ocrx_word' id='word_1_90' title='bbox 944 1295 994 1358; x_wconf 85' lang='grc'><em>19,</em></span> <span class='ocrx_word' id='word_1_91' title='bbox 1010 1290 1066 1357; x_wconf 84' lang='grc' dir='ltr'><em>καὶ</em></span> <span class='ocrx_word' id='word_1_92' title='bbox 1080 1311 1136 1362; x_wconf 74' lang='grc' dir='ltr'><em>ινα</em></span> 
     </span>
     <span class='ocr_line' id='line_1_13' title="bbox 100 1386 1069 1480; baseline -0.002 -20"><span class='ocrx_word' id='word_1_93' title='bbox 100 1393 249 1460; x_wconf 76' lang='grc' dir='ltr'><em>ἐνταῦθα</em></span> <span class='ocrx_word' id='word_1_94' title='bbox 267 1390 331 1480; x_wconf 83' lang='grc' dir='ltr'><em>γάρ</em></span> <span class='ocrx_word' id='word_1_95' title='bbox 348 1387 434 1477; x_wconf 80' lang='grc' dir='ltr'><em>ὁμοῦ</em></span> <span class='ocrx_word' id='word_1_96' title='bbox 443 1392 483 1479; x_wconf 79' lang='grc' dir='ltr'><em>τῇ</em></span> <span class='ocrx_word' id='word_1_97' title='bbox 498 1391 535 1458; x_wconf 91' lang='grc' dir='ltr'><em>ἐκ</em></span> <span class='ocrx_word' id='word_1_98' title='bbox 549 1389 734 1478; x_wconf 87' lang='grc' dir='ltr'><em>σπέρματος</em></span> <span class='ocrx_word' id='word_1_99' title='bbox 747 1386 868 1459; x_wconf 85' lang='grc' dir='ltr'><em>Ἰεσσαὶ</em></span> <span class='ocrx_word' id='word_1_100' title='bbox 882 1391 939 1458; x_wconf 85' lang='grc' dir='ltr'><em>καί</em></span> <span class='ocrx_word' id='word_1_101' title='bbox 952 1391 1069 1476; x_wconf 83' lang='grc' dir='ltr'><em>Λαβίδ</em></span> 
     </span>
     <span class='ocr_line' id='line_1_14' title="bbox 99 1489 1068 1582; baseline -0.003 -20"><span class='ocrx_word' id='word_1_102' title='bbox 99 1494 230 1582; x_wconf 80' lang='grc' dir='ltr'><em>γενέσει</em></span> <span class='ocrx_word' id='word_1_103' title='bbox 247 1494 308 1561; x_wconf 78' lang='grc' dir='ltr'><em>τοῦ</em></span> <span class='ocrx_word' id='word_1_104' title='bbox 325 1496 472 1581; x_wconf 80' lang='grc' dir='ltr'><em>Χριστοῦ</em></span> <span class='ocrx_word' id='word_1_105' title='bbox 490 1489 644 1578; x_wconf 76' lang='grc' dir='ltr'><em>Λιβάνου</em></span> <span class='ocrx_word' id='word_1_106' title='bbox 662 1500 860 1581; x_wconf 75' lang='grc' dir='ltr'><em>καθαίρεσις</em></span> <span class='ocrx_word' id='word_1_107' title='bbox 879 1493 935 1560; x_wconf 83' lang='grc' dir='ltr'><em>καὶ</em></span> <span class='ocrx_word' id='word_1_108' title='bbox 954 1495 1068 1560; x_wconf 74' lang='grc' dir='ltr'><em>ἐθνῶν</em></span> 
     </span>
     <span class='ocr_line' id='line_1_15' title="bbox 100 1586 1067 1682; baseline -0.004 -18"><span class='ocrx_word' id='word_1_109' title='bbox 100 1597 216 1682; x_wconf 79' lang='grc' dir='ltr'><em>κλῆσις</em></span> <span class='ocrx_word' id='word_1_110' title='bbox 229 1596 404 1682; x_wconf 80' lang='grc' dir='ltr'><em>συνῆπται.</em></span> <span class='ocrx_word' id='word_1_111' title='bbox 442 1598 594 1679; x_wconf 90' lang='grc' dir='ltr'><em>Λίβανον</em></span> <span class='ocrx_word' id='word_1_112' title='bbox 609 1592 647 1661; x_wconf 76' lang='grc' dir='ltr'><em>δέ</em></span> <span class='ocrx_word' id='word_1_113' title='bbox 664 1589 726 1680; x_wconf 85' lang='grc' dir='ltr'><em>τήν</em></span> <span class='ocrx_word' id='word_1_114' title='bbox 739 1586 955 1682; x_wconf 77' lang='grc' dir='ltr'><em>Ἰερουσαλήμ</em></span> <span class='ocrx_word' id='word_1_115' title='bbox 975 1591 1067 1682; x_wconf 90' lang='grc' dir='ltr'><em>διαρ-</em></span> 
     </span>
     <span class='ocr_line' id='line_1_16' title="bbox 62 1688 1067 1786; baseline -0.005 -19"><span class='ocrx_word' id='word_1_116' title='bbox 62 1728 87 1768; x_wconf 81' lang='lat'><em>15</em></span> <span class='ocrx_word' id='word_1_117' title='bbox 101 1694 210 1786; x_wconf 92' lang='grc' dir='ltr'><em>ρήδην</em></span> <span class='ocrx_word' id='word_1_118' title='bbox 227 1689 411 1782; x_wconf 82' lang='grc' dir='ltr'><em>ὁἸεζεκιήλ</em></span> <span class='ocrx_word' id='word_1_119' title='bbox 434 1702 589 1783; x_wconf 86' lang='grc' dir='ltr'><em>σημαίνει</em></span> <span class='ocrx_word' id='word_1_120' title='bbox 613 1696 721 1780; x_wconf 88' lang='grc' dir='ltr'><em>λέγων</em></span> <span class='ocrx_word' id='word_1_121' title='bbox 741 1688 787 1763; x_wconf 78' lang='lat'><em>“5</em></span> <span class='ocrx_word' id='word_1_122' title='bbox 806 1690 900 1776; x_wconf 86' lang='grc' dir='ltr'><em>άετὸς</em></span> <span class='ocrx_word' id='word_1_123' title='bbox 918 1689 936 1763; x_wconf 89' lang='lat'><em>5</em></span> <span class='ocrx_word' id='word_1_124' title='bbox 953 1694 1067 1783; x_wconf 85' lang='grc' dir='ltr'><em>μέγας,</em></span> 
     </span>
     <span class='ocr_line' id='line_1_17' title="bbox 99 1790 1069 1887; baseline -0.004 -19"><span class='ocrx_word' id='word_1_125' title='bbox 99 1796 117 1868; x_wconf 89' lang='lat'><em>5</em></span> <span class='ocrx_word' id='word_1_126' title='bbox 142 1798 445 1887; x_wconf 86' lang='grc' dir='ltr'><em>μεγαλοπτέρυγος,</em></span> <span class='ocrx_word' id='word_1_127' title='bbox 475 1790 493 1866; x_wconf 89' lang='lat'><em>5</em></span> <span class='ocrx_word' id='word_1_128' title='bbox 517 1802 602 1885; x_wconf 81' lang='grc' dir='ltr'><em>ἔχων</em></span> <span class='ocrx_word' id='word_1_129' title='bbox 627 1792 664 1864; x_wconf 87' lang='grc' dir='ltr'><em>τδ</em></span> <span class='ocrx_word' id='word_1_130' title='bbox 688 1791 799 1884; x_wconf 83' lang='grc' dir='ltr'><em>ήγημα</em></span> <span class='ocrx_word' id='word_1_131' title='bbox 816 1802 994 1866; x_wconf 80' lang='grc' dir='ltr'><em>εἰσελθεῖν</em></span> <span class='ocrx_word' id='word_1_132' title='bbox 1023 1802 1069 1875; x_wconf 92' lang='grc' dir='ltr'><em>εἰς</em></span> 
     </span>
     <span class='ocr_line' id='line_1_18' title="bbox 100 1893 1066 1987; baseline -0.004 -18"><span class='ocrx_word' id='word_1_133' title='bbox 100 1899 160 1969; x_wconf 86' lang='grc' dir='ltr'><em>τὸν</em></span> <span class='ocrx_word' id='word_1_134' title='bbox 183 1906 354 1987; x_wconf 93' lang='grc' dir='ltr'><em>Λίβανον,</em></span> <span class='ocrx_word' id='word_1_135' title='bbox 384 1900 440 1968; x_wconf 90' lang='grc' dir='ltr'><em>καί</em></span> <span class='ocrx_word' id='word_1_136' title='bbox 464 1894 623 1968; x_wconf 87' lang='grc' dir='ltr'><em>άπέκνισε</em></span> <span class='ocrx_word' id='word_1_137' title='bbox 651 1895 691 1966; x_wconf 81' lang='grc' dir='ltr'><em>τά</em></span> <span class='ocrx_word' id='word_1_138' title='bbox 714 1893 826 1967; x_wconf 79' lang='grc' dir='ltr'><em>ἁπαλά</em></span> <span class='ocrx_word' id='word_1_139' title='bbox 852 1902 909 1986; x_wconf 80' lang='grc' dir='ltr'><em>τῆς</em></span> <span class='ocrx_word' id='word_1_140' title='bbox 934 1900 1066 1987; x_wconf 92' lang='grc' dir='ltr'><em>κέδρου.</em></span> 
     </span>
     <span class='ocr_line' id='line_1_19' title="bbox 100 1996 1069 2094; baseline -0.002 -25"><span class='ocrx_word' id='word_1_141' title='bbox 100 2007 151 2072; x_wconf 81' lang='grc'><em>20,</em></span> <span class='ocrx_word' id='word_1_142' title='bbox 184 2006 289 2072; x_wconf 84' lang='grc' dir='ltr'><em>ταῦτα</em></span> <span class='ocrx_word' id='word_1_143' title='bbox 319 2005 404 2090; x_wconf 83' lang='grc' dir='ltr'><em>γοῦν</em></span> <span class='ocrx_word' id='word_1_144' title='bbox 434 2001 452 2071; x_wconf 90' lang='lat'><em>5</em></span> <span class='ocrx_word' id='word_1_145' title='bbox 484 1996 583 2080; x_wconf 77' lang='grc' dir='ltr'><em>αὐτὸς</em></span> <span class='ocrx_word' id='word_1_146' title='bbox 614 2003 686 2094; x_wconf 83' lang='grc' dir='ltr'><em>έξής</em></span> <span class='ocrx_word' id='word_1_147' title='bbox 718 2003 895 2089; x_wconf 72' lang='grc' dir='ltr'><em>διασαφεῖν</em></span> <span class='ocrx_word' id='word_1_148' title='bbox 926 2000 1069 2086; x_wconf 80' lang='grc' dir='ltr'><em>ἐπιλέγει</em></span> 
     </span>
     <span class='ocr_line' id='line_1_20' title="bbox 97 2097 1072 2193; baseline 0 -24"><span class='ocrx_word' id='word_1_149' title='bbox 97 2100 201 2173; x_wconf 80' lang='grc' dir='ltr'><em>“ὅταν</em></span> <span class='ocrx_word' id='word_1_150' title='bbox 226 2109 311 2191; x_wconf 79' lang='grc' dir='ltr'><em>ἔλθη</em></span> <span class='ocrx_word' id='word_1_151' title='bbox 342 2099 650 2190; x_wconf 88' lang='grc' dir='ltr'><em>Ναβουχοδονόσορ</em></span> <span class='ocrx_word' id='word_1_152' title='bbox 683 2104 738 2171; x_wconf 83' lang='grc' dir='ltr'><em>ἐπὶ</em></span> <span class='ocrx_word' id='word_1_153' title='bbox 767 2097 984 2193; x_wconf 79' lang='grc' dir='ltr'><em>Ἰερουσαλήμ</em></span> <span class='ocrx_word' id='word_1_154' title='bbox 1017 2103 1072 2170; x_wconf 85' lang='grc' dir='ltr'><em>καὶ</em></span> 
     </span>
     <span class='ocr_line' id='line_1_21' title="bbox 61 2197 1095 2292; baseline -0.009 -17"><span class='ocrx_word' id='word_1_155' title='bbox 61 2237 86 2275; x_wconf 80' lang='lat'><em>20</em></span> <span class='ocrx_word' id='word_1_156' title='bbox 100 2200 187 2292; x_wconf 79' lang='grc' dir='ltr'><em>λάβῃ</em></span> <span class='ocrx_word' id='word_1_157' title='bbox 205 2201 283 2281; x_wconf 82' lang='grc' dir='ltr'><em>τούς</em></span> <span class='ocrx_word' id='word_1_158' title='bbox 300 2199 462 2289; x_wconf 78' lang='grc' dir='ltr'><em>ἄρχοντας</em></span> <span class='ocrx_word' id='word_1_159' title='bbox 476 2197 600 2291; x_wconf 84' lang='grc' dir='ltr'><em>αὐτης”</em></span> <span class='ocrx_word' id='word_1_160' title='bbox 621 2203 676 2270; x_wconf 80' lang='grc' dir='ltr'><em>καὶ</em></span> <span class='ocrx_word' id='word_1_161' title='bbox 690 2202 730 2270; x_wconf 85' lang='grc' dir='ltr'><em>τά</em></span> <span class='ocrx_word' id='word_1_162' title='bbox 744 2206 827 2289; x_wconf 82' lang='grc' dir='ltr'><em>ἑξῆς.</em></span> <span class='ocrx_word' id='word_1_163' title='bbox 865 2201 948 2272; x_wconf 82' lang='grc' dir='ltr'><em>ἄλλά</em></span> <span class='ocrx_word' id='word_1_164' title='bbox 966 2206 1095 2272; x_wconf 76' lang='grc' dir='ltr'><em>ταῦταο</em></span> 
     </span>
     <span class='ocr_line' id='line_1_22' title="bbox 99 2299 1068 2392; baseline 0.001 -21"><span class='ocrx_word' id='word_1_165' title='bbox 99 2303 161 2391; x_wconf 76' lang='grc' dir='ltr'><em>μέν</em></span> <span class='ocrx_word' id='word_1_166' title='bbox 178 2299 196 2372; x_wconf 88' lang='lat'><em>5</em></span> <span class='ocrx_word' id='word_1_167' title='bbox 212 2299 364 2388; x_wconf 83' lang='grc' dir='ltr'><em>Ἰεζεκιήλ</em></span> <span class='ocrx_word' id='word_1_168' title='bbox 391 2302 468 2390; x_wconf 85' lang='grc' dir='ltr'><em>περὶ</em></span> <span class='ocrx_word' id='word_1_169' title='bbox 486 2304 545 2388; x_wconf 84' lang='grc' dir='ltr'><em>τής</em></span> <span class='ocrx_word' id='word_1_170' title='bbox 562 2299 697 2390; x_wconf 82' lang='grc' dir='ltr'><em>πράτης</em></span> <span class='ocrx_word' id='word_1_171' title='bbox 723 2301 845 2390; x_wconf 80' lang='grc' dir='ltr'><em>ἐδήλου</em></span> <span class='ocrx_word' id='word_1_172' title='bbox 864 2311 1068 2392; x_wconf 86' lang='grc' dir='ltr'><em>πολιορκίας,</em></span> 
     </span>
     <span class='ocr_line' id='line_1_23' title="bbox 99 2398 1067 2494; baseline -0.002 -20"><span class='ocrx_word' id='word_1_173' title='bbox 99 2401 177 2494; x_wconf 89' lang='grc' dir='ltr'><em>μεθ’</em></span> <span class='ocrx_word' id='word_1_174' title='bbox 213 2398 257 2490; x_wconf 85' lang='grc' dir='ltr'><em>ήν</em></span> <span class='ocrx_word' id='word_1_175' title='bbox 282 2403 300 2471; x_wconf 87' lang='lat'><em>5</em></span> <span class='ocrx_word' id='word_1_176' title='bbox 324 2409 492 2492; x_wconf 86' lang='grc' dir='ltr'><em>Ζαχαρίας</em></span> <span class='ocrx_word' id='word_1_177' title='bbox 523 2403 599 2491; x_wconf 84' lang='grc' dir='ltr'><em>περὶ</em></span> <span class='ocrx_word' id='word_1_178' title='bbox 630 2404 688 2488; x_wconf 83' lang='grc' dir='ltr'><em>τής</em></span> <span class='ocrx_word' id='word_1_179' title='bbox 721 2404 879 2492; x_wconf 85' lang='grc' dir='ltr'><em>δευτέρας</em></span> <span class='ocrx_word' id='word_1_180' title='bbox 905 2412 1067 2485; x_wconf 80' lang='grc' dir='ltr'><em>θεσπίζει.</em></span> 
     </span>
     <span class='ocr_line' id='line_1_24' title="bbox 100 2495 1068 2594; baseline -0.004 -19"><span class='ocrx_word' id='word_1_181' title='bbox 100 2504 182 2576; x_wconf 89' lang='grc' dir='ltr'><em>πότε</em></span> <span class='ocrx_word' id='word_1_182' title='bbox 206 2495 268 2575; x_wconf 80' lang='grc' dir='ltr'><em>οὖν</em></span> <span class='ocrx_word' id='word_1_183' title='bbox 292 2501 373 2594; x_wconf 82' lang='grc' dir='ltr'><em>μετά</em></span> <span class='ocrx_word' id='word_1_184' title='bbox 398 2499 476 2584; x_wconf 79' lang='grc' dir='ltr'><em>τούς</em></span> <span class='ocrx_word' id='word_1_185' title='bbox 494 2508 664 2593; x_wconf 85' lang='grc' dir='ltr'><em>Ζαχαρίου</em></span> <span class='ocrx_word' id='word_1_186' title='bbox 682 2501 822 2593; x_wconf 90' lang='grc' dir='ltr'><em>χρόνους</em></span> <span class='ocrx_word' id='word_1_187' title='bbox 843 2505 897 2572; x_wconf 84' lang='grc' dir='ltr'><em>ἐπὶ</em></span> <span class='ocrx_word' id='word_1_188' title='bbox 915 2508 972 2591; x_wconf 77' lang='grc' dir='ltr'><em>τῆς</em></span> <span class='ocrx_word' id='word_1_189' title='bbox 992 2513 1068 2572; x_wconf 88' lang='grc' dir='ltr'><em>Μα-</em></span> 
     </span>
     <span class='ocr_line' id='line_1_25' title="bbox 100 2599 1068 2696; baseline -0.003 -20"><span class='ocrx_word' id='word_1_190' title='bbox 100 2604 251 2678; x_wconf 85' lang='grc' dir='ltr'><em>κεδόνων</em></span> <span class='ocrx_word' id='word_1_191' title='bbox 282 2613 454 2694; x_wconf 87' lang='grc' dir='ltr'><em>βασιλείας</em></span> <span class='ocrx_word' id='word_1_192' title='bbox 486 2603 681 2696; x_wconf 84' lang='grc' dir='ltr'><em>ἐμπρησμὸν</em></span> <span class='ocrx_word' id='word_1_193' title='bbox 711 2602 892 2694; x_wconf 76' lang='grc' dir='ltr'><em>ὑπέμεινεν</em></span> <span class='ocrx_word' id='word_1_194' title='bbox 923 2599 940 2673; x_wconf 88' lang='lat'><em>5</em></span> <span class='ocrx_word' id='word_1_195' title='bbox 965 2603 1068 2689; x_wconf 80' lang='grc' dir='ltr'><em>νειός;</em></span> 
     </span>
     <span class='ocr_line' id='line_1_26' title="bbox 62 2701 1069 2798; baseline -0.008 -14"><span class='ocrx_word' id='word_1_196' title='bbox 62 2705 178 2784; x_wconf 72' lang='grc' dir='ltr'><em>πάλλ’</em></span> <span class='ocrx_word' id='word_1_197' title='bbox 205 2704 268 2778; x_wconf 79' lang='grc' dir='ltr'><em>οὐκ</em></span> <span class='ocrx_word' id='word_1_198' title='bbox 292 2715 385 2781; x_wconf 83' lang='grc' dir='ltr'><em>ἐστιν</em></span> <span class='ocrx_word' id='word_1_199' title='bbox 403 2715 520 2779; x_wconf 78' lang='grc' dir='ltr'><em>εἰπεῖν.</em></span> <span class='ocrx_word' id='word_1_200' title='bbox 557 2712 608 2779; x_wconf 82' lang='grc'><em>21.</em></span> <span class='ocrx_word' id='word_1_201' title='bbox 636 2704 717 2798; x_wconf 85' lang='grc' dir='ltr'><em>μετά</em></span> <span class='ocrx_word' id='word_1_202' title='bbox 741 2704 804 2798; x_wconf 84' lang='grc' dir='ltr'><em>γάρ</em></span> <span class='ocrx_word' id='word_1_203' title='bbox 828 2704 889 2796; x_wconf 84' lang='grc' dir='ltr'><em>τήν</em></span> <span class='ocrx_word' id='word_1_204' title='bbox 913 2701 979 2776; x_wconf 77' lang='grc' dir='ltr'><em>ὑπὸ</em></span> <span class='ocrx_word' id='word_1_205' title='bbox 1001 2717 1069 2776; x_wconf 89' lang='grc' dir='ltr'><em>Βα-</em></span> 
     </span>
     <span class='ocr_line' id='line_1_27' title="bbox 102 2805 1070 2900; baseline -0.002 -20"><span class='ocrx_word' id='word_1_206' title='bbox 102 2817 282 2900; x_wconf 88' lang='grc' dir='ltr'><em>βυλωνίων</em></span> <span class='ocrx_word' id='word_1_207' title='bbox 301 2808 514 2900; x_wconf 89' lang='grc' dir='ltr'><em>πυρπόλησιυ</em></span> <span class='ocrx_word' id='word_1_208' title='bbox 537 2807 611 2880; x_wconf 78' lang='grc' dir='ltr'><em>οὐδ’</em></span> <span class='ocrx_word' id='word_1_209' title='bbox 633 2806 752 2879; x_wconf 82' lang='grc' dir='ltr'><em>άλλοτε</em></span> <span class='ocrx_word' id='word_1_210' title='bbox 773 2811 934 2900; x_wconf 86' lang='grc' dir='ltr'><em>δευτέραν</em></span> <span class='ocrx_word' id='word_1_211' title='bbox 952 2805 972 2897; x_wconf 84' lang='grc' dir='ltr'><em>ή</em></span> <span class='ocrx_word' id='word_1_212' title='bbox 987 2805 1070 2879; x_wconf 84' lang='grc' dir='ltr'><em>κατά</em></span> 
     </span>
     <span class='ocr_line' id='line_1_28' title="bbox 107 2909 1071 3003; baseline -0.003 -20"><span class='ocrx_word' id='word_1_213' title='bbox 107 2918 206 2983; x_wconf 86' lang='grc' dir='ltr'><em>Τίτον</em></span> <span class='ocrx_word' id='word_1_214' title='bbox 219 2914 274 2982; x_wconf 83' lang='grc' dir='ltr'><em>καὶ</em></span> <span class='ocrx_word' id='word_1_215' title='bbox 291 2909 550 2981; x_wconf 81' lang='grc' dir='ltr'><em>Οὐεσπασιανὸν</em></span> <span class='ocrx_word' id='word_1_216' title='bbox 562 2909 732 3000; x_wconf 83' lang='grc' dir='ltr'><em>Ῥωμαίων</em></span> <span class='ocrx_word' id='word_1_217' title='bbox 746 2909 991 3003; x_wconf 74' lang='grc' dir='ltr'><em>αὐτοκράτορας</em></span> <span class='ocrx_word' id='word_1_218' title='bbox 1009 2910 1071 2998; x_wconf 83' lang='grc' dir='ltr'><em>τήν</em></span> 
     </span>
     <span class='ocr_line' id='line_1_29' title="bbox 103 3001 1070 3103; baseline -0.004 -19"><span class='ocrx_word' id='word_1_219' title='bbox 103 3012 159 3084; x_wconf 85' lang='grc' dir='ltr'><em>διά</em></span> <span class='ocrx_word' id='word_1_220' title='bbox 176 3009 280 3101; x_wconf 83' lang='grc' dir='ltr'><em>πυρδς</em></span> <span class='ocrx_word' id='word_1_221' title='bbox 297 3008 456 3102; x_wconf 75' lang='grc' dir='ltr'><em>ὑπέμεινε</em></span> <span class='ocrx_word' id='word_1_222' title='bbox 474 3010 628 3103; x_wconf 81' lang='grc' dir='ltr'><em>φθοράν,</em></span> <span class='ocrx_word' id='word_1_223' title='bbox 654 3009 707 3100; x_wconf 84' lang='grc' dir='ltr'><em>ἐφ’</em></span> <span class='ocrx_word' id='word_1_224' title='bbox 729 3001 752 3102; x_wconf 82' lang='grc' dir='ltr'><em>ή</em></span> <span class='ocrx_word' id='word_1_225' title='bbox 769 3010 870 3082; x_wconf 89' lang='grc' dir='ltr'><em>πάλιν</em></span> <span class='ocrx_word' id='word_1_226' title='bbox 890 3011 945 3082; x_wconf 82' lang='grc' dir='ltr'><em>διά</em></span> <span class='ocrx_word' id='word_1_227' title='bbox 964 3021 1070 3098; x_wconf 92' lang='grc' dir='ltr'><em>αἰνίγ-</em></span> 
     </span>
     <span class='ocr_line' id='line_1_30' title="bbox 101 3111 1071 3205; baseline -0.006 -19"><span class='ocrx_word' id='word_1_228' title='bbox 101 3145 203 3205; x_wconf 91' lang='grc' dir='ltr'><em>ματος</em></span> <span class='ocrx_word' id='word_1_229' title='bbox 220 3112 298 3196; x_wconf 81' lang='grc' dir='ltr'><em>τούς</em></span> <span class='ocrx_word' id='word_1_230' title='bbox 315 3113 418 3184; x_wconf 90' lang='grc' dir='ltr'><em>πάλαι</em></span> <span class='ocrx_word' id='word_1_231' title='bbox 436 3111 597 3205; x_wconf 85' lang='grc' dir='ltr'><em>άρχουτας</em></span> <span class='ocrx_word' id='word_1_232' title='bbox 620 3115 681 3183; x_wconf 76' lang='grc' dir='ltr'><em>τοῦ</em></span> <span class='ocrx_word' id='word_1_233' title='bbox 698 3119 822 3194; x_wconf 82' lang='grc' dir='ltr'><em>ἔθνους</em></span> <span class='ocrx_word' id='word_1_234' title='bbox 842 3117 895 3183; x_wconf 83' lang='grc' dir='ltr'><em>ἐπὶ</em></span> <span class='ocrx_word' id='word_1_235' title='bbox 921 3112 1071 3201; x_wconf 91' lang='grc' dir='ltr'><em>θρήνους</em></span> 
     </span>
     <span class='ocr_line' id='line_1_31' title="bbox 63 3208 1071 3307; baseline -0.011 -15"><span class='ocrx_word' id='word_1_236' title='bbox 63 3251 89 3292; x_wconf 84' lang='grc' dir='ltr'><em>εο</em></span> <span class='ocrx_word' id='word_1_237' title='bbox 103 3220 159 3287; x_wconf 90' lang='grc' dir='ltr'><em>καί</em></span> <span class='ocrx_word' id='word_1_238' title='bbox 183 3213 396 3307; x_wconf 78' lang='grc' dir='ltr'><em>ὀλοφυρμοὺς</em></span> <span class='ocrx_word' id='word_1_239' title='bbox 423 3213 587 3286; x_wconf 79' lang='grc' dir='ltr'><em>ἀνακαλεῖ</em></span> <span class='ocrx_word' id='word_1_240' title='bbox 608 3212 749 3304; x_wconf 86' lang='grc' dir='ltr'><em>φάσκων</em></span> <span class='ocrx_word' id='word_1_241' title='bbox 773 3213 791 3285; x_wconf 89' lang='lat'><em>5</em></span> <span class='ocrx_word' id='word_1_242' title='bbox 816 3213 912 3301; x_wconf 89' lang='grc' dir='ltr'><em>λόγος</em></span> <span class='ocrx_word' id='word_1_243' title='bbox 925 3208 1071 3282; x_wconf 75' lang='grc' dir='ltr'><em>“όλολυ-</em></span> 
     </span>
    </p>
   </div>
   <div class='ocr_carea' id='block_1_3' title="bbox 102 3365 306 3376">
    <p class='ocr_par' dir='ltr' id='par_1_3' title="bbox 102 3365 306 3376">
     <span class='ocr_line' id='line_1_32' title="bbox 102 3365 306 3376; baseline -0.01 0"><span class='ocrx_word' id='word_1_244' title='bbox 102 3365 306 3376; x_wconf 76' lang='lat'>......-...-—--</span> 
     </span>
    </p>
   </div>
   <div class='ocr_carea' id='block_1_4' title="bbox 169 3447 968 3512">
    <p class='ocr_par' dir='ltr' id='par_1_4' title="bbox 169 3447 968 3512">
     <span class='ocr_line' id='line_1_33' title="bbox 169 3447 968 3512; baseline -0.003 -11"><span class='ocrx_word' id='word_1_245' title='bbox 169 3451 360 3512; x_wconf 77' lang='lat' dir='ltr'><strong>4Es.10,33.</strong></span> <span class='ocrx_word' id='word_1_246' title='bbox 465 3449 656 3508; x_wconf 77' lang='lat' dir='ltr'><strong>15Ez.17‚3.</strong></span> <span class='ocrx_word' id='word_1_247' title='bbox 762 3447 968 3506; x_wconf 74' lang='lat' dir='ltr'>19Ez.17,12.</span> 
     </span>
    </p>
   </div>
   <div class='ocr_carea' id='block_1_5' title="bbox 0 0 1173 3818">
    <p class='ocr_par' dir='ltr' id='par_1_5' title="bbox 0 0 1173 3818">
     <span class='ocr_line' id='line_1_34' title="bbox 0 0 1173 3818; baseline 0 0"><span class='ocrx_word' id='word_1_248' title='bbox 0 0 1173 3818; x_wconf 95' lang='lat' dir='ltr'><em> </em></span> 
     </span>
    </p>
   </div>
  </div>
 </body>
</html>
