2326 3818
83 143 147 208 680
494 144 643 194 εοεεοιι

83 282 178 355 ούπω
196 282 359 373 γενόμενα
377 286 594 374 προβλέπων,
614 278 659 365 ὥς
677 282 774 371 ἐγγύς
789 284 825 353 δὲ
840 286 895 353 καὶ
909 292 1056 373 πλησίον

83 384 150 474 ἤδη
176 387 301 456 ἑστῶτα
325 388 381 455 καλ
405 387 670 475 περικυκλούντα
694 380 814 472 αύτδν,
841 392 964 473 ἔλεγεν.
1004 392 1054 457 78.

85 477 186 569 αὖθις
204 487 241 556 δὲ
260 484 482 575 ἐπαναλαβολν
494 486 535 556 τά
547 484 612 575 ἤδη
630 489 912 576 προπεπραγμένα
926 493 974 568 είς
989 487 1057 575 τὴν

83 591 153 659 τοῖν
169 587 360 678 μελλόντων
378 587 615 677 συμβήσεσθαι
632 595 868 678 παραμυθίαν,
896 583 951 657 ολα
968 586 1055 659 ὑπί-

83 718 198 779 μεινεν
216 691 469 777 ἐπιβουλευθείς
487 687 640 759 διδάσκει
652 691 760 777 λέγων
772 684 845 781 “Su
860 687 1083 764 ἐκύκλωσάνε

83 820 124 880 με
138 790 237 872 κύνες
250 793 379 879 πολλοὶ,
393 789 573 879 συναγωγὴ
587 792 866 880 πονηρευομίνων
879 792 1057 880 περιέσχον

84 889 163 981 με·”
187 891 242 961 διά
259 890 399 981 τούτων,
418 891 462 973 ὡς
481 890 579 978 είκδς,
599 896 712 980 δηλῶν
723 887 807 980 ὁμου
823 892 887 981 μὲν
903 894 959 961 καλ
976 890 1057 974 τούς

23 1051 25 1057 ,
85 991 302 1082 στρατιώτας,
325 992 410 1083 ὁμου
435 994 472 1063 δὲ
496 996 552 1063 καλ
575 992 655 1074 τούς
673 994 709 1062 ἐκ
733 995 911 1082 περιτομῆς
930 995 1056 1062 ἐπανα-
1093 1038 1097 1045 -

85 1091 227 1175 στάντας
244 1092 344 1187 αὐτῷ.
388 1099 423 1164 oc
436 1096 498 1184 μὲν
521 1094 584 1183 γάρ
603 1101 798 1184 στρατιῶται
821 1098 882 1164 τού
904 1091 1056 1164 Πιλάτου

85 1193 336 1284 παραλαβόντες
359 1194 418 1266 τόν
431 1194 563 1285 Ἰησοῦν
587 1202 634 1277 είς
656 1193 693 1265 τό
720 1194 923 1286 πραιτώριον
948 1193 1055 1283 συνη-
1070 1228 1096 1269 ιο

32 1365 35 1371 .
58 1327 71 1366 ο
85 1325 191 1384 μανον
213 1294 296 1385 ὅλην
318 1295 381 1385 τὴν
398 1314 542 1386 σπεῖραν
560 1294 612 1365 ἐπ’
634 1292 754 1384 αὐτόν,
779 1298 835 1367 καλ
854 1294 1056 1379 ἐκδύσαντες

86 1394 189 1469 αύτὸν
206 1396 358 1487 χλαμύδα
376 1406 535 1486 κοκκίνην
553 1400 761 1487 περιέθηκαν
778 1394 882 1491 αύτῷ,
900 1399 956 1468 καλ
974 1399 1057 1468 πλέ-

85 1503 201 1583 ξαντες
218 1501 385 1589 στέφανον
404 1503 436 1583 ἐξ
455 1496 617 1570 άκανθοῐν
630 1503 803 1588 ἐπέθηκαν
817 1502 869 1570 ἐπὶ
884 1504 942 1588 τῆς
952 1525 1055 1586 κεφα-

86 1607 145 1687 λῆς
163 1597 283 1688 αύτού,
301 1604 358 1671 καὶ
375 1599 525 1690 κάλαμον
539 1604 576 1670 ἐν
594 1605 634 1691 τῇ
652 1603 737 1690 χειρὶ
751 1598 866 1689 αὐτοῦ,
885 1603 941 1671 καὶ
953 1629 1056 1688 νονν-

86 1700 287 1791 πετήσαντες
294 1709 487 1793 ἔμπροσθεν
492 1700 598 1773 αὐτού
611 1703 782 1786 ἐνέπαιζον
788 1698 879 1795 αύτῷ
890 1705 1055 1790 λέγοντες,
1069 1731 1096 1774 15

85 1818 181 1927 χαῖρε
198 1798 216 1872 ὃ
235 1802 393 1891 βασιλεύς
407 1809 475 1875 τῶν
488 1800 678 1890 Ἰουδαίων,
697 1805 753 1873 καλ
767 1801 993 1892 ἐμπτύσαντες
1008 1809 1056 1884 είς

86 1901 188 1975 αὐτόν
212 1897 383 1993 ἔλαβον
350 1934 410 1976 τον
432 1904 598 2026 κάλαμον,
624 1857 681 1973 καλ
699 1910 890 1974 ἔτυπτονί
859 1932 874 1974 ε
889 1933 906 1984 ς
922 1931 985 1992 την
1002 1931 1056 1974 κε·

85 2004 198 2126 φαλην
216 2004 328 2075 αὐτοῦ.
367 2012 415 2074 79.
435 2002 526 2075 καλ
507 2034 562 2076 οτε
580 2001 815 2088 ἐνέπαιξαν’
774 2009 875 2097 αυτῷ,
894 2006 1057 2088 ἐξέδυσαν

86 2101 190 2174 αύτὸν
207 2134 269 2193 την
289 2104 461 2229 χλαμύδα,
486 2109 542 2176 καὶ
570 2105 798 2176 ἐνέδυσαν’
758 2103 862 2177 αυτόν
884 2105 925 2175 τά
944 2105 1057 2194 ἱμάτια

85 2202 201 2295 αὐτοῦ,
213 2203 298 2276 καὶ’
278 2207 453 2297 απήγαγον
465 2207 569 2279 αύτδν
583 2207 676 2290 είς
643 2238 680 2279 το
690 2205 915 2298 σταυρῶσαι,”
935 2236 1055 2296 μονον-
1069 2239 1097 2280 ιο

85 2310 202 2397 ουχὶέ
200 2338 270 2402 ργῳ
296 2308 585 2400 πληρούυτες’
523 2308 559 2381 τό
588 2306 652 2380 ’ότι
677 2307 871 2380 ἐκύκλωσάυ
893 2335 934 2399 με
957 2308 1057 2392 κύνες

20 2441 74 2490 (τοι)
88 2412 224 2497 πολλοὶ,
256 2409 437 2500 συναγωγὴ
468 2415 748 2501 πονηρευομένων
772 2413 947 2500 περιέσχον
973 2407 1054 2498 με·”

85 2508 169 2579 ἄλλά
187 2514 243 2580 καὶ
260 2511 297 2581 τὸ
311 2508 467 2603 “οἰ’ρυξαν
485 2510 596 2601 χεῖράς
613 2541 679 2600 μου
697 2515 753 2582 καὶ
771 2510 876 2592 πόδας
889 2540 966 2601 μου,
985 2515 1057 2601 ἐξη-

86 2620 257 2700 ρίθμησαν
274 2612 440 2683 πάντατά
458 2609 538 2683 όστά
556 2610 656 2703 μου,”
682 2616 738 2683 καὶ
757 2621 806 2683 ἔτι
828 2611 865 2682 τὸ
879 2609 998 2683 “αύτολ
1017 2614 1056 2682 δὲ

85 2711 291 2802 κατενόησαν
305 2718 360 2785 καὶ
376 2713 511 2784 ἐπεϊδόυ
528 2712 602 2803 με,”
623 2716 679 2783 καὶ
692 2711 729 2784 τό
742 2712 997 2803 ’διεμερίσαντο
1014 2711 1055 2783 τά
1068 2743 1096 2785 ετ

86 2811 200 2901 ίμάτιά
217 2842 283 2902 μου
301 2818 448 2905 ἑαυτοῖς,
472 2818 527 2886 καὶ
547 2819 601 2886 ἐπὶ
618 2813 676 2886 τόν
695 2813 871 2906 ἱματισμόν
893 2845 958 2905 μου
976 2822 1057 2902 ἔβα-

86 2922 146 2983 λον
164 2915 309 3005 κληρον”
331 2909 432 2999 αὖθις
457 2916 699 3007 ἑπληροῦτο,“
681 2946 736 2988 οτε
759 2914 851 3005 ηλοις
875 2914 979 2987 αύτού
997 2915 1057 2999 τάς

85 3031 197 3137 χεῖρας
222 3017 378 3100 καὶτοὺς
404 3019 508 3101 πόδας
531 3027 577 3112 τῷ
604 3027 738 3113 σταυρῷ
756 3021 975 3108 κατίπειραν,
999 3021 1057 3087 καλ

85 3111 284 3206 ὁπηνίκα
246 3148 287 3189 τα
307 3119 419 3209 ἱμάτια
438 3120 541 3191 αὐτου
526 3090 711 3207 λαβόντες
726 3121 993 3246 διεμερίσαντο
976 3147 1057 3188 εαυ-

85 3236 163 3301 τοῖς.
189 3219 273 3291 8οΪ
259 3227 379 3311 ογοῦν
392 3221 547 3312 Ιωαννης
560 3227 686 3313 ιστορεῖ
696 3221 821 3312 λεγων
824 3217 917 3292 οί
881 3251 944 3292 ουν
957 3242 1054 3309 στρα
1067 3247 1095 3289 ιο

87 3360 242 3372 ι-ᾳ---.,.

154 3450 170 3499 5
187 3451 286 3502 Matth.
300 3458 341 3518 ετ,
356 3458 397 3509 27.
502 3458 536 3506 30
552 3455 596 3505 σο.
613 3458 652 3520 19,
666 3459 723 3508 τε,
