2326 3818
332 122 518 175 οεΜοΝεΤ.
537 121 669 173 εοεαε.
687 121 735 174 1v.
754 123 777 171 ε.
797 124 823 171 3.
995 118 1059 182 213

88 257 277 348 προστάτην
294 262 350 329 καὶ
368 257 555 350 κηδεμόνα,
573 257 707 349 σωτῆρά
722 283 759 327 τε
777 261 832 328 καὶ
852 257 982 349 ἰατρόν,
1003 261 1059 329 καλ

89 358 300 450 κυβερνήτην
322 366 379 449 τῆς
403 366 472 431 τῦν
494 356 582 431 ὅλων
607 366 825 450 δημιουργίας
849 357 926 442 τοῦς
944 371 1059 442 οίακας

90 464 415 552 περιδεδραμγὲνον;
440 468 470 532 2.
489 458 572 532 ὅθεν
591 460 727 542 εἰκότως
739 467 775 530 οί
790 464 931 551 χρησμοὶ
943 471 1060 532 θεολο-

90 566 227 650 γοῦντες
251 559 336 632 θεὸν
358 560 521 653 γεννητόν
544 559 647 634 αύτδν
663 559 930 651 ἀποφαίνουσιν,
956 561 1000 641 ὡς
1018 557 1061 631 άν

63 671 147 751 ὁτῆς
166 661 399 754 ἀνεκφράοτου
417 668 473 734 καὶ
488 662 710 752 ἀπερινοήτου
726 662 885 751 θεότητος
903 661 1006 752 μόνον
1025 666 1085 732 ἐνι

91 761 182 857 αύτῷ
206 768 353 854 φέροντα
377 765 440 854 τὴν
463 764 592 852 είκόνα,
618 763 661 836 δι’
686 762 727 853 ἣν
744 768 801 835 καί
819 765 904 835 θεὸν
922 763 1009 834 εἶναι’
1026 792 1062 833 τε

91 862 196 936 αῦτόν
212 870 269 936 καί
286 869 444 955 λέγεσθαι
461 871 518 956 τῆς
536 864 618 957 πρὸς
635 864 671 937 τό
689 874 822 957 πρῶτον
841 864 1062 955 ἐξομοιάσεως

91 965 205 1058 χάριν,
223 967 327 1059 ταύτη
345 997 382 1038 τε
399 961 502 1039 αῦτὸν
519 966 651 1057 ἀγαθόν
669 991 774 1057 φασιν
791 966 962 1058 ὑπηρέτην
980 965 1063 1058 πρός

91 1073 152 1139 τοῦ
169 1068 292 1159 πατρὸς
309 1073 585 1160 ῦποβεβληοθαι,
609 1076 666 1139 ἰ’να
685 1068 796 1159 ὥσπερ
816 1065 861 1138 δι’
884 1066 958 1151 ἑνός
976 1096 1063 1139 παν-

54 1188 79 1228 1⁰
92 1168 201 1257 σόφου
224 1172 279 1239 καὶ
305 1175 422 1253 ζῦυτος
445 1168 594 1262 ὀργάνου
617 1174 771 1260 τεχνικοῦ
793 1198 830 1239 τε
853 1173 909 1240 καλ
930 1174 1064 1259 ἐπιστη-

92 1275 235 1359 μονικοῦ
257 1269 398 1352 κανόνος
422 1272 461 1341 τά
485 1273 593 1342 πάντα
618 1269 709 1363 αύτῷ
732 1268 977 1358 άπευθύυοιτο,
997 1272 1064 1341 σοι’-

92 1399 179 1460 ματα
192 1369 276 1459 ὁμοῦ
289 1374 345 1440 καί
359 1371 533 1462 ἀσώματα,
548 1371 680 1461 ἔμψυχά
690 1401 725 1442 τε
739 1374 794 1441 καί
809 1369 933 1461 ἀψυχα,
948 1369 1064 1459 λογικά

93 1471 159 1540 σῦν
176 1468 320 1560 ἀλόγοις,
339 1473 449 1561 θνητά
464 1472 528 1549 σῦν
546 1469 745 1560 ἀθανάτοις,
765 1475 820 1542 καὶ
840 1484 873 1543 εί
887 1502 918 1541 τι
935 1471 1065 1553 τούτοις

94 1577 208 1662 ἕτερον
231 1577 468 1664 συνυφέστηκέ
487 1576 603 1644 τεκαὶ
621 1571 849 1662 συνύφανται,
869 1577 924 1644 καί
943 1571 987 1655 ῦς
1005 1581 1094 1667 μιᾷᾶ

55 1690 80 1730 15
94 1679 162 1744 τῦν
179 1673 268 1745 ὅλων
286 1673 439 1765 δυνάμει,
460 1679 515 1747 ἑνί
525 1705 560 1746 τε
578 1683 674 1760 ζῶντι
691 1679 747 1745 καὶ
766 1674 902 1770 ἐμψύχῳ
920 1674 1011 1768 νόμῳ
1029 1705 1066 1746 τε

93 1777 149 1845 καὶ
177 1774 265 1869 λόγῳ
291 1779 328 1846 ἐν
353 1780 456 1848 πᾶσιν
478 1775 550 1848 ῦντι
573 1779 629 1847 καί
654 1774 709 1846 διά
732 1775 869 1848 πάντων
893 1776 1007 1866 ἥκοντι
1025 1777 1065 1846 τά

93 1876 201 1947 πάντα
220 1876 458 1969 συναρμόζοιτο
482 1875 544 1968 ὑφ’
565 1882 616 1950 ἑνί
635 1877 798 1972 πανσόφςο
817 1885 946 1972 δεσμῷ,
972 1877 1064 1971 αὐτῷ

95 1976 136 2067 δὴ
154 1984 201 2070 τῷ
225 1983 285 2048 τοῦ
302 1985 388 2050 θεοῦ
410 1979 498 2074 λόγῳ
524 2010 560 2051 τε
585 1983 642 2050 καί
665 1978 774 2074 νόμῳ,
800 1977 1013 2069 συναγόμενά
1029 2007 1065 2048 τε

95 2081 151 2148 καί
170 2078 392 2168 συνδούμενα.

56 2196 81 2235 2⁰
172 2178 221 2249 Ill.
242 2178 334 2260 Ἐνὸς
361 2183 397 2251 δὲ
415 2180 509 2262 ὄντος
527 2189 587 2253 τοῦ
605 2180 728 2272 πατρὸς
757 2186 816 2251 ἕνα
839 2178 900 2272 χρὴ
926 2185 981 2251 καὶ
1005 2179 1064 2251 τόν
1079 2215 1133 2265 ρει)

94 2277 191 2366 υίόν,
218 2275 291 2348 ἀλλ’
313 2283 355 2351 οῦ
373 2281 515 2362 πολλοῦς
535 2282 637 2370 εἶναι,
661 2286 718 2352 καὶ
741 2285 800 2352 ἕνα
817 2285 943 2352 τέλειον
961 2281 1095 2371 μόνονι

94 2380 257 2469 γεννητὸν
287 2380 372 2452 θεόν
391 2386 427 2451 ἐκ
450 2387 553 2469 θεοῦ,
585 2380 659 2451 ἀλλ’
688 2380 728 2451 οὐ
752 2390 897 2463 πλείους.
942 2389 979 2453 ἐν
1002 2382 1065 2473 γάρ

95 2490 248 2553 πλείοσιν
267 2481 417 2573 ἑτερότης
433 2490 523 2553 ἔσται
537 2486 592 2553 καί
608 2480 754 2574 διαφορά
769 2487 898 2553 καὶτοῦ
917 2491 1066 2572 χείρονος

95 2582 270 2674 είσαγωγη.
308 2582 360 2656 διό
380 2584 421 2675 δὴ
440 2582 487 2666 εἷς
505 2584 585 2666 θεὸς
604 2584 678 2666 ἑνὸς
695 2589 773 2655 υίοῦ
790 2593 920 2656 τελείου
934 2588 990 2655 καὶ
1009 2616 1066 2675 μο-

55 2704 81 2746 2⁶
95 2690 272 2774 νογενοῦς,
295 2685 369 2756 ἀλλ’
391 2685 432 2757 ού
450 2686 616 2758 πλειόνων
633 2691 726 2758 θεῶν
738 2683 820 2758 ὀὐδ’
840 2693 927 2757 υίῦν
942 2684 1065 2777 πατὴρ,

94 2792 124 2856 2.
146 2790 218 2857 ἐπεὶ
241 2790 297 2857 καί
314 2792 391 2877 μιᾶς
417 2786 520 2877 οῦσης
544 2788 654 2877 φωτός
677 2787 793 2871 οῦσίας
815 2797 897 2879 μίαν
924 2793 980 2858 καὶ
1003 2789 1065 2877 τὴν

97 2889 128 2969 ἐξ
153 2885 258 2958 αὐτοῦ
288 2893 502 2979 γεννωμένην
525 2897 657 2960 τελείαν
680 2887 786 2978 αῦτην
815 2895 905 2961 πάσα
935 2889 1065 2979 ἀνάγκη

95 2997 264 3059 τίθεσθαι.
302 2994 330 3058 3.
349 2997 385 3058 τί
399 2988 463 3080 γάρ
482 2986 525 3059 ἀν
538 2993 594 3060 καί
607 2989 688 3061 ἀλλο
701 2993 850 3080 γέννημα
868 2992 977 3081 φωτὸς
997 2996 1065 3061 ἐπι-

95 3105 188 3161 νοεῖν
206 3089 362 3178 δυνατὸν,
381 3090 426 3181 μὴ
444 3086 519 3180 ούχλ
537 3089 645 3180 μόνην
658 3091 720 3181 τὴν
735 3095 767 3175 ἐξ
782 3091 887 3164 αῦτοῦ
898 3091 938 3162 τά
957 3092 1065 3163 πάντα

58 3206 83 3246 ³⁰
95 3198 290 3281 πληροῦσαν
314 3194 370 3261 καλ
393 3189 676 3282 καταλάμπουσαν
699 3190 835 3279 ἀκτῖνας
862 3200 929 3264 πάν
946 3192 1010 3282 γάρ
1028 3192 1065 3262 τό

96 3292 216 3381 ταύτης
235 3289 409 3383 ἀλλότριον
427 3293 543 3376 σκότος
561 3289 604 3364 ἀν
629 3305 680 3382 είη
704 3298 759 3364 καί
784 3293 824 3364 οὐ
842 3298 923 3384 φάς.
961 3292 1064 3384 ταύτη

94 3421 145 3463 τοι
163 3398 218 3464 καὶ
236 3399 295 3466 τοῦ
313 3393 449 3467 πάντων
460 3392 633 3466 άνωτάτον
644 3393 780 3487 πατρός,
797 3394 950 3488 ἀρρήτου
962 3394 1083 3483 τρωτός
1097 3431 1112 3455 ε
