2326 3818
131 148 196 210 424
554 148 703 201 Ευεεειτι

108 294 221 378 εμένςο
240 303 308 367 τοῖς
329 285 604 376 ἐντυγχάνουσιν,
628 284 678 357 ὅτι
703 284 784 357 “ἐάν
802 287 845 376 μή
864 285 1110 378 πιστεύσωσιν,

132 385 213 458 οῦδὲ·
231 386 276 477 μή
301 383 455 459 συνωσι.”
492 391 547 457 καὶ
574 385 762 477 ἀναγκαίοις
786 394 869 477 χρήν
897 388 1112 477 ἐπισημήνα-

134 502 226 576 σθαι,
248 489 443 572 δεικνύντας
463 488 513 560 ὅτι
531 487 575 578 μή
598 489 702 578 μόνον
728 494 913 578 συνέσεως,
938 488 1022 559 ἀλλά
1048 496 1112 563 καὶ

133 599 274 672 πίστεως
299 600 354 662 δεῖ
374 609 443 671 τοῖς
468 593 729 679 ἐντευξομένοις,
760 594 816 660 καὶ
846 588 887 661 οῦ
910 589 1016 679 μόνον
1048 603 1111 664 πί-

133 718 247 780 στεως,
266 690 350 761 ἀλλά
368 697 424 762 καὶ
442 696 618 772 συνέσεως.
655 689 739 761 ὅθεν
757 698 792 761 οί
808 696 844 760 ἐκ
862 697 1041 780 περιτομῆς
1061 695 1139 784 μήτ

133 793 370 874 πιστεύσαντες
395 800 442 874 εἰς
465 789 525 862 τὸν
548 791 694 879 Χριστὸν
711 797 771 862 τοῦ
795 800 897 881 θεοῦ,
922 797 1021 862 εἰσέτι
1047 800 1110 867 καὶ

133 900 196 964 νῦν
214 892 343 964 τούτων
366 889 586 983 ἀκροώμενοι,
611 891 705 962 οῦπω
729 896 785 962 καλ
812 902 858 976 είς
879 898 979 984 δεῦρο
998 904 1112 984 συνή-

66 1028 119 1080 [195]
134 1025 197 1064 καν
219 992 277 1063 τδν
304 994 615 1083 προφητευόμενον,
641 992 725 1063 ὥστε
748 990 802 1063 ἐπ’
830 993 941 1076 αὐτοῖς
960 995 1111 1085 πρώτοις

135 1099 362 1181 ἐπαληθεῦσαι
392 1095 454 1184 τήν
487 1094 680 1186 πρόρρησιν.
744 1101 795 1166 29.
828 1095 910 1187 ἀκοή
941 1097 1004 1185 γάρ
1035 1103 1109 1170 τῶν

134 1199 210 1284 περὶ
241 1203 301 1266 τοῦ
332 1200 477 1284 Χριστοῦ
507 1202 719 1287 προφητειῦν
750 1195 805 1265 διά
836 1195 943 1285 πάσης
978 1193 1149 1288 ήμέραςιο

133 1296 310 1378 ἀκούοντες
347 1295 408 1368 ύσλ
449 1305 598 1378 διανοίας
636 1296 697 1367 οῦκ
727 1295 917 1369 ἀκούουσιν.
979 1304 1037 1386 τής
1070 1330 1109 1370 τε

106 1431 120 1471 ο
134 1396 271 1488 ἀγνοίας
290 1395 403 1469 αῦτῦν
422 1412 529 1470 αίτιον
546 1397 649 1469 οῦδὲν
663 1401 776 1488 ἕτερον
793 1393 813 1489 ή
832 1395 966 1468 ἀπιστία
980 1401 1109 1489 τυγχά-

133 1530 203 1589 νει,
229 1504 284 1571 καί
302 1508 399 1571 τοῦτο
416 1504 474 1588 τής
492 1499 705 1591 προρρήσεως
723 1496 879 1582 ἀψευδοῦς
898 1503 974 1589 περὶ
992 1498 1108 1572 αὐτῶν

135 1605 189 1671 καὶ
216 1601 298 1689 πρὸς
325 1600 447 1682 αὐτούς
473 1600 741 1690 ἀποφηναμένης,
780 1596 862 1670 “ἐάν
892 1601 974 1690 γάρ,
1007 1607 1106 1692 φησὶ,

134 1702 178 1790 μή
197 1701 406 1793 πιστεύσητε,
425 1701 505 1773 οὐδὲ
523 1703 568 1791 μή
587 1698 735 1792 συνήτε.”
785 1708 835 1772 30.
863 1700 938 1772 ἀλλ’
959 1710 990 1772 εί
1002 1719 1107 1790 φαῖεν
1120 1734 1146 1776 ιτ

94 1858 98 1863 -
134 1801 179 1892 μή
210 1807 399 1894 παρθένον,
431 1810 549 1874 νεάνιν
573 1804 609 1872 δέ
633 1801 829 1892 ὠνομάσθαι
854 1808 891 1873 έν
914 1809 955 1894 τή
978 1810 1106 1897 γραφή,

135 1902 256 1993 (οὕτως
282 1904 346 1994 γάρ
371 1928 454 1992 φασι
477 1908 643 1993 φέρεσθαι
666 1902 746 1993 παρ’
774 1902 902 1993 αὐτοῖς)
927 1908 982 1974 καὶ
1006 1923 1107 1977 ποῖον

134 2001 177 2074 ἀν
194 2010 336 2091 γένοιτο,
354 2004 516 2093 φήσομεν,
536 2021 673 2093 σημεῖον
688 2011 885 2093 ἐπαγγελίας
898 2013 984 2075 θεοῦ
999 2004 1105 2095 ἀξιον,

136 2113 167 2175 εί
189 2104 349 2193 συνήθως
372 2113 496 2175 τίκτειν
519 2102 573 2175 οἷα
598 2109 654 2175 καὶ
677 2111 779 2176 πᾶσαι
804 2123 961 2193 γυναῖκες
981 2111 1013 2191 ἐξ
1031 2103 1107 2196 ὁμι-

135 2216 208 2287 λίας
232 2205 355 2295 ἀνδρδς
379 2211 416 2278 ἐν
439 2211 558 2296 γαστρὶ
582 2213 731 2294 λαβοῦσα
755 2215 869 2288 νεᾶνίς
890 2238 939 2289 τις
971 2217 1104 2296 ἔμελλε;
1119 2240 1146 2281 το

135 2313 205 2390 πως
225 2309 262 2377 δέ
280 2311 336 2378 καὶ
353 2307 433 2390 θεὸς
451 2302 494 2395 ήν
512 2307 529 2378 ὁ
550 2312 582 2392 ἐξ
597 2306 699 2396 αῦτής
712 2308 937 2398 γεννώμενος;
974 2312 1029 2378 καὶ
1043 2307 1105 2400 οῦχ

134 2410 246 2492 διπλοῦς
269 2408 365 2499 θεὸς,
391 2407 465 2480 ἀλλ’
492 2405 509 2481 δ
535 2409 613 2500 μεθ’
641 2406 753 2499 ήμῦν;
787 2414 885 2480 τοῦτο
903 2409 965 2501 γάρ
984 2421 1107 2500 σημαί-

135 2541 206 2582 νειν
225 2511 380 2600 βούλεται
398 2511 434 2582 τὸ
448 2509 670 2600 Ἐμμανουήλ,
688 2509 770 2597 ὅπερ
788 2514 872 2599 φησὶ
894 2517 967 2581 δεῖν
985 2510 1105 2600 ὀνομά-

135 2623 201 2697 ζειν
218 2615 278 2681 τὸν
295 2611 515 2701 γεννώμενον.
551 2607 649 2682 “coefi
667 2611 730 2700 γάρ
748 2610 769 2700 ή
787 2617 967 2701 παρθένος,
986 2616 1103 2699 φησὶν,

68 2745 121 2795 μω)
138 2719 173 2782 ἐν
191 2716 309 2801 γαστρὶ
328 2711 479 2800 λήψεται,
498 2716 554 2781 καὶ
571 2717 694 2795 τέξεται
712 2713 800 2799 νίὸν,
819 2716 876 2783 καὶ
892 2714 1039 2791 καλέσεις
1065 2711 1103 2781 τὸ
1118 2742 1146 2784 ετ

135 2812 239 2901 ὄνομα
265 2810 369 2882 αὐτοῦ
394 2809 612 2902 Ἐμμανουήλ,
632 2812 650 2883 ὅ
669 2819 737 2883 ἐστι
755 2810 1105 2904 μεθερμηνευόμενον,

135 2913 212 3001 μεθ’
240 2912 335 3003 ήμῶν
360 2910 378 2985 ὁ
404 2911 510 2996 θεός.”
566 2920 616 2984 31.
653 2933 746 2996 ποῖος
771 2917 886 2984 δὲκαὶ
912 2913 1106 3008 ἀγιὸνθεῷ,

134 3011 156 3105 ή
174 3033 267 3097 ποῖος
285 3013 328 3086 ἀν
347 3029 397 3104 είη
416 3015 516 3098 κόπος
534 3019 590 3086 καὶ
607 3014 732 3106 μόχθος
763 3019 815 3086 ε’πλ
831 3014 976 3103 συνήθει
993 3014 1106 3109 τρόπῳ

134 3115 292 3207 γυναικὸς
316 3116 504 3206 τικτούσης;
541 3121 578 3188 έν
602 3120 663 3206 μὲν
685 3117 748 3207 γάρ
772 3136 840 3199 τοῖς
857 3112 1027 3205 ήμετέροις
1048 3113 1106 3188 ἀν-

135 3219 308 3309 τιγράφοις
337 3214 398 3308 ὑφ’
433 3216 662 3307 ἑβδομήκοντα
693 3215 846 3309 ἀνδρῶν,
878 3215 1014 3289 ἀνωθεν
1044 3219 1106 3308 μὲν
1120 3248 1146 3289 οο

131 3318 294 3406 Ἐβραίων
311 3319 347 3388 τὸ
365 3322 472 3408 γένος,
492 3315 545 3388 ἐπ’
565 3318 718 3411 ἀκριβείᾳ
737 3321 773 3388 δὲ
790 3325 848 3408 τής
866 3327 1010 3404 πατρίου
1027 3348 1107 3389 παι-

138 3425 229 3501 δείας
250 3424 561 3509 δεδοκιμασμένων,
581 3424 855 3510 ἑρμηνευομένοις
874 3411 943 3490 ιδδέ
955 3447 1026 3502 πως
1043 3423 1108 3508 φέ-
