2326 3818
339 146 523 198 DEMONST.
541 147 674 198 EVANG.
692 147 753 197 VII.
769 150 791 199 l.
976 145 1040 209 425

72 314 163 375 ρεται
185 284 253 374 ’μή
271 284 391 374 μικρὸν
413 281 495 372 ῦμῑν
518 283 632 372 ἆχῦνα
655 288 812 374 παρέχειν
829 281 1040 372 άνθρούποις;

71 390 220 468 καὶπῶς
244 396 350 479 κυρίῳ
374 388 532 475 παρέχετε
562 383 694 473 ἀμύνω
733 382 788 462 διά
815 391 912 455 τοῦτο
940 386 1070 457 δεύσειε

71 488 185 573 κύριος
209 484 307 568 αῦτδς
330 485 412 575 ὑμῖν
436 503 583 574 σημεῖον.
637 491 687 555 32.
725 486 801 555 ίδοῦ
826 481 846 574 ή
872 493 1040 576 παρθένος

73 594 109 658 ἐν
126 590 244 677 γαστρὶ
262 587 412 676 λήψεται,
431 591 487 656 καὶ
503 590 629 670 τέξεται
646 588 740 671 υίδν,
758 584 794 668 ὃς
812 586 1005 675 κεκλήσεται
1022 589 1040 657 δ

45 688 151 777 εμεθ’
177 687 272 777 ήμων
297 685 419 771 θεός“”
459 689 569 777 (τοῦτο
596 687 676 778 γάρ,
704 685 748 768 ῦς
780 695 882 776 έφην,
917 696 1041 776 δηλοῦν

72 789 227 875 βούλεται
250 787 287 860 τδ
307 789 517 879 Ἐμμανουήλ
541 789 645 878 ὄνομα
654 788 676 878 )
714 793 750 858 έν
775 790 812 858 δὲ
835 806 902 869 τοῖς
928 787 1041 859 αῦτιῦν

68 888 241 962 Ἰουδαίων
263 889 479 980 ἀντιγράφοις
508 888 591 960 κατά
614 888 676 977 τήν
698 887 838 961 Ἀκύλου
855 891 1041 980 μεταβολήν

71 997 283 1081 φερομένοις,
310 991 531 1082 (προσήλυτος
557 994 593 1061 δὲ
611 990 628 1061 ὁ
644 990 783 1072 Ἀκύλας
801 982 860 1080 ήν,
879 991 920 1062 οῦ
939 991 1041 1080 φύσει

68 1090 243 1182 Ἰουδαῖος)
262 1089 349 1181 ὅμως
376 1092 407 1161 δ’
435 1083 497 1162 οῦν
514 1096 569 1162 καὶ
588 1091 659 1161 κατ’
691 1091 794 1162 αῦτῦν
811 1101 931 1162 τοῦτον
950 1106 1041 1182 είρη-

32 1226 58 1263 10
72 1224 125 1262 ται
156 1193 215 1264 τδν
243 1193 368 1283 τρόπον
387 1191 574 1263 “ἆκου’σατε
598 1192 640 1280 δή
670 1193 760 1273 οἶκος
784 1197 914 1282 Λαβὶδ,
942 1195 987 1283 μή
1010 1225 1042 1265 τι

70 1293 185 1382 ὀλίγον
203 1292 268 1364 ἀπὸ
285 1289 381 1383 ῦμοῦν
399 1299 549 1383 μοχθοῦν
568 1292 714 1381 ἄνδρας,
733 1291 783 1364 ὅτι
800 1301 967 1384 μοχθοῦτε
986 1305 1044 1365 καί

71 1425 108 1483 χε
134 1394 193 1466 τόν
220 1394 336 1481 κύριον
361 1393 447 1466 θεόν
472 1424 555 1483 μου;
593 1393 648 1465 διά
677 1401 776 1464 τοῦτο
809 1395 910 1466 δοέσει
941 1394 1040 1477 αῦτδς
1058 1437 1071 1464 e

70 1495 152 1584 ὑμῖν
177 1513 323 1585 σημεῖον.
362 1493 437 1566 ι’δοῦ
461 1493 482 1584 ή
505 1502 618 1577 νεᾶνις
648 1502 685 1567 ἐν
708 1500 826 1585 χαστρὶ
851 1494 1041 1585 συλλαμβά-

70 1625 134 1684 νει,
153 1600 208 1666 καὶ
226 1605 328 1669 τίκτει
346 1595 440 1686 υίόν,
467 1600 522 1666 καὶ
541 1601 690 1678 καλέσεις
708 1594 813 1686 ὄνομα
837 1596 940 1668 αῦτοῦ
966 1598 1042 1686 Ἐμ-

33 1727 57 1768 15
71 1695 256 1786 μανουήλ,”
309 1705 359 1768 33.
397 1698 486 1786 παρὰ
505 1700 542 1768 δὲ
559 1704 605 1792 τῷ
624 1697 797 1791 Συμμάχςο
814 1696 916 1770 ταῦθ’
936 1696 1042 1782 οὕτως

72 1809 138 1888 ἔχει
157 1800 299 1889 (λέγεται
319 1800 357 1869 δέ
375 1795 391 1869 ὁ
411 1798 591 1889 Σύμμαχος
605 1798 797 1888 Ἐβιωναῖος
816 1801 916 1871 εἶναι·
953 1808 1042 1885 αἴρε-

71 1927 122 1983 σις
141 1903 178 1971 δὲ
196 1893 239 1990 ήν
256 1899 343 1971 οὕτω
362 1904 578 1990 καλουμένων
595 1906 697 1971 τινων
712 1898 884 1972 Ἰουδαίων
903 1910 948 1981 είς
963 1913 1042 1987 Χρι-

72 2001 153 2073 στόν
176 2001 346 2096 πιστεύειν
370 2006 576 2091 λεγομένων,
609 2007 641 2085 ἐξ
669 1992 717 2071 οἷν
740 2001 757 2073 ὁ
782 2002 962 2092 Σύμμαχος
988 1994 1041 2091 ήν,

25 2112 26 2115 ’
71 2102 151 2188 παρ’
172 2133 198 2195 φ
216 2107 272 2173 καὶ
291 2101 380 2196 αὐτῷ
398 2107 501 2172 ταῦτα
520 2103 625 2184 οὕτως
648 2103 728 2192 ἔχει)
743 2099 935 2174 “άκούσατε
953 2105 1042 2185 οἶκος
1102 2148 1106 2152 -

33 2206 204 2291 νοΛαβὶδ,
230 2203 273 2292 μή
299 2200 359 2273 οῦκ
384 2202 546 2292 αὔταρκες
569 2200 652 2296 ῦμῖν
674 2211 803 2274 κοποῦν
827 2203 1042 2294 ἀνθρώπους,

71 2303 121 2373 ὅτι
146 2309 289 2373 κυποῦτε
311 2304 369 2373 τδν
392 2304 476 2373 θεόν
500 2333 580 2391 μου;
608 2304 664 2373 διά
687 2309 784 2376 τοῦτο
809 2305 910 2376 δώσει
928 2305 1043 2392 κύριος

72 2403 171 2484 αὐτὸς
189 2402 272 2492 ὑμῖν
289 2422 435 2493 σημεῖον.
474 2404 549 2473 ι’δοῦ
567 2400 588 2492 ή
608 2410 719 2484 νεᾶνις
740 2404 967 2493 συλλαμβάνει
986 2409 1041 2475 καὶ

71 2515 174 2576 τίκτει
197 2503 290 2595 υίῦν,
315 2508 372 2575 καὶ
396 2509 544 2586 καλέσεις
562 2503 666 2594 ὄνομα
685 2501 789 2575 αὐτοῦ
805 2503 1041 2594 Ἐμμανουήλ.”

72 2612 122 2677 34.
160 2606 276 2695 ἐπειδή
300 2606 365 2696 γάρ
389 2612 449 2679 τοῦ
473 2604 647 2677 Ἰουδαίων
677 2614 800 2688 ἔθνους
830 2605 867 2676 τῦ
898 2608 1059 2695 σκληρῦνο

34 2736 59 2775 νε
72 2715 131 2779 τοῦ
153 2707 280 2794 τρόπον
304 2711 361 2778 καὶ
385 2708 467 2799 πρὸς
487 2705 663 2797 εὐσέβειαν
689 2713 893 2778 δυσένδοτον
918 2715 1042 2798 ίδρῦτα

72 2812 128 2897 καὶ
147 2808 251 2879 κόπον
275 2809 404 2898 μόχθον
426 2808 521 2878 τεοῦ
539 2808 598 2881 τδν
615 2808 757 2899 τυχόντα
775 2812 831 2879 καὶ
849 2805 962 2897 άχωνα
982 2837 1042 2879 πα·

73 2923 161 2996 ρεῖχε
179 2927 247 2989 τοῖς
266 2908 369 2978 πάλαι
386 2913 561 2997 θεοφιλέσι
580 2910 782 2999 προφήταις,
806 2909 928 2980 τούτου
946 2910 1044 3000 χάριν

67 3003 152 3078 “οῦκ
171 3006 332 3098 αῦταρκες
350 3008 448 3098 ὑμῖν,
467 3013 570 3099 φησὶ,
589 3008 666 3092 τοῦς
684 3012 856 3100 προφήτας
874 3018 933 3081 τοῦ
958 3017 1043 3081 θεοῦ

72 3114 242 3199 μοχθοῦν,
262 3114 316 3180 καὶ
336 3109 450 3199 ἆχῦνα
468 3120 627 3203 παρέχειν
644 3109 854 3199 άνθράποις;
881 3110 957 3181 ’ἀλλ’
977 3110 1043 3200 ήδη

34 3241 59 3279 ω
73 3215 129 3280 καὶ
152 3211 211 3281 τὸν
234 3210 318 3283 θεόν
334 3242 400 3302 μου
418 3217 577 3307 κοποιῦτε,
603 3215 660 3283 καὶ
678 3211 792 3301 ιἰχῶνα
810 3217 968 3301 παρέχετε
987 3221 1046 3283 καί

72 3341 112 3400 χε
129 3317 175 3406 τῷ
193 3319 264 3406 θεῷ
281 3311 389 3403 μου;”
425 3313 512 3384 οῦτω
539 3312 601 3405 γάρ
626 3317 683 3384 καὶ
706 3321 896 3384 Θεοδοτίων
924 3317 1042 3396 ἐξέδω-

73 3441 140 3483 κεν.
194 3420 244 3484 35.
277 3414 397 3503 ὁχούν
415 3415 588 3506 προφήτης
607 3422 701 3496 ἰδίως
719 3420 840 3486 ἑαυτοῦ
857 3413 951 3504 θεὸν,
966 3411 1042 3483 ἀλλ’
