2326 3818
67 118 109 181 66
467 118 615 169 Ειιεευιι

69 274 187 348 φυτοιῒς
206 264 452 346 παραπλησίαν.
491 260 543 327 ἑνί
562 252 594 326 δ’
614 245 678 327 οὖν
695 253 782 349 λόγῳ
801 252 904 325 πάλιν
921 250 1032 327 ὁΜω·

70 363 129 448 σῆς
156 384 237 449 φησι
256 356 314 430 τόν
332 357 415 430 θεὸν
448 366 557 429 εἰπεῖν
593 352 839 445 ἐβλαστησοίτω
864 352 885 445 ῆ
909 363 952 445 γῆ
975 364 1032 445 βο-

69 460 174 549 τάνην
191 461 322 551 χόρτου,
342 477 481 551 σπεῖρον
498 463 627 549 σπέρμα
646 462 701 529 καί
719 456 820 542 ξύλον
837 452 1031 548 κοίρπιμον.”

69 566 125 632 καί
143 553 243 645 αὖθις
261 572 501 652 παραπλησίως
514 560 534 586 “
546 562 730 649 έξαγαγέτω
748 555 768 650 ῆ
784 564 826 650 γῆ
846 557 1033 646 τετράποδα
1142 582 1148 589 ·

69 668 124 734 καί
148 664 268 755 ἑρπετὰ
294 669 349 735 καί
366 672 471 751 θηρία
489 668 546 751 τῆς
559 670 619 750 γῆς
633 660 717 731 κατὰ
735 658 860 750 γένος.”
887 656 1033 731 13.ῶστε
1057 687 1072 730 ο

69 764 244 855 ὁμοιογενῆ
270 769 325 835 καὶ
349 764 482 854 ὁμοφυῆ
502 767 556 833 καὶ
580 759 741 852 ὁμοοιίσια
766 763 853 833 εἶναι
875 761 1035 851 ἡγεῖσθαι
1142 826 1145 835 .

41 896 54 933 υ
69 885 137 948 τοῖς
155 866 219 936 ἀπὸ
239 873 300 955 γῆς
323 864 531 954 βλαστῆμασι
554 868 609 935 καί
629 883 747 954 φυτοῖς
772 861 811 934 τὰ
834 862 956 953 ἄλογα,
981 860 1034 933 διδ
1139 926 1142 937 .

69 971 124 1038 καί
143 974 302 1056 μηδαμῶς
321 977 526 1056 πλημμελεῖν
539 965 615 1049 τούς
634 969 894 1060 ζφοθυτουντας.
941 976 1034 1054 εῖρη·
1137 954 1143 1005 ²

70 1099 124 1138 ται
142 1072 224 1157 γοῦν
240 1072 295 1138 καί
310 1073 357 1190 τρὶ
370 1075 450 1140 Νῶε
465 1076 603 1140 έδεσθαι
621 1073 700 1160 κρέα
716 1063 763 1149 ῶς
777 1066 905 1156 λα’χανα
916 1064 1032 1156 ἀγροῦ.

72 1175 119 1239 14.
141 1173 202 1251 ἕως
220 1173 282 1260 μὲν
304 1201 367 1241 ουν
389 1169 524 1241 οὐδέπω
548 1169 584 1241 τό
609 1187 760 1260 κρεῖττον
784 1167 863 1241 οὐδὲ
887 1165 923 1239 τδ
948 1170 1073 1258 μέγαιο
1135 1196 1143 1315 η

70 1275 125 1341 καί
155 1280 265 1361 τίμιον
293 1276 349 1343 καί
381 1275 568 1362 θεοπρεπὲς
597 1272 742 1361 σφάγιον
766 1274 877 1359 παρῆν
901 1267 1034 1358 ιἰνθρῶ-

69 1401 155 1459 ποις,
173 1393 244 1457 ταίς
260 1375 314 1446 διὰ
333 1373 425 1467 ζῴων
440 1382 578 1457 θυσίαις
592 1374 695 1461 λύτρα
719 1379 776 1462 τῆς
800 1376 930 1443 ἑαυτῶν
952 1374 1036 1457 ζωῆς

69 1480 124 1546 καὶ
142 1474 308 1567 ἀντίψυχα
326 1481 383 1567 τῆς
401 1484 525 1558 οίκείας
544 1475 678 1565 φύσεως
696 1471 930 1563 προσηκόντως
954 1467 1035 1541 ἇιτο-

22 1614 27 1625 ·
70 1577 201 1648 διδόναι
220 1587 304 1666 χρῆν
321 1583 367 1647 τῶ
375 1583 457 1671 θεῶ,
474 1576 517 1658 ῶς
536 1581 591 1647 καὶ
609 1585 770 1664 ἔπραττον
788 1583 823 1645 oc
838 1572 940 1644 πάλαι
958 1585 1035 1643 θεο-

69 1687 195 1765 φιλεις,
227 1676 351 1765 σεμνόν
373 1708 404 1747 τι
434 1681 489 1747 καὶ
516 1680 672 1765 θεοφιλες
708 1681 763 1747 καὶ
794 1681 878 1767 μέγα
911 1681 1071 1763 ίερείονισ

71 1776 161 1867 ἥξειν
179 1807 256 1848 ποτε
278 1785 324 1859 είς
342 1775 546 1867 ανθρῶπους
569 1783 616 1847 τῶ
637 1786 722 1872 θείῳ
737 1776 900 1867 πνεύματι
923 1804 1035 1864 προει-

70 1878 222 1968 ληφότες,
241 1879 277 1950 τὸ
296 1909 355 1949 του
374 1880 497 1961 παντὸς
515 1878 702 2003 καθαρσιον
716 1879 854 1970 κόσμου,
867 1909 908 1950 ου
895 1869 1030 1947 ‘fal
994 1906 1036 1947 τα

46 2022 55 2048 ι
72 1982 223 2101 σύμβολα
241 1986 321 2062 τέως
341 1986 505 2052 ἐπιτελεῖν
522 1978 642 2062 αὐτους
656 1980 827 2071 προφήτας
844 1978 960 2065 ὄντας,
978 1980 1036 2049 καί

70 2110 106 2151 το
96 2079 241 2170 μέλλον
260 2090 397 2152 ἔσεσθαι
415 2088 722 2205 προτυπουμένονς·
744 2081 858 2170 ἐπειδὴ
877 2078 963 2151 δέ
932 2110 968 2150 το
981 2084 1036 2151 τέ-

70 2193 161 2252 λειον
179 2187 301 2312 παρῆν,
319 2200 387 2266 τοῖς
401 2188 468 2255 τῶν
473 2189 667 2314 προφητῶν
690 2182 886 2265 ακολούθως
912 2188 1035 2253 θεσπί-
1046 2206 1074 2249 ιο

71 2306 171 2373 σμασι
189 2290 338 2357 πέπαυτο
356 2285 395 2355 τὰ
413 2294 527 2375 πρῶτα
546 2289 601 2357 καί
626 2293 743 2358 λέλυτο
761 2288 979 2406 παραχρῆμα
977 2281 1034 2353 δια

70 2390 127 2476 τῆς
144 2417 202 2512 τομ
217 2396 402 2479 κρείττονος
417 2393 472 2459 καὶ
489 2385 671 2511 αληθοῦς
656 2398 853 2479 ιερουργιᾝας
880 2374 1034 2507 1ῖ).ομτος

70 2485 99 2560 δ’
111 2480 154 2579 ῆν
171 2488 188 2560 ὁ
207 2489 348 2582 Χριστος
360 2522 419 2562 του
405 2496 524 2593 θεοῦ,
535 2490 670 2562 ἄνωθεν
690 2495 725 2561 ἐκ
739 2496 890 2560 παλαιῶν
904 2484 1035 2579 χρόνων

70 2590 160 2679 ῆξειν
181 2601 228 2672 είς
247 2583 451 2680 ἀνθρώπους
470 2595 526 2661 καὶ
544 2591 714 2679 προβάτου
734 2599 832 2681 δίκην
849 2585 933 2678 ὑπὲρ
951 2616 1034 2658 παν-
1116 2584 1119 2593 ’

70 2690 124 2771 τός
142 2697 200 2760 τοῦ
216 2697 284 2761 τῶν
297 2690 491 2780 ανθρῶπων
508 2695 627 2778 γένους
627 2693 876 2817 σφαγησεσθαι
889 2716 1043 2777 προαγο-
1047 2714 1075 2757 εσ
1119 2782 1122 2787 Ι

65 2789 259 2914 ρεμόμενος
301 2823 322 2882 η
341 2817 424 2880 φησι
442 2791 575 2880 περὶ’
535 2801 640 2863 αυτοῦ
663 2789 838 2927 Ησμΐας
823 2823 841 2863 ο
866 2788 1039 2915 προφήτης

65 2886 140 2972 “ῶς
158 2891 326 2981 πρόβατον
346 2895 399 2962 ἐπὶ
418 2894 552 2982 σφαγὴν
568 2892 668 3019 ηχθη,
684 2899 739 2965 καί
759 2893 802 2975 ῶς
821 2891 924 2985 αμνὸς
942 2894 1039 2963 ἐναν-

72 2999 145 3113 τίμν
163 2998 222 3062 τού
239 2982 1039 3084 κειοοντοςαφωνος1’6.καιέπιλε’γει“οῆτος

71 3123 129 3176 τας
144 3092 340 3184 αμαρτίας“
323 3100 418 3185 ημῶν
436 3099 554 3187 φέρει,
573 3101 628 3169 καὶ
645 3094 765 3187 περὶ
746 3102 842 3188 ημῶν
859 3096 1036 3168 ὀδυνᾶσαι

70 3268 272 3280 ——-

139 3363 153 3408 ·2
173 3361 241 3415 Gen.
258 3366 285 3425 1,
302 3365 340 3412 11,
479 3366 495 3412 4
515 3363 584 3416 Gen.
603 3366 632 3427 9,
652 3367 677 3414 3.
821 3367 854 3414 27
873 3364 920 3415 Es.
942 3364 988 3425 53,
1016 3364 1032 3414 '1

71 3428 104 3477 28
122 3428 168 3476 Es.
187 3432 228 3488 53,
247 3433 272 3478 4.
