2326 3818
138 121 202 186 232
547 122 694 174 Ευεεειι

139 258 358 348 εὑρεθήσεται
378 265 415 332 έν
438 263 491 333 σοί
509 268 685 351 καθαίρων
702 257 761 331 τόν
785 258 861 332 υίόν
884 257 990 331 αὐτοῦ
1008 256 1028 350 ἢ
1047 261 1118 354 τὴν

137 365 309 450 θυγατέρα
334 362 436 433 αὑτοῦ
467 367 504 433 έν
533 363 633 452 πυρί,
664 360 908 451 μαντευόμενος
937 372 1115 453 μαντείας,

139 466 194 533 καὶ
212 462 484 554 κληδονιζόμενος
509 466 564 534 καὶ
578 462 824 552 οἰωνιζόμενος,
839 461 1011 552 φαρμακός
1028 465 1116 558 ἐπᾴ-

113 571 227 653 ιδων,
261 569 526 654 έγγαστρίμυθος
556 566 612 634 καί
637 562 876 651 τερατοσκόπος
899 565 955 634 καὶ
985 567 1114 655 ἐπερω-

138 670 205 737 τοᾶν
222 665 298 748 τοός
317 665 467 754 νεκρούς.
497 672 566 735 ἔστι
579 663 643 754 γὰρ
662 666 834 754 βδέλυγμα
848 672 954 759 κυρίῳ
971 669 1019 759 τῷ
1036 670 1115 761 θεῷ
1125 701 1142 743 τ

139 791 200 837 σου
218 772 283 848 πᾶς
301 770 407 836 ποιων
423 768 535 835 ταῦτα.
569 768 684 836 ἕνεκεν
700 763 763 857 γόιρ
781 770 849 836 τῶν
866 765 1115 891 βδελυγμάτων

137 866 266 986 τούτων
291 865 440 955 κνριοςὸ
464 862 543 947 θεός
566 888 627 935 σου
653 863 945 956 έξολοθρεόσει’
904 864 1025 949 αντοός
1043 867 1115 940 ἀπό

138 965 320 1057 προσώπου
332 990 404 1037 σου.
435 968 558 1076 τέλειος
572 973 631 1056 ἔσῃ
647 971 800 1039 ἐναντίον
814 977 933 1057 κυρίου
947 996 1006 1038 του
1024 974 1115 1041 θεοῦ

139 1065 222 1138 σου]

215 1175 244 1238 8.
273 1173 415 1239 Τοιαῦτα
437 1169 499 1259 μὲν
523 1171 578 1239 καλ
602 1179 706 1259 μυρία
730 1167 813 1239 αλλα
837 1173 983 1257 θεοσεβῆ
1015 1169 1111 1242 διδοί-
1124 1206 1153 1247 ιο

138 1269 245 1359 γματό
275 1298 310 1340 τε
334 1272 390 1340 καὶ
414 1274 670 1360 παραγγέλματα
697 1269 752 1340 διόι
776 1273 928 1351 Μωσέως
952 1268 1068 1354 αὐτοῖς
1091 1271 1112 1344 ό

138 1371 217 1454 θεός
236 1371 332 1461 λόγος
350 1370 386 1442 τό
398 1375 479 1462 πρὶν
501 1375 703 1462 ἐνομοθέτει,
722 1367 766 1453 οἱς
781 1376 818 1442 έν
832 1379 1031 1461 εἰσαγωγαῖς
1048 1377 1113 1443 τοῦ

138 1473 220 1544 κατόι
241 1472 414 1562 εὐσέβειαν
427 1480 505 1559 βίου
519 1470 727 1561 παραδιδοός
746 1469 857 1554 αὐτοῖς
868 1489 1033 1563 στοιχεῖα,
1053 1475 1113 1545 διδι

110 1605 124 1646 d
139 1575 318 1665 συμβόλων
335 1582 394 1644 καί
405 1603 494 1655 τινος
509 1573 674 1656 σκιώδους
686 1577 741 1644 καὶ
754 1581 941 1663 σωματικῆς
954 1583 1113 1663 λατρείας

139 1680 176 1746 ἐν
194 1674 343 1763 σώματος
361 1679 521 1764 περιτομῇ
536 1681 595 1744 καί
605 1703 708 1746 τινων
721 1671 833 1745 ἄλλων
844 1673 1114 1764 τοιουτοτρόπων
1124 1708 1151 1753 ιε

139 1778 193 1846 έπδ
225 1779 282 1864 τῆς
306 1780 365 1865 γῆς
390 1777 673 1864 συντελουμένων.
716 1789 744 1846 9.
772 1774 815 1857 ὡς
842 1776 878 1846 δέ
901 1782 960 1847 τοῦ
985 1774 1112 1865 χρόνον

138 1876 313 1966 προϊόντος
336 1874 448 1957 οὐδεὶς
471 1880 631 1946 τοσοῦτον
648 1879 704 1947 καλ
721 1880 789 1967 τοῖν
806 1875 877 1966 μετ’
906 1875 1010 1949 αὐτόν
1028 1908 1112 1970 προ-

139 1981 256 2065 φητῶν
275 1985 322 2057 είς
340 1975 456 2047 ἄκεσιν
467 1982 536 2046 τῶν
552 1981 613 2047 τού
631 1985 708 2065 βιόυ
721 1982 834 2049 κακοῖν
847 1974 893 2048 δι’
914 1973 1113 2068 ὑπερβολὴν

140 2084 256 2159 κακίας
274 2086 435 2166 ἔσθενεν,
458 2075 587 2165 ἤλαυνέ
609 2107 644 2150 τε
661 2078 821 2169 ὁσημέραι
845 2087 892 2161 είς
916 2087 1051 2168 μείζονα
1068 2080 1112 2151 τὰ

76 2181 196 2266 μοητῆς
220 2183 413 2269 δαιμονικης
437 2183 622 2269 ἐνεργείας,
647 2176 690 2262 ὦς
714 2183 769 2251 καὶ
794 2178 875 2250 αὐτό
892 2177 928 2250 τό
942 2176 1151 2269 Ἐβραίωνιο

140 2287 239 2362 έθνος
252 2285 292 2372 τῇ
305 2288 373 2352 τῶν
386 2279 499 2352 ἀθέων
509 2289 767 2371 συναπαχθηναι
779 2285 905 2372 φθορᾷ,
924 2280 1023 2363 αὐτός
1042 2279 1109 2374 ἤδη

139 2383 256 2453 λοιπόν
273 2381 290 2454 ό
309 2381 419 2514 σωτηρ
438 2386 493 2453 καὶ
513 2381 623 2474 ἰατρός
635 2386 703 2453 τοῖν
715 2379 804 2453 ὅλων
817 2381 965 2453 κάτεισιν
983 2390 1031 2463 είς
1048 2381 1109 2454 ἄν·

138 2482 316 2608 θρωπους,
341 2487 483 2566 καὶτοῖς
501 2491 635 2565 οίκείοις
653 2480 804 2572 ἆγγέλοις
823 2482 1005 2572 έπαμυνων
1021 2481 1110 2576 ὑπὲρ

138 2589 196 2672 τῆς
208 2614 276 2655 των
288 2583 483 2675 ανθρώπων
496 2592 672 2673 σωτηρίας,
690 2583 779 2654 τοῦτ’
802 2581 892 2654 οὕτω
906 2589 966 2654 τοῦ
983 2583 1109 2675 πατρός

140 2684 354 2773 δωρήσεσθαι
380 2681 752 2809 προῦποσχομέγογ,“
726 2708 837 2776 ωσπερ
860 2714 921 2808 ουγ
946 2683 1045 2768 αότός
1069 2690 1148 2760 ένετ

143 2793 292 2873 Ψαλμοῖς
263 2782 461 2855 ῑδιδόσκει
480 2783 618 2873 λέγων“
623 2783 737 2875 κύριος
756 2786 828 2856 είπε
846 2785 927 2876 πρός
950 2815 1009 2876 με,
1032 2785 1107 2868 υἱός

138 2913 203 2973 μου
223 2885 308 2955 εί
270 2907 313 2955 συ
321 2885 415 2974 ,έγιό
434 2885 581 2976 σήμερον
598 2886 782 2976 γεγέννηκά
800 2912 846 2958 σε.
872 2899 1005 2977 αίτησαι
1022 2886 1103 2974 παρ’

140 2989 236 3075 ίμού,
256 2990 311 3057 καὶ
331 2985 428 3058 δώσω
446 3010 500 3058 σοι
523 2986 659 3077 έθνη
624 3018 687 3078 την
704 2996 927 3078 κληρονομίαν
945 3013 1023 3077 σου,
1047 2988 1105 3056 καλ

137 3117 200 3176 την
217 3087 416 3209 κατάσηεσίν
433 3111 495 3160 σου
513 3087 553 3159 τόι
571 3093 696 3178 πέρατα
713 3094 771 3177 τῆς
788 3088 869 3179 γῆς’

72 3218 125 3268 μοι)
217 3196 265 3260 10.
287 3186 409 3261 Οὐκέτι
422 3195 506 3279 γοῦν
515 3189 620 3280 μόνον
632 3190 690 3263 τόν
704 3198 836 3261 δίκαιον
845 3192 900 3261 καὶ
914 3188 1104 3281 διορατικόν
1118 3222 1147 3264 οο

154 3337 289 3345 -η-ᾕ.-
304 3341 342 3346 -..-

206 3421 239 3470 26
257 3422 302 3471 Ps.
316 3423 340 3482 2,
355 3422 380 3472 7.
