2326 3818
130 114 192 180 5ffi
532 111 682 164 Emmn

57 283 116 335 (σοι)
130 255 312 345 προφητῶν
331 249 501 341 ἐθαύμασε
518 249 628 338 φήσας
640 248 759 340 “χαῑρε
778 247 928 340 σφόδρα,
947 248 1098 344 θύγατερ

129 353 234 443 Σιῶν,
255 351 329 424 ίδοῶ
347 351 365 424 ὁ
383 350 541 441 βασιλεύς
556 377 617 423 σου
636 360 768 442 ἔρχεταί
782 375 834 423 σοι
852 359 968 441 πρᾶος,
989 356 1100 442 ἐπιβεὲ

130 455 240 547 βηκῶς
260 459 313 526 ἐπὶ
331 452 510 578 ὑποζύγιον
528 455 583 524 καὶ
601 457 715 524 πῶλον
731 450 842 524 νέον.”
885 449 922 522 τό
941 453 979 522 δέ
992 451 1098 525 “ulv-

129 575 186 630 νεῖ
202 563 238 628 ἐν
256 569 337 651 οίνφ
355 554 417 645 τῆν
435 555 556 643 στολῆν
575 549 695 679 αῆτοῶ,
714 558 770 625 καὶ
790 559 876 625 έν“
840 583 952 643 αιματι
971 577 1098 645 σταφυ-

130 664 190 750 λῆς
207 657 269 749 τῆν
286 656 468 781 περιβολὴν
486 651 611 728 αὑτού”
631 659 751 738 σκέψαι
775 659 830 725 καὶ
856 652 954 738 αύτός
972 654 1120 746 μῆποτει

132 757 175 845 ῶς
196 756 268 830 ἐν’
249 757 449 882 απορρῆτοις
471 757 507 827 τδ
531 755 768 847 μυστικδνν
711 764 768 828 αίν
771 765 890 826 ίττεται
908 754 1019 838 πάθος
1039 754 1099 829 αύ-

128 867 207 950 τοῦ,
227 851 309 930 έν
283 889 308 952 φ
325 859 387 947 τῆν
405 857 540 982 στολῆν
544 857 648 929 αὑτου
637 857 772 928 Ηκαὶ
738 888 775 928 το
789 856 1004 948 περιβόλαιον
1021 855 1099 929 ἀπέ·

130 973 239 1032 πλυυε
257 934 406 1052 λόυτρηὶ,
433 958 477 1029 δι’
499 949 540 1031 ού
557 964 625 1029 τῶν
645 966 691 1042 είς
710 956 812 1030 αύτὸν
829 958 1099 1031 πεπιστευκότων

132 1059 339 1132 ἀποπλύνειν
355 1059 395 1129 τά
412 1061 537 1131 παλαιά
560 1059 649 1153 ῥύπη
675 1065 841 1148 δηλοῦται.
885 1067 934 1130 77.
955 1059 1012 1130 διά
1036 1061 1099 1153 γὰρ

132 1169 191 1234 τού
209 1173 315 1250 νίνου,
334 1159 415 1252 ὅπερ
429 1153 473 1251 ῆν
489 1166 692 1252 τοῶαλματος
707 1159 813 1232 αύτοῶ
823 1159 1003 1251 σύμβολον,
1022 1160 1099 1244 τούς
1109 1184 1131 1227 ιι

103 1295 117 1336 ι
134 1271 181 1346 είς
199 1261 257 1335 τόν
273 1261 423 1334 θάνατον
436 1259 540 1334 αύτοῶ
550 1265 809 1353 βαπτιζομένους
822 1265 877 1332 καὶ
893 1265 945 1333 ἐπὶ
963 1261 1002 1333 τὸ
1020 1259 1099 1354 αἷμα

133 1363 236 1437 αύτοῶ
255 1364 516 1446 πεπιστευκότας
533 1370 601 1435 τῶν
619 1362 721 1435 πάλαι
735 1368 847 1434 κακῶν
864 1360 1098 1455 ἀποκαθαίρει,

133 1466 338 1539 ἀποπλύνειν
356 1463 469 1537 αὐτῶν
493 1469 548 1536 καὶ
565 1463 768 1555 ἀποσμήχων
791 1465 853 1553 τῆν
872 1462 1020 1536 παλαιάν
1038 1464 1100 1536 αύ-

131 1574 200 1640 τῶν
213 1566 335 1657 στολῆν
348 1570 403 1637 καὶ
417 1565 453 1637 τδ
469 1565 694 1657 περιβόλαιον,
714 1563 799 1637 ῶστε
808 1565 929 1648 αύτούς
943 1570 991 1661 τηῐ
1003 1575 1099 1662 τιμίφ

130 1676 245 1760 αἵματι
269 1675 326 1758 τῆς
346 1669 467 1739 ἐνθέου
485 1671 541 1738 καὶ
565 1672 789 1759 πνευματικῆς
807 1673 979 1757 σταφυλῆς
1001 1676 1048 1763 τῷ
1066 1688 1132 1739 τεο

135 1775 170 1840 ἐκ
195 1778 252 1857 τῆς
280 1768 505 1858 ἀποδοθείσης
535 1767 686 1858 ἀμπέλου
721 1780 802 1860 οίνφ
830 1772 1100 1859 λελυτρωμένους

133 1869 373 1942 ἀποδύσασθαι
396 1871 458 1959 μὶν
482 1867 541 1939 τόν
565 1869 707 1940 παλαιὸν
730 1867 915 1959 ἀνθρωπον
940 1867 1003 1939 σύν
1025 1887 1100 1956 ταῖς

133 1971 293 2062 πράξεσιν
317 1971 437 2056 αὐτοῦ,
464 1969 672 2040 ἐνδύσασθαι
699 1971 735 2040 δέ
757 1969 816 2040 τὸν
838 1975 917 2041 νέον
933 1970 991 2042 τόν
1017 1967 1101 2041 ἀνα-

135 2071 358 2160 καινούμενον
371 2078 417 2151 είς
434 2073 614 2159 ἐπίγνωσιν
628 2070 699 2143 κατ’
719 2070 831 2144 είκόνα
844 2076 905 2143 τού
918 2082 1099 2154 κτίσαντος.

137 2179 185 2242 78.
206 2175 261 2242 καὶ
278 2171 314 2242 τὸ
330 2167 523 2263 “χαροποιολ
538 2171 642 2243 αὐτοῦ
656 2179 689 2244 oc
701 2171 870 2263 ὀφθαλμοὶ
884 2171 949 2243 ἀπὸ
964 2169 1097 2246 οίνου·”
1111 2196 1132 2237 θ

106 2317 121 2345 ε
136 2277 191 2343 καὶ
208 2271 244 2344 τδ
258 2272 436 2344 “λευκοδοί
446 2270 581 2356 ὀδόντες
595 2273 699 2345 αὐτοῦ
717 2271 855 2365 ῆγάλα”
877 2273 979 2345 πόλιν
997 2275 1102 2366 ἀπορ-

135 2373 241 2466 ρῆτως
267 2380 324 2466 τῆς
351 2381 466 2465 καινῆς
493 2380 554 2447 τού
577 2382 725 2469 σωτῆρος
751 2375 845 2466 ῆμῶν
871 2374 1037 2466 διαθήκης
1063 2374 1102 2447 τὰ

136 2477 300 2568 μυστῆρια
323 2476 467 2568 ῆγοῶμαι
485 2481 661 2568 περιέχειν.
706 2475 768 2565 τῆν
784 2480 869 2565 γοῦν
887 2475 1102 2567 εὐφροσύνην

133 2579 195 2666 τῆν
214 2576 354 2648 ἀπὸτοῦ
377 2583 540 2667 μυστικοῦ
563 2590 658 2649 οίνου
682 2570 722 2651 ού
736 2580 985 2668 ’παραδέδωκεν
1003 2574 1103 2659 αύτός

129 2697 203 2761 τοῖς
229 2682 349 2748 ἑαυτοῦ
376 2690 541 2767 μαθηταῖς
566 2677 669 2750 είπῶν
690 2675 845 2768 “λάβετε,
871 2688 978 2768 πίετε,
1004 2676 1134 2752 τοῦτόθ

136 2778 200 2866 μού
220 2783 287 2847 έστι
305 2778 341 2848 τὸ
360 2775 440 2867 αἷμα
458 2777 494 2848 τό
512 2778 597 2872 ὑπὲρ
612 2779 707 2870 ὑμῶν
720 2779 939 2870 έκχυνόμενον
958 2789 1006 2863 είς
1020 2779 1104 2872 ἀφε-

136 2900 192 2948 σιν
206 2876 389 2970 ἁμαρτιῶν·
408 2883 504 2951 τούτο
514 2898 637 2953 ποιεῖτε
652 2890 698 2965 είς
712 2880 773 2971 τῆν
788 2880 869 2971 έμῆν
882 2878 1101 2973 ἀνάμνησιν,”

136 2985 230 3050 δοκεῖ
245 3009 300 3070 μοι
318 2989 493 3072 σημαίνειν
511 2981 547 3054 τό
561 2980 753 3077 “χαροποιοὶ
767 2989 799 3054 οί
811 2981 982 3074 ὀφθαλμοὶ
1000 2982 1106 3056 αὐτού

103 3080 199 3153 οάπό
218 3081 334 3153 οίνου”
355 3087 411 3154 καὶ
429 3082 466 3154 τὸ
478 3080 615 3156 ’λευκοὶ
634 3093 669 3157 oc
683 3085 818 3167 ὀδόντες
837 3079 974 3174 αι’τοῶῆ
992 3084 1101 3174 γάλα”

136 3181 171 3252 τό
190 3184 342 3277 λαμπρὸν
360 3189 415 3257 καὶ
439 3186 671 3277 καθαρδντῆς
694 3185 948 3281 μυστηριῶδους
966 3192 1101 3278 τροφῆς.
1114 3208 1137 3252 ³⁰

207 3417 399 3483 ιωωηυ
