2326 3818
312 105 496 158 DEMONST.
514 107 648 161 ονοαο.
663 109 710 159 1v.
730 109 769 162 ιο.
960 105 1023 170 259

56 244 207 334 κῶμενον
231 241 343 326 αῦτοίς
367 241 513 334 Χριστόν
544 242 892 332 ἐπιβουλευθήσεσθαι
923 237 1023 326 αὖθις

54 346 246 436 ὁμολογεῖν,
265 343 348 416 κατοὶ
366 344 403 414 τὸ
422 343 530 435 παρόν
547 343 672 434 λόγιον,
691 345 823 434 φάσκον
836 342 1024 438 ’παρέστη-

56 470 120 518 σαν
137 453 172 518 οί
186 457 336 537 βασιλεῖς
349 449 407 535 τής
425 449 486 535 γῆς
504 450 609 516 καλοί
627 444 783 536 ἀρχοντες
801 445 1021 536 συνήχθησαν
1036 481 1090 530 ρει)

57 552 110 620 ἐπὶ
133 547 170 618 τό
197 548 277 619 αὐτὸ
296 548 379 618 κατά
402 551 461 618 τοῦ
484 555 604 638 κυρίου
628 551 683 618 καὶ
701 547 784 617 κατὰ
801 553 859 619 τοῦ
878 554 1025 636 Χριστοῦ

29 646 192 723 ιαῦτοῦ.”
234 646 316 738 ὅπερ
341 644 466 721 οὐκῶν
491 656 600 738 δοῖεν,
627 648 798 738 δυνάστην
821 648 895 721 τινδι
919 652 1024 739 μέγαν

55 755 111 823 καὶ
135 754 274 840 βασιλέα
300 750 439 822 αίῶνιον
463 753 518 820 καὶ
542 750 715 841 λυτρωτὴν
738 754 868 822 ἑαυτῶν
886 758 1026 821 ἔσεσθαι

54 852 114 925 τόν
130 850 250 943 ήξοντα
268 852 414 944 Χριστόν
431 856 691 943 προσδοκῶντες.
724 857 754 922 5.
775 859 806 922 εί
823 852 885 942 γὰρ
905 850 947 940 δή
966 852 1028 922 κά-

55 970 167 1036 κεῖνος
194 954 307 1026 ἐλθῶν
330 953 370 1025 τά
388 951 485 1043 όμοια
503 952 609 1024 πόθοι
631 957 679 1046 τῷ
697 953 893 1041 ἐληλυθότι,
920 957 976 1023 καὶ
995 962 1028 1022 τί

54 1055 99 1146 μή
117 1060 244 1146 μᾶλλον
264 1059 380 1149 ἐκείνῳ
399 1050 419 1144 ἢ
437 1052 544 1149 τούτῳ
557 1057 753 1125 πιστευτέον
771 1051 791 1143 ἢ
809 1052 1025 1143 ἀπιστητέον;

16 1185 41 1224 ιο
57 1164 88 1227 εί
105 1159 143 1227 δὲ
165 1160 328 1227 ἐντεῦθεν
347 1156 626 1238 ἀποκλεισθέντες
646 1159 700 1225 ἐπὶ
713 1156 772 1226 τόν
786 1159 902 1245 Δαβὶδ
917 1155 1027 1244 ἤτινα

54 1262 122 1328 τῶν
141 1262 172 1341 ἐξ
191 1256 296 1327 αὐτοῦ
312 1261 504 1347 γενομένων
522 1258 689 1346 βασιλέων
701 1261 763 1327 τοῦ
775 1256 949 1328 Ἰουδαίων
967 1265 1055 1327 ἔθ-ι

56 1387 136 1439 νους
166 1357 370 1448 ἀναφέροιεν
396 1355 456 1428 τόν
480 1356 658 1447 χρησμόν,
678 1360 734 1427 καὶ
759 1355 846 1427 οῦτω
879 1360 1027 1427 δεικτέον

56 1459 99 1542 ῶς
129 1457 206 1530 οῦτε
231 1462 345 1546 Δαβὶδ
370 1457 449 1529 οὔθ’
476 1457 585 1550 ἕτερός
614 1488 662 1540 τις
692 1463 761 1529 τῶν
785 1456 918 1528 πῶποτε
943 1455 1025 1546 παρ’

50 1560 215 1651 Ἑβραίοις
235 1564 411 1649 διαφανῶν
431 1558 598 1650 ἱστόρηται
622 1557 700 1631 οὔθ’
729 1559 801 1641 υίὸς
821 1568 1028 1649 χρηματίσας

16 1688 42 1729 15
54 1668 114 1733 τοῦ
132 1666 217 1733 θεοῦ
240 1659 318 1732 οὔθ’
340 1660 406 1733 ῦπδ
424 1665 486 1732 τοῦ
508 1664 594 1733 θεοῦ
610 1663 848 1751 γεγενημένος,
867 1659 950 1730 κατὰ
968 1659 1026 1731 τόν

55 1768 92 1835 ἐν
109 1771 155 1859 τῷ
173 1767 301 1857 Ψαλμῷ
318 1760 571 1852 θεσπιζόμενον,
589 1759 666 1833 οὐδ’
686 1760 787 1853 ἀρξας
805 1761 942 1833 πάντων
960 1768 1029 1832 τῶν

55 1871 168 1937 ἐθνῶν
185 1868 241 1935 καὶ
259 1867 442 1954 βασιλέων,
470 1862 643 1955 ἀρχόντων
666 1893 702 1934 τε
729 1866 784 1935 καὶ
799 1867 896 1934 Ιλαῶν
916 1869 1028 1951 ἐπιβε-

54 1971 292 2055 βουλευμένος·
323 1975 353 2036 εί
371 1962 403 2035 δ’
423 1962 535 2047 οὐδεὶς
555 1969 694 2036 ἐκείνων
713 1973 895 2053 δείκνυται,
915 1963 1030 2046 αῦτοϊς

57 2064 88 2135 δ’
118 2075 225 2159 ἔργοις
252 2076 448 2138 συνίσταται
474 2065 731 2156 ταῦτα’πάντα,
756 2070 811 2137 καί
839 2067 941 2137 πόλαι
966 2068 1028 2156 μὲν

16 2190 41 2231 ιο
56 2163 255 2256 ὑπομείνας,
274 2171 330 2237 καὶ
349 2172 413 2238 νῦν
433 2169 470 2237 δὲ
488 2175 535 2237 ἔτι
554 2169 609 2236 καὶ
629 2166 776 2256 σήμερον
794 2166 861 2237 ῦπό
879 2197 915 2237 τε
934 2175 1056 2254 βασι-ε

55 2270 141 2337 λέων
158 2271 214 2337 καὶ
232 2265 405 2356 ἀρχόντων
423 2273 536 2337 ἐθνῶν
547 2297 582 2337 τε
600 2271 656 2336 καὶ
674 2272 766 2339 λαῶν
779 2267 1028 2357 πολεμούμενος

54 2365 231 2458 ὁΧριστὸς
256 2372 317 2438 τοῦ
339 2371 442 2456 θεοῦ,
468 2374 503 2436 τί
523 2365 559 2436 τό
585 2366 742 2456 ἐμποδῶν
766 2367 811 2457 μή
830 2367 906 2456 οὐχὶ
924 2366 1029 2437 αῦτόν

56 2469 141 2540 εἷναι
164 2467 223 2540 τόν
247 2468 543 2559 προφητενόμενον
569 2469 624 2537 διὰ
642 2473 702 2539 τοῦ
724 2466 893 2556 φήσαντος
912 2474 1027 2555 λογίου
1090 2525 1105 2550 ,

49 2570 285 2663 “παρέστησαν
315 2576 350 2640 οί
370 2567 520 2659 βασιλεῖς
543 2574 602 2658 τής
625 2577 702 2659 γής,
735 2572 849 2640 καλοί
870 2567 1027 2659 ἀρχοντες

14 2692 41 2733 2⁵
54 2671 275 2764 συνήχθησαν
299 2675 353 2742 ἐπὶ
377 2672 413 2743 τό
440 2668 522 2743 αῦτὸ
541 2671 624 2742 κατά
647 2675 707 2742 τοῦ
731 2679 851 2763 κυρίου
870 2674 925 2741 καὶ
944 2672 1027 2740 κατά

53 2778 113 2842 τοῦ
132 2779 277 2860 Χριστοῦ
295 2769 438 2844 αῦτοῦ·”
484 2772 575 2866 μόνῳ
596 2775 633 2844 δὲ
660 2770 750 2867 αῦτῶ
769 2775 824 2843 καὶ
848 2772 888 2842 τοὶ
909 2777 1025 2861 ἐπιφε-

55 2872 179 2964 ρόμενα
197 2871 353 2963 ἁρμόττοι
371 2868 413 2943 ἀν
429 2881 490 2944 τοῦ
513 2880 653 2964 Ψαλμοῦ
670 2874 713 2943 δι’
736 2865 784 2944 ῶν
799 2886 926 2963 είρηται
941 2872 1029 2944 “xv'-

55 3003 124 3064 ριος
144 2974 216 3044 είπε
234 2972 317 3063 πρός
334 3001 394 3063 με,
418 2973 491 3055 νίός
509 3003 573 3064 μον
595 2975 626 3044 εί
643 2973 704 3062 σὺ,
727 2975 791 3064 ἐγὼ
810 2973 956 3064 σήμερον
975 3003 1027 3063 γε·

53 3073 200 3164 γέννηκό
218 3096 265 3147 σε.
303 3085 435 3164 αίτησαι
453 3074 531 3166 παρ’
555 3079 651 3166 ἐμοῦ,
677 3077 733 3146 καί
752 3074 849 3147 δῶσω
869 3098 921 3146 σοι
940 3084 1027 3163 έθνη

15 3208 41 3250 ιο
55 3176 118 3267 τήν
141 3184 365 3267 κληρονομίαν
394 3200 475 3265 σου,
505 3179 561 3247 καί
583 3174 644 3266 τήν
668 3176 868 3266 κατάσχεσίν
895 3197 957 3246 σου
986 3174 1026 3245 τό

54 3283 180 3368 πέρατα
197 3283 254 3368 τής
272 3277 366 3367 γής.”
395 3285 424 3348 6.
440 3281 496 3348 καὶ
511 3275 574 3368 γάρ
589 3281 644 3348 καὶ
658 3283 762 3348 ταῦτα
776 3278 1026 3368 ἀναμφίλεκτον
1046 3314 1059 3353 ο

55 3383 109 3451 ἐπὶ
127 3379 232 3470 μόνου
257 3376 362 3450 αὐτοῦ
386 3379 448 3469 τήν
472 3386 611 3469 ἔκβασιν
634 3385 693 3469 της
711 3387 921 3471 προφητείας
938 3377 1037 3448 ἀνελ-

846 3493 917 3555 W·
