2326 3818
130 113 193 179 164
538 115 688 169 ωοουοιι

128 252 251 345 ἐχθράς
269 260 327 324 τοῦ
345 251 563 345 ἀνθρωπείου
588 257 708 343 γε’νους
733 252 820 347 ἀμφὶ
846 255 904 329 τόν
930 260 1008 345 περὶ
1031 262 1101 349 γῆν

126 354 208 448 ἀέρα
235 361 427 445 πωτάσθαι,
459 360 515 428 καὶ
541 354 606 428 σύν
631 376 700 440 τοῖς
727 374 886 450 πονηροῖς
911 366 1100 450 διατρίβειν

128 458 286 548 δυνάμεις
314 458 500 549 δαιμόνων,
527 461 583 531 καὶ
611 460 811 549 πνευμάτων
833 466 1009 552 πονηρῶν,
1040 466 1098 533 καὶ

101 589 113 627 ο
128 566 194 632 τῶν
214 566 250 632 ἐν
268 560 396 644 τούτοις
414 558 604 651 ἀρχόντων,
622 556 682 643 ούς
700 563 801 633 παντὶ
819 566 936 635 σθένει
953 563 1099 653 φεύγειν

126 662 402 753 πεπαιδεύμεθα,
422 670 453 732 εί
465 664 520 732 καὶ
538 660 588 733 ότι
602 661 744 751 μάλιστα
761 668 855 735 θεῶν
871 674 1123 754 προσηγορίαςι

127 770 181 835 καὶ
203 764 298 854 τιμάς
324 768 455 845 ἑαυτοῖς
472 758 747 853 ἀφαρπάζουσιν,
773 765 896 855 ταύτης
914 764 945 837 δ’
966 756 1031 838 ούν
1049 775 1098 839 ἔτι

125 873 253 957 μᾶλλον
262 871 321 953 τῆς
334 873 517 954 θεομαχίας
528 868 583 935 καλ
597 871 656 955 τῆς
668 875 869 957 θεοεχθρίας
883 871 1000 940 ἕνεκεν
1012 866 1100 940 ἀπο·

125 968 283 1057 τρεπτίας
298 966 397 1053 εἶναι,
415 965 495 1039 καθ’
516 964 556 1049 δὶς
571 972 657 1059 ἐντῇ
671 973 941 1059 Προπαρασκευῇ
956 970 1100 1060 πεποιή-

71 1093 113 1147 [ιοι
127 1081 216 1158 μεθα
235 1068 291 1138 διά
309 1077 474 1140 πλείστων
493 1067 689 1154 ἀποδείξεις.
725 1078 860 1143 τοιαῦτα
878 1068 959 1141 άττα
972 1071 1099 1163 τυγχά-

127 1200 178 1242 νει
202 1173 258 1240 καὶ
281 1173 318 1241 ἐν
340 1187 414 1259 τοῖς
433 1177 643 1260 δογματικοϊς
666 1170 840 1261 μαθήμασι
862 1175 924 1242 τού
947 1178 1097 1264 σωτῆρος
1111 1202 1133 1245 ιο

127 1268 222 1361 ἡμῶν
245 1268 497 1361 ἀναφερόμενα,
523 1271 688 1364 Ἐβραίων
710 1277 778 1344 τῶν
797 1273 899 1345 πάλαι
922 1280 1099 1363 θεοφιλῶν

126 1372 262 1463 ἀνδρῶν
286 1403 322 1446 τε
346 1378 401 1445 καὶ
425 1378 608 1465 προφητῶν
632 1372 791 1466 άντικρυς
815 1372 938 1464 εύσεβῆ
955 1376 1098 1449 παιδεύ-

126 1507 222 1566 ματα.
264 1483 315 1546 20.
342 1485 373 1546 εί
396 1477 438 1564 δὴ
461 1467 525 1548 οὖν
546 1481 650 1548 ταῦτα
674 1477 797 1566 σεμνά,
823 1485 855 1548 εί
877 1476 1048 1568 ὠφέλιμα,
1067 1486 1099 1551 εί

102 1577 312 1668 ιφιλόσοφα,
332 1585 363 1649 εί
379 1575 497 1668 ἀρετῆς
514 1577 634 1669 μεστά,
654 1585 743 1649 τίσιν
761 1577 906 1667 εὐλόγως
923 1574 967 1649 ἀν
984 1578 1002 1649 ὁ
1020 1578 1098 1651 τού·

126 1710 195 1750 των
220 1678 419 1760 διδάσκαλος
444 1682 644 1769 ἐπιγραφείη
669 1677 706 1751 τό
730 1685 789 1751 τού
818 1679 948 1752 πλάνου
972 1679 1097 1772 όνομα;
1111 1710 1133 1753 ιι

126 1778 210 1852 ἀλλά
228 1784 331 1853 ταύτα
348 1782 410 1871 μὲν
424 1779 468 1863 ὡς
485 1784 563 1869 περὶ
580 1787 696 1852 κοινοῦ
708 1781 771 1871 τὴν
787 1781 893 1871 φύσιν
910 1780 1099 1872 ἀνθρώπου

127 1888 208 1967 τέως
226 1882 418 1972 ἐξητάσθω,
437 1882 666 1970 παραστατικά
682 1890 741 1972 τῆς
758 1888 882 1974 σεμνῆς
899 1887 955 1955 καὶ
972 1893 1098 1976 βιωφε-

128 1993 206 2066 λοῦς
232 1991 451 2066 διδασκαλίας
481 1982 585 2054 αὐτοῦ
608 1983 832 2074 τυγχάνοντα·
865 1990 947 2075 φέρε
971 1986 1013 2075 δὴ
1040 1990 1098 2059 καὶ

127 2086 167 2155 τά
186 2084 341 2174 θειότερα
360 2084 575 2175 σκεψώμεθα.

204 2187 259 2259 IV.
287 2193 338 2260 21.
367 2191 434 2259 Καὶ
458 2187 500 2277 δὴ
519 2186 723 2278 σκεψώμεθα
744 2187 835 2260 ὅσων
853 2192 908 2259 καί
930 2195 1013 2260 οἵων
1030 2191 1134 2265 σύνιο

128 2287 323 2382 ἀνθρώποις
339 2289 397 2373 τάς
411 2288 583 2381 διατριβάς
597 2293 818 2380 πεποιημένος
831 2289 1031 2382 παραδόξων
1044 2298 1098 2381 γέ-

127 2421 206 2480 γονε
225 2391 361 2483 ποιητὴς
386 2401 511 2484 ἔργων,
537 2393 611 2463 τοτὲ
627 2394 690 2482 μὲν
708 2391 851 2481 λεπρούς
867 2392 905 2463 τὸ
923 2397 1019 2483 σῶμα
1038 2401 1099 2467 δυ·

98 2493 223 2586 ονάμει
255 2506 335 2588 θείᾳ
364 2502 559 2584 καθαίρων,
584 2493 656 2564 τοτὲ
680 2493 719 2563 δὲ
742 2492 968 2585 προστάγματι
994 2493 1098 2585 λόγου

127 2596 203 2678 τούς
236 2601 272 2667 ἐν
296 2593 490 2683 ἀνθρώποις
517 2601 679 2683 δαίμονας
702 2594 899 2686 ἐλαύνων,
899 2600 955 2666 καὶ
977 2593 1098 2671 άλλοτε

127 2696 228 2767 πάλιν
246 2700 520 2818 νοσηλευομένρις
533 2698 589 2765 καὶ
603 2703 726 2766 παντοί
723 2725 773 2779 οις
785 2693 976 2769 ἀσθενειων
992 2705 1098 2772 είδεσι
1110 2728 1135 2773 ιο

127 2796 483 2886 καταπονουμένοις
448 2826 509 2886 την
529 2793 788 2886 ίασινάφθόυως
803 2797 1023 2923 δωρούμενος.
1043 2806 1097 2875 22.

128 2901 184 2968 καὶ
203 2900 281 2969 ποτε
305 2901 366 2990 μὲν
391 2906 497 2989 ίφησε
524 2898 757 2993 παραλυτικω’
761 2894 919 2983 ’ἀναστάς
936 2891 1021 2988 άρον
1037 2902 1099 2975 τόν

128 2999 295 3091 κράβαττόν
326 3024 405 3089 σου,
437 3003 493 3070 καὶ
516 2998 714 3091 περιπάτει,’
716 2997 887 3073 ’ὁδε
853 3032 889 3073 το
913 3006 1099 3077 κελευσθεν

129 3107 204 3175 ἐποί
204 3132 240 3174 ει.
277 3107 328 3173 23.
348 3111 487 3192 τυφλοῖς
506 3104 543 3173 δὲ
562 3101 663 3175 πάλιν
675 3101 793 3175 ἀλλοτε
805 3135 845 3176 τα
835 3102 1020 3193 βλεπτικά
1037 3111 1101 3179 τού

128 3205 236 3293 φωτός
252 3208 432 3295 ἐχαρίζετο·
470 3203 535 3295 ἤδη
554 3209 594 3277 δέ
606 3233 684 3278 ποτε
698 3208 753 3276 καὶ
768 3210 992 3299 αἱμορροοῦσα
1008 3207 1098 3299 γυνὴ
1110 3240 1137 3283 ω

128 3322 270 3394 μακραῖς
295 3309 379 3377 ἐτοῖν
402 3305 570 3399 περιόδοις
593 3306 676 3399 πρός
697 3314 757 3380 τοῦ
781 3307 913 3393 πάθους
931 3339 1099 3403 κατατρυ-

128 3408 270 3496 χομένη,
291 3408 405 3499 ἐπειδὴ
424 3408 510 3501 ἕύρα
528 3417 632 3501 μυρία
645 3407 761 3500 πλήθη
774 3415 964 3485 κυκλοῦνται
981 3411 1097 3503 αύτδν,
