2326 3818
325 135 510 188 DEMONST.
529 135 663 188 EVANG.
682 137 757 187 VIII.
777 139 801 190 2.
983 135 1045 200 543

79 280 255 363 ἐφορῶσαν
279 271 440 363 δύναμιν,
466 281 735 364 περιαιρεθείσης
759 275 797 344 δὲ
820 273 940 344 αὐτίκα
965 275 1045 365 μετα

78 375 139 462 τήν
157 373 260 445 αὐτοῦ
273 383 404 446 τελείαν
428 378 483 444 καὶ
501 379 674 465 θεοπρεπῆ
690 382 834 463 θυσίαν,
852 371 1046 468 ἷῆνπροσή-

79 504 197 565 νεφκεν
215 473 314 557 αότδς
335 475 456 546 ἑαυτὸν
477 474 562 566 ὑπὲρ
581 480 648 546 τῶν
665 474 835 565 ἁμαρτιῶν
852 475 962 565 ήμῶν,
982 478 1045 547 αὐ-

77 576 130 659 τός
150 573 197 646 οδν
215 572 232 647 5
251 575 354 666 ἆμνδς
371 581 431 647 του
448 581 549 666 θεοῦ,
567 573 585 647 5
605 587 712 666 αίρων
729 575 789 666 τήν
803 573 968 667 ἁμαρτίαν
986 587 1045 649 τοῦ

50 678 220 767 τκόσμου,
244 669 282 767 ῆς
300 687 426 761 θυσιάς
443 683 546 750 πᾶσιν
570 675 764 770 ἀνθρώποις
787 679 869 750 κατὰ
886 677 926 747 τοὶ
946 679 1044 748 καινοὶ

76 779 240 868 μυστήρια
258 785 315 868 τῆς
333 785 450 869 καινῆς
470 779 635 870 διαθήκης
658 787 906 872 παραδοθείσης
929 779 968 849 τοὶ
986 785 1043 868 τῆς

76 885 217 964 παλαιοῖς
240 880 427 973 περιήρητο.
473 888 543 953 119.
567 881 651 972 ὁμοῦ
674 881 737 971 γὰρ
762 888 807 976 τῷ
831 886 1043 972 πληροῦσθαι

75 980 111 1052 τό
130 981 261 1072 φάσκον
279 983 392 1071 λόγιον
410 977 488 1054 “nal
508 982 698 1073 δυναμοόσει
718 982 886 1072 διαθήκην
910 994 1044 1065 πολλοῖς
1061 1024 1072 1052 ε

78 1084 222 1173 ἕβδομός
247 1082 331 1174 μία”
362 1084 402 1154 τα
425 1089 483 1173 τῆς
501 1089 642 1166 παλαιοῖς
666 1083 830 1174 διαθήκης
853 1085 1043 1209 περιήρητο,1

39 1220 62 1259 10
76 1184 155 1255 πότε
180 1188 217 1255 δὲ
241 1184 280 1255 τό
306 1191 362 1274 τῆς
388 1185 552 1308 διαθήκης
574 1190 632 1274 τῆς
650 1191 767 1274 καινῆς
792 1184 1043 1277 ἐδυναμοῦτο
1023 1217 1043 1276 η

75 1283 128 1356 ὅτε
146 1285 164 1356 5
183 1286 292 1376 σωτήρ
311 1291 367 1356 καὶ
385 1286 498 1378 κύριος
515 1283 633 1410 ήμφν
629 1290 758 1357 σίλλων
776 1298 884 1358 τελειν
905 1289 941 1357 τδ
959 1291 1043 1376 μέγα

75 1386 258 1517 μυστήριον
280 1392 338 1475 τῆς
363 1395 410 1468 είς
439 1386 498 1459 τόν
529 1387 681 1459 θάνατον
710 1387 814 1459 αὑτοῦ
842 1387 1038 1513 παρόδου
1021 1419 1041 1479 5

75 1518 172 1558 νυκτι
161 1488 456 1578 παρεδίδοτο,
419 1519 460 1558 τα
478 1490 709 1579 σόμβολατων
725 1488 797 1559 κατ’
819 1488 921 1560 αὐτόν
938 1486 1042 1578 ἄπορ-

75 1589 184 1678 ρήτων
207 1595 265 1677 τῆς
288 1593 405 1679 καινῆς
415 1589 593 1713 διαθήκης
617 1589 726 1717 λόηων
743 1608 811 1671 τοῖς
835 1590 939 1663 νότου
956 1619 1042 1679 παρ-

38 1721 62 1760 15
78 1697 194 1761 εδίδου
206 1705 390 1781 μαθηταῑς;
409 1687 491 1781 ὁμοῦ
506 1691 568 1781 γαρ
582 1697 663 1814 ταῆτ
667 1692 837 1762 ’ἐτελεῖτο
855 1689 944 1761 καὶ
925 1721 945 1780 η
960 1721 1042 1762 κατα
1056 1722 1069 1762 ι

75 1795 203 1863 Μωσία
227 1791 351 1863 παλαιοὶ
377 1792 522 1883 διαθήκη
541 1791 737 1885 περιήρητο,
765 1791 847 1884 ὅπερ
868 1793 1038 1883 ἐδήλου
1006 1823 1042 1863 το

75 1897 308 1986 καταπέτασμα
333 1900 393 1966 τοῦ
416 1903 500 1966 ναοῦ
524 1894 606 1966 κατα
629 1896 688 1966 τὸν
711 1891 814 1977 αὐτόν
832 1893 1042 1987 ῥηγνύμενον
1118 1953 1120 1958 .

74 1994 204 2085 χρόνον.
243 2003 313 2068 120.
333 1996 494 2086 ἀρθείσης
517 2003 601 2086 γοῦν
619 2002 651 2080 ἐξ
671 2001 741 2068 ἐκεί
727 2005 802 2068 ίνου
827 2001 882 2068 καὶ
903 1996 1043 2086 δυνάμει

75 2099 129 2165 καὶ
155 2096 298 2189 ἀληθεία
322 2107 567 2187 καταλυθείσης
589 2108 714 2181 θυσίας
738 2103 793 2170 καὶ
818 2104 983 2186 σπονδῆς,
1009 2104 1046 2168 αι’

37 2229 61 2267 ω
75 2195 156 2284 μεταλ
180 2202 283 2267 ταυτα
306 2197 517 2287 νομιζόμεναι
540 2197 661 2269 αὐτόθι
681 2194 905 2271 ἐπιτελεῖσθαι
923 2209 1042 2269 θυσίαι

74 2296 237 2368 ἄσπονδοι
255 2300 310 2367 καὶ
328 2297 455 2389 όνίεροι
474 2305 511 2370 ἐν
528 2298 662 2393 βεβήλῳ
680 2299 770 2392 τόπῳ
785 2303 839 2370 καὶ
857 2296 924 2370 δπό
943 2300 1042 2387 βεβή-

75 2409 144 2470 λων
161 2403 215 2469 καδ
229 2396 373 2489 όνιίρων
392 2403 615 2471 ἕπετελούντο.
655 2406 724 2470 112.
747 2404 844 2489 δέχου
864 2402 901 2469 δὲ·
915 2402 970 2468 καὶ
984 2400 1042 2480 τὰς

74 2504 150 2589 περὶ
173 2499 301 2571 τούτων
314 2499 476 2590 Ἰωσήπου
499 2508 683 2593 μαρτυρίας
698 2495 805 2571 “κατοὶ
831 2501 867 2570 δὲ
885 2501 946 2589 τήν
964 2498 1041 2589 ήμί-
1069 2542 1072 2547 ·

75 2632 138 2693 ραν
156 2606 213 2691 τῆς
237 2608 461 2692 πεντηκοστῆς
485 2602 616 2690 νύκτωρ
640 2610 675 2674 οί
697 2609 797 2693 ίερεῖς
816 2600 1041 2693 παρελθόντες

36 2733 60 2773 τε
75 2712 121 2786 είς
135 2702 171 2774 ιδ
186 2702 288 2794 ίερδν,
308 2703 419 2797 ὥσπερ
434 2702 546 2787 αὐτοῖς
560 2714 638 2787 ἔθος
655 2695 710 2794 ῆν,
729 2703 810 2795 πρός
823 2702 880 2784 τός
894 2714 1040 2794 λειτουρ-

74 2815 164 2895 γίας,
185 2811 317 2898 πρῶτον
334 2809 396 2897 μὲν
413 2809 574 2896 κινήσεως
592 2816 721 2897 ἔφασαν
734 2803 1041 2896 ἀντιλαμβάνεσθαι

75 2911 130 2976 καὶ
148 2907 292 2997 κτύπου,
317 2907 397 2999 μετα
417 2910 453 2978 δὲ
471 2916 574 2978 ταῦτα
591 2913 706 2997 φωνῆς
724 2906 852 2997 αἰθρόας
866 2906 1039 2997 λεγούσης,
1054 2936 1105 2989 [εει]

74 3018 328 3100 μεταβαίνωμεν
346 3006 538 3081 ἐντεῦθεν.”
580 3012 683 3079 ταυτα
709 3011 745 3080 δὲ
764 3015 891 3099 λστορεῐ
906 3011 987 3098 μετὰ
1005 3009 1045 3078 τδ

75 3108 183 3193 πόθος
200 3117 260 3182 τοῦ
279 3119 426 3203 σωτῆρος
444 3108 538 3201 ῆμων
556 3114 737 3200 γεγονέναι.
776 3117 845 3180 122.
866 3113 921 3180 καὶ
939 3108 1040 3178 πόλιν

66 3338 68 3343 >
142 3381 175 3428 23
192 3380 277 3444 Jose
279 3378 305 3429 h.
319 3379 350 3428 Β.
363 3379 390 3430 J.
404 3380 451 3432 VI.
464 3380 526 3443 55
607 3378 641 3453 λθ
657 3376 709 3431 W
733 3376 768 3416 δ’·
936 3374 1039 3416 ''V-¹11.

73 3396 348 3510 3,...IBJIIp9,.2
