2326 3818
329 150 514 205 DEMONST.
530 151 663 206 nmo.
680 153 703 204 1.
719 153 745 202 6.
980 150 1022 213 41

57 294 234 362 ἰλεοῦσθαι
258 288 342 361 κατά
365 289 406 361 τά
422 294 721 382 νενομοθετημένα.
767 288 882 382 διόπερ
909 293 965 361 καὶ
982 294 1024 382 τῇ

56 397 211 476 Μωσέως
228 391 363 475 εἰκότως
379 391 628 482 ὑποβέβληνται
646 390 785 486 κατάρᾳ,
804 397 841 464 έν
851 397 944 483 μέρει
961 392 1025 482 μὲν
1094 448 1098 457 .

56 492 239 584 φυλάττειν
256 490 331 564 τινὰ
348 493 560 585 κειρόμενοι,
579 499 616 565 έν
634 497 672 565 δέ
688 512 758 577 τοῖς
768 493 857 576 ὅλοις
875 522 1077 582 παρανο-ιιε)
1113 500 1142 565 ἴε

56 601 214 686 μοῦντες,
238 595 424 687 διαρρήδην
441 599 593 678 Μωσέως
616 595 879 686 ἀποφηναμένου
891 592 964 667 “ότι
984 593 1024 685 δὴ

33 696 295 788 ιέπικατάρατος
313 706 387 785 πᾶς,
404 694 442 781 ὃς
458 695 521 769 οόκ
539 703 675 789 έμμενεῖ
691 702 728 768 έν
744 702 826 769 πᾶσι
842 715 913 780 τοῖς
931 701 1025 787 ἐγγε-

56 803 259 890 γραμμένοις
276 803 338 871 τοῦ
353 798 477 891 νόμου,
494 805 555 870 τοῦ
573 803 709 890 ποιῆσαι
727 795 845 871 αότά.”

133 906 184 973 38.
222 900 358 985 Τούτοις
388 904 425 973 δὲ
457 907 538 972 πᾶσι
573 901 883 994 περιπεπτωκασιν,
919 899 1025 971 αὐτοῦ

56 1007 210 1085 Μωσέως
232 1012 319 1098 θείῳ
342 1003 506 1093 πνεύματι
531 1002 788 1095 προειληφότος,
817 1002 868 1074 ὅτι
898 1002 941 1092 δὴ
967 1006 1026 1093 τῆς

58 1104 114 1175 διά
132 1109 280 1197 Χριστοῦ
295 1109 411 1194 καινῆς
430 1105 595 1195 διαθήκης
612 1103 865 1194 ἀνανεωθείσης
884 1107 938 1176 καί
957 1122 1026 1186 τοῖς

19 1237 45 1277 10
59 1213 162 1279 πᾶσιν
174 1215 290 1279 ἔθνεσι
303 1215 588 1297 καταγγελθείσης
605 1207 741 1299 περιττή
750 1236 800 1289 τις
814 1205 937 1296 έσταιὴ
956 1204 1023 1276 κατ’

57 1305 160 1379 αὐτόν
176 1318 379 1398 νομοθεσία,
403 1305 446 1398 ἣν
465 1308 599 1390 εἰκότως
615 1308 678 1398 ὑφ’
705 1312 765 1379 ἕνα
782 1308 891 1380 τόπον·
903 1307 1027 1399 περιοί-

57 1433 169 1499 ρισεν,
194 1417 268 1498 ἰνα,
294 1423 327 1481 εἰ
340 1437 420 1481 ποτε
436 1408 557 1480 τούτου
575 1422 772 1501 στερηθεῖεν
796 1411 851 1479 καί
871 1406 1055 1480 ἀποκλει-ι

58 1524 176 1581 σθεῖεν
200 1519 257 1599 τῆς
282 1519 407 1592 οἰκείας
433 1515 646 1601 ἐλευθερίας,
675 1510 788 1600 μηκέτ’
816 1507 929 1591 αὐτοῖς
954 1508 1027 1594 ἰξόν

58 1624 110 1701 εἰη
129 1616 183 1683 ε’πί
201 1617 259 1701 τῆς
278 1610 469 1702 ἀλλοδαπῆς
487 1611 527 1683 τά
546 1611 617 1683 κατ’
648 1609 751 1707 αὐτόν
767 1611 892 1702 νόμιμα
909 1637 1027 1682 συντε-

18 1741 44 1782 ιι
59 1723 147 1802 λεῖν,
167 1709 211 1796 ὥς
229 1718 284 1785 καὶ
304 1719 336 1800 ἐξ
355 1711 501 1804 ἀνάγκης
518 1714 580 1804 τὴν
599 1716 761 1803 δευτέραν
779 1713 948 1804 διαθήκην
965 1713 1028 1804 τὴν

60 1817 114 1886 διὰ
136 1822 284 1907 Χριστοῦ
307 1820 578 1907 κατηγγελμένην
601 1821 760 1905 γενέσθαι
789 1819 1025 1907 παραδεκτέον.

57 1924 109 1988 39.
130 1916 211 1989 αότό
231 1920 272 2008 δὴ
290 1909 353 1990 οὖν
370 1923 468 1990 τοῦτο
476 1925 628 2000 Μωσέως
641 1914 926 2009 προηγορευκότος
944 1912 1027 2006 ὁμοῦ

57 2048 94 2090 τε
110 2016 128 2090 ὁ
147 2020 288 2110 Χριστός
306 2019 463 2111 ἐπεδήμει
480 2025 528 2114 τῷ
545 2028 609 2115 βίω
628 2024 757 2110 καὶτῆς
776 2023 892 2114 καινῆς
908 2018 1026 2108 διαθή-

10 2176 14 2182 .
58 2149 118 2208 κης
136 2121 359 2210 προεβάλλετο
378 2128 458 2192 πᾶσι
476 2139 544 2204 τοῖς
559 2130 674 2193 ἔθνεσι
689 2128 900 2207 διδασκαλία,
919 2148 1027 2211 παρα-

20 2249 45 2288 νο
59 2221 167 2310 χρῆμά
191 2250 226 2291 τε
238 2221 389 2311 Ῥωμαῖοι
412 2222 474 2313 την
497 2223 595 2293 πόλιν
619 2222 751 2306 ἑλόντες
774 2231 949 2314 πολιορκίᾳ
967 2251 1027 2292 κα-

59 2331 177 2392 θεῖλον
194 2322 234 2390 τό
248 2318 459 2412 Ἱεροσόλυμα
477 2327 533 2394 καί
550 2325 609 2394 τὸν
626 2321 747 2396 αὐτόθι
771 2323 873 2394 ναόν·
910 2322 1027 2394 λέλυτό

58 2452 94 2494 τε
112 2419 231 2495 αὐτίκα
249 2430 339 2494 πᾶσα
362 2422 383 2513 ἡ
403 2426 555 2504 Μωσέως
571 2423 733 2511 διάταξις,
752 2427 807 2494 καὶ
829 2422 869 2494 τά
886 2428 944 2512 τῆς
962 2451 1052 2493 noc-c

59 2531 154 2609 λαιᾶς
186 2523 366 2616 περιῄρητο
397 2524 579 2616 διαθήκης,
605 2524 645 2596 τά
668 2553 704 2596 τε
727 2530 785 2614 τῆς
808 2520 891 2614 ἀρᾶς
914 2522 1027 2615 μετῄει

58 2626 135 2709 τούς
153 2627 242 2717 παρὰ
261 2626 379 2718 καιρόν
395 2627 436 2698 τὰ
453 2632 605 2711 Μωσέως
615 2627 773 2717 πράττειν
790 2630 1027 2716 παρανομοῦν-

20 2759 45 2798 ιε
58 2758 136 2816 τας,
156 2737 203 2810 εἰς
222 2725 307 2799 αὐτὰ
325 2733 555 2820 βιαζομένους·
582 2728 796 2819 ἀντεισήγετο
815 2730 851 2800 δὲ
869 2727 953 2818 ὁμοῦ
971 2732 1027 2799 καὶ

59 2831 142 2901 κατὰ
159 2832 196 2901 τό
220 2830 302 2902 αὐτό
326 2836 384 2920 τῆς
408 2836 486 2914 νέας
504 2836 559 2903 καὶ
579 2836 733 2916 έντελοῦς
751 2837 969 2912 διδασκαλίας
987 2828 1028 2901 τά

58 2931 190 3023 νόμιμα.
228 2939 279 3003 40.
301 2932 416 3024 διόπερ
436 2933 569 3017 εἰκότως
587 2929 605 3005 ό
624 2933 733 3024 σωτὴρ
752 2936 807 3005 καί
826 2931 940 3024 κύριος
958 2948 1026 3014 τοῖς

58 3038 222 3123 οἰομένοις
240 3038 278 3104 έν
294 3033 380 3125 μόνη
398 3039 440 3128 τῇ
452 3034 667 3128 Ἰερουσαλὴμ
691 3033 711 3125 ἢ
731 3040 768 3109 έν
790 3033 886 3126 όρεσί
900 3060 989 3105 τισιν
1006 3028 1028 3122 ἢ

58 3135 172 3217 τόποις
189 3132 435 3226 ἀφωρισμένοις
451 3143 524 3208 δεῖν
537 3136 691 3210 τὸνθεόν
705 3152 909 3227 προσκυνεῖν
922 3159 1029 3224 φησιν

19 3233 209 3328 ω”ἒρχεται
229 3235 316 3328 ὥρα,
341 3243 398 3310 καί
415 3244 481 3310 νῦν
500 3244 606 3328 ἐστιν,
625 3238 680 3310 ότε
698 3245 733 3309 οἰ
747 3238 905 3328 ἀληθινοὶ
923 3258 1027 3327 προσ-

128 3474 144 3521 5
162 3471 245 3521 οισι.
258 3474 300 3536 ιι,
314 3473 356 3522 νο.
461 3477 494 3524 3ο
510 3474 573 3525 Job.
586 3476 612 3540 4,
627 3477 670 3525 ιι.
