2326 3818
326 128 511 181 υυαοαευ.
530 130 662 183 εοεαε.
680 131 732 182 111.
752 135 774 183 τ.
971 129 1029 192 181

62 267 162 350 αὐτὸς
182 270 219 340 δέ
237 280 417 348 Ματθαιος
436 268 495 338 τὸν
513 272 634 339 έαυτού
651 268 854 359 στηλιτεύων
868 275 955 360 βίον,
976 274 1031 340 καλ

64 369 245 461 κατήγορος
270 366 367 450 αύτός
386 372 507 439 ἑαυτοῦ
525 366 729 460 γιγνόμενος.
763 377 815 440 82.
845 371 1032 444 ἐπάκουσον
1048 400 1088 452 [νει

65 482 148 565 γοῦν
165 471 254 553 ὅπως
274 469 460 561 διαρρήδην
484 468 538 542 ἐπ’
564 467 725 562 ὀνόματος
748 469 854 544 αύτού
870 479 1032 563 μέμνηται

65 582 102 649 έν
115 578 162 670 τῷ
179 573 261 663 πρὸς
279 568 384 643 αύτού
402 577 563 663 γραφέντι
582 569 765 668 εὐαγγελίῳ
782 579 902 645 τοῦτον
926 578 1033 662 λέγων

36 679 123 752 ετόν
149 674 273 765 τρόπον
295 671 373 746 “uod
400 673 562 766 παράγων
586 679 720 748 ἐκεῖθεν
743 675 761 747 5
790 673 914 765 Ἰησοῦς
941 677 1032 747 εἶδεν
1046 704 1100 752 ου)

62 778 246 869 άνθρωπον
270 776 463 868 καθήμενον
487 781 541 848 ἐπὶ
572 777 608 849 τὸ
643 777 821 867 τελώνιον,
849 789 1033 850 Ματθαῐον

60 880 214 971 ὀνόματι,
241 881 297 950 καὶ
320 879 415 951 εἶπεν
433 877 542 974 αὐτῷ,
566 879 746 952 ἀκολούθει
764 902 836 972 μοι·
869 884 925 952 καὶ
949 877 1033 950 ἀνα-

62 983 140 1067 στάς
163 980 396 1081 ἠκολούθησεν
419 980 518 1076 αύτῷ.
563 985 619 1052 καὶ
652 986 781 1073 ἐγένετο
811 983 1032 1074 ἀνακειμένου

62 1083 167 1157 αύτοῦ
198 1089 234 1156 έν
256 1089 296 1176 τῇ
327 1091 434 1176 οίκίηι,
460 1087 516 1154 καὶ
541 1083 617 1155 ίδοά
649 1087 765 1155 πολλοὶ
800 1090 941 1157 τελῶναι
977 1088 1032 1156 καὶ

24 1217 49 1256 10
63 1187 251 1276 ἁμαρτωλοὶ
270 1188 506 1256 συνανέκειντο
524 1192 570 1277 τῷ
584 1183 692 1276 Ἰησοῦ
710 1188 847 1269 καὶτοῖς
865 1200 1032 1277 μαθηταῖς

64 1283 196 1375 αύτοῦ,”
225 1291 281 1357 καλ
305 1285 406 1357 πάλιν
430 1285 558 1376 προϊών
588 1289 679 1376 ἑξῆς,
706 1287 824 1358 τόντε
848 1288 1033 1377 κατάλογον

62 1392 305 1479 τῶνμαθητῶν
326 1386 627 1478 ἐξαριθμούμενος,
655 1386 755 1471 αὐτὸς
781 1392 890 1483 ἑαυτῷ
914 1388 950 1459 τό
972 1394 1035 1459 τού

63 1489 210 1562 πελάνου
227 1487 332 1579 ὄνομα
351 1496 583 1578 προστίθησιν.
617 1494 667 1561 83.
687 1493 777 1580 λέγει
804 1489 835 1560 δ’
857 1480 920 1560 οὖν
941 1486 1033 1561 “το3ν

64 1595 102 1664 δέ
120 1591 252 1663 δώδεκα
269 1586 466 1662 ἀποστόλων
484 1591 524 1661 τά
541 1586 687 1681 ὀνόματά
706 1597 774 1663 ἐστι
791 1597 911 1664 ταύτα·
942 1598 1032 1683 πρῶ-

25 1722 49 1764 15
63 1724 117 1776 τος
136 1701 254 1785 Σίμων
272 1687 290 1764 5
310 1691 486 1783 λεγόμενος
495 1697 634 1784 Πέτρος,
653 1696 708 1764 καὶ
720 1690 878 1785 Ἀνδρέας
895 1693 913 1765 5
932 1692 1032 1766 ἀδελ-

63 1795 125 1888 φὸς
143 1794 259 1886 αύτοῦ,
272 1794 427 1884 Ἰάκωβος
444 1794 462 1865 5
485 1799 546 1868 τοῦ
569 1802 773 1885 Ζεβεδαίου,
801 1800 856 1867 καὶ
876 1795 1032 1886 Ἰωάννης

61 1895 238 1989 ὁάδελφός
256 1895 378 1987 αὐτοῦ,
398 1905 565 1981 Φίλιππος
589 1902 645 1970 καὶ
665 1910 935 1990 Βαρθολομαῖος,
957 1909 1031 1969 502-
1047 1930 1059 1969 ο

61 2005 123 2089 μᾶς
142 2002 197 2071 καὶ
212 2012 390 2082 Ματθαῑος
408 1996 425 2071 5
443 1999 615 2089 τελάνης.”

123 2105 189 2172 '84
220 2099 335 2183 Οὕτως
353 2103 415 2191 μέν
432 2097 643 2186 ὁΜατθαῐος
660 2100 706 2172 δι’
726 2100 919 2194 ὑπερβολὴν
928 2108 1031 2174 ἐπιει-

24 2230 49 2269 κο
63 2210 153 2283 κείας
171 2200 207 2272 τύ
224 2202 411 2291 φιλάληθες
427 2199 628 2292 ὑποφαίνων
644 2209 705 2276 τοῦ
725 2211 814 2276 ίδίου
831 2205 957 2295 τρόπου
976 2207 1031 2275 καὶ

61 2301 211 2392 τελοάνην
229 2303 350 2373 ἑαυτὸν
368 2300 539 2392 ἀπεκάλει,
557 2307 617 2394 μὴ’
628 2305 842 2393 ἐπικρύπτων
865 2306 923 2376 τὸν
948 2306 1030 2395 πρό-

61 2434 158 2493 τερον
182 2408 306 2477 ἑαυτοῦ
328 2410 406 2494 βίον
431 2408 570 2474 καὶτοῦ
594 2404 742 2495 συζύγου
766 2405 928 2495 δεύτερον
953 2410 1029 2475 έαυ-
1061 2422 1067 2434 ·

61 2505 120 2579 τὸν
138 2511 324 2597 κατέλεγεν.
360 2512 409 2578 85.
430 2511 689 2598 συνεζευγμένας
708 2514 790 2597 γοῦν
807 2512 852 2602 τῷ
873 2510 993 2599 Θωμᾷ,
1012 2503 1030 2576 5

62 2613 190 2702 Πέτρος
205 2605 357 2704 Ἀνδρέα,
376 2611 432 2680 καλ
445 2607 600 2699 Ἰάκωβος
614 2615 661 2706 τῷ
672 2607 821 2702 Ἰωάννη,
840 2613 895 2680 καὶ
910 2617 1029 2681 Φίλιπ-

23 2736 49 2777 25
62 2740 123 2793 πος
152 2719 408 2806 Βαρθολομαίμ,
444 2712 619 2804 προτάττει
648 2717 769 2785 ἑαυτοῦ
802 2711 861 2783 τὸν
893 2715 1028 2802 Θωμᾶν,

62 2816 233 2902 προτιμῶν
250 2809 294 2895 ἀς
317 2821 491 2904 κρείττονα
507 2813 566 2885 τὸν
583 2815 851 2904 συναπόστολον,
877 2818 945 2885 τῶν
963 2824 1029 2884 λοι-

61 2917 136 2984 ποὶν
154 2911 400 3002 εὐαγγελιστῶν
424 2915 622 2988 τούναντίον
646 2915 884 3006 πεποιηκότων.
927 2914 1054 2988 άκουεε

62 3020 145 3105 γοῦν
160 3023 285 3104 Λονκᾶ,
305 3021 376 3099 πῶς
393 3020 454 3087 τού
471 3028 657 3091 Ματθαίου
668 3020 902 3110 μνημονεύσας
920 3015 960 3090 ού
977 3046 1028 3087 τε·

61 3116 173 3207 λα’νην
190 3115 354 3209 ὀνομάζει,
372 3114 448 3189 οὐδ’
467 3113 644 3193 ύποτάττει
658 3125 706 3216 τῷ
717 3127 838 3214 Θωμᾷ,
856 3129 1029 3209 κρείττονα

10 3245 48 3284 ἰο
63 3219 100 3289 δὲ
118 3216 222 3291 αύτόν
247 3219 344 3303 είδάς
367 3224 501 3310 πρῶτον
524 3218 629 3295 αὐτὸν
651 3227 843 3312 κατέλεξεν,
870 3220 1033 3311 δεύτερον

128 3453 144 3502 ε
161 3453 261 3506 Matth.
274 3457 298 3521 9,
313 3457 338 3510 ο.
