2326 3818
172 111 214 175 52
580 110 728 161 ικέιιοιι

173 255 431 341 ένομοθέτησεν
459 247 521 321 οὐκ
534 244 577 320 άν
591 248 767 339 φθονήσας
786 252 841 320 καί
859 246 899 319 τά
916 252 1070 333 Μωσέως
1089 250 1151 323 διά

120 383 159 433 (νο)
173 357 241 423 τῶν
258 351 454 423 ἀποστόλων
471 350 575 422 αὐτοῦ
593 357 697 421 πᾶσιν
709 350 903 475 ἀνθρώποις
908 362 1149 479 καταγγεῑλαι,

176 463 207 525 εἰ
176 453 267 545 εμὴ
284 484 321 525 το
310 450 510 525 άδυνατον
528 443 722 544 ἐμποδῶν
702 484 755 543 ην,
774 452 818 535 ῶς
838 450 990 524 διδασκει
1000 450 1148 575 λέγων
1129 484 1150 527 ο

174 555 387 639 άπόστολος“
392 556 429 627 τὸ
442 554 518 681 μάρ
525 552 693 626 άδύνατον
718 558 777 625 τού
795 553 919 645 νόμον,
938 542 1023 625 έν
994 584 1021 648 ῳ
1039 532 1151 678 ν’χσθέ-

175 689 242 748 νει,
273 655 291 729 ὁ
314 658 394 742 θεὸς
417 657 477 728 τὸν
502 660 624 727 ἑαυτοῦ
646 655 723 727 υἰὸν
746 661 878 746 πέμψας
902 650 978 728 έν
962 655 1150 747 ομοιῶματι

173 761 294 852 σαρκὸς
312 754 497 850 ἆμαρτίας”
517 762 572 828 καὶ
590 788 630 827 τα
619 756 739 849 ἑξὴς·
771 766 801 829 4.
821 755 990 829 άδύνατον
1009 760 1046 829 δέ
1064 764 1152 833 πᾶσι

174 864 215 952 δὴ
234 891 299 934 που
323 878 394 941 τοῖς
415 869 552 930 ἔθνεσιν
570 854 733 950 ὑπάρχειν
756 861 827 950 τρίς
845 864 905 929 τοῦ
923 868 1017 941 ἔτους
1036 855 1152 935 άπαν-

174 969 236 1034 τάν
255 971 302 1043 εἰς
316 958 530 1051 Ἱεροσόλυμα
562 960 643 1031 κατά
671 961 729 1032 τόν
753 964 904 1043 Μωσέως
935 959 1058 1051 νόμον,
1092 968 1151 1035 καὶ

174 1064 240 1134 άπό
258 1067 326 1134 τῶν
343 1062 497 1150 περάτων
514 1070 571 1153 τὴς
589 1067 786 1152 οἰκουμένης
798 1062 860 1151 τὴν
876 1061 941 1133 άπὸ
955 1067 1073 1153 λέχους
1085 1094 1151 1155 μυ·

174 1182 275 1237 ναῑκα
294 1164 466 1253 σπεύδειν,
486 1164 607 1235 αὐτόθι
625 1163 665 1234 τά
683 1165 851 1255 καθάρσια
870 1163 1150 1259 άποθησομένην,

176 1269 231 1337 καί
250 1264 334 1336 άλλα
351 1275 474 1357 μυριά,
498 1264 519 1335 δί
543 1269 599 1336 καί
619 1269 728 1361 ἑαυτῷ
745 1297 793 1348 τις
818 1269 872 1336 έπί
891 1271 1010 1356 σχολὴς
1027 1268 1153 1341 άναλέ·

175 1376 266 1454 ξαιτο
284 1367 335 1440 όν,
377 1377 407 1439 ὓ.
429 1366 542 1458 ἐπειδὴ
566 1375 683 1439 τοίνυν
706 1372 809 1438 ταυτα
826 1367 905 1439 οὐδὲ
929 1375 1155 1459 βουλομένοις

148 1471 304 1543 υδυνατά
327 1463 371 1561 ὴν
394 1489 463 1553 τοῖς
487 1468 732 1564 ἀπῳκισμένοις
759 1475 817 1557 τὴς
837 1467 998 1552 Ἰουδαίας
1029 1478 1155 1545 ἔθνεσι

176 1576 374 1663 φυλάττειν,
401 1572 535 1654 εἰκότως
559 1574 665 1662 μηδέν
682 1569 811 1642 τούτων
831 1569 875 1642 δι’
904 1573 1027 1641 ἑαυτοῦ
1043 1573 1156 1660 λύσας

176 1676 194 1746 ό
213 1673 324 1762 σωτὴρ
346 1677 403 1743 καὶ
426 1672 540 1762 κύριος
564 1672 676 1761 ἡμῶν,
707 1672 881 1762 πληρωτὴς
907 1674 945 1743 δέ
968 1672 1155 1763 γενόμενος

177 1781 245 1845 τῶν
264 1780 300 1845 έν
317 1780 363 1868 τῷ
381 1773 491 1868 νόμῳ,
516 1777 571 1844 καὶ
589 1782 703 1846 πίστιν
726 1774 907 1865 παρασχῶν
924 1792 993 1856 τοίς
1010 1770 1155 1871 ὁρῶσιν,

179 1876 223 1959 ῶς
240 1874 306 1967 άρα
325 1874 424 1957 αὐτός
443 1881 533 1947 ἐστιν
551 1875 568 1946 ό
584 1874 724 1963 Χριστός
742 1882 802 1946 τοῦ
820 1882 925 1966 θεοῦ,
943 1871 961 1945 ό
980 1874 1064 1968 πρός
1082 1884 1156 1955 τῶν

178 1976 268 2068 παρά
281 1977 456 2059 Ἰουδαίοις
484 1976 585 2047 πάλαι
608 1981 799 2068 γενομένων
822 1983 1004 2069 προφητῶν
1021 2009 1156 2075 μεμαρ-

178 2082 380 2169 τυρημένος,
398 2077 480 2168 μετά
497 2083 600 2149 ταῦτα
625 2084 706 2151 πᾶσι
723 2097 793 2162 τοῖς
811 2079 979 2152 ἔθνεσι
944 2109 984 2150 τα
1003 2079 1155 2171 ἁρμόδια

179 2183 437 2271 παραγγέλματα
462 2178 516 2249 διά
539 2184 606 2251 τῶν
623 2188 758 2252 οἰκείων
780 2186 942 2272 μαθητῶν
960 2186 1069 2271 προβέ
1067 2192 1154 2313 βλνχ·

179 2313 240 2353 ται.
278 2289 430 2354 θένθεν
453 2285 509 2352 καί
533 2277 627 2372 ὴμεῖς
650 2281 687 2354 τό
712 2313 774 2372 μεν
798 2290 978 2368 ἰουδαΐζειν
1002 2290 1156 2379 παρητὴ-

178 2399 286 2476 μεθα,
306 2380 350 2468 ῶς
368 2379 449 2476 ὴμῑν
461 2415 507 2477 μη
495 2383 830 2477 νενομοθετημένον
847 2387 931 2509 μηδὲ
951 2387 1156 2476 ἐφαρμόζειν

152 2507 246 2573 οτοϊς
265 2498 382 2560 έθνεσι
402 2486 609 2578 δυνάμενον,
633 2486 691 2569 τάς
716 2489 753 2558 δε
771 2488 860 2578 παρά
876 2484 1048 2571 Ἰουδαίοις
1066 2517 1156 2583 προ-

179 2598 317 2679 φητείας
335 2587 474 2678 άσμενοι
491 2588 751 2678 κατεδεξάμεθα,
771 2585 815 2671 ῶς
828 2585 871 2660 άν
883 2589 941 2671 τάς
958 2593 1036 2681 περὶ
1054 2589 1156 2682 ὴμῶν

124 2712 166 2764 [ιν]
181 2688 399 2779 περιεχούσας
423 2688 631 2779 προρρήσεις.
673 2689 690 2759 ὁ
718 2694 756 2759 δέ
777 2720 816 2780 γε
840 2691 950 2781 σωτὴρ
974 2695 1030 2761 καί
1055 2694 1154 2767 διδά-

181 2802 301 2871 σκαλος
319 2786 415 2878 ὴμῶν
433 2792 488 2859 καί
506 2789 613 2873 άλλως
637 2790 811 2882 πληρωτὴς
829 2789 971 2883 ύπάρχει
988 2798 1049 2865 τοῦ
1066 2806 1154 2867 Μω-

181 2896 264 2973 σέως
279 2889 383 2980 νόμον
401 2894 457 2962 καί
470 2896 538 2962 τῶν
556 2889 627 2982 μετ’
648 2890 750 2963 αύτδν
767 2900 959 2984 προφητῶν.
985 2902 1012 2965 7.
1033 2896 1154 2989 ἐπειδὴ

181 2992 245 3084 γάρ
262 3009 330 3075 τοῖς
347 2999 619 3085 τεθεσπισμένοις
636 2994 677 3065 τά
693 2999 762 3067 τῶν
775 2994 1064 3087 συμπερασμάτων
1082 3006 1155 3070 έλι-

182 3126 244 3168 πεν
258 3094 298 3166 τά
315 3123 350 3165 τε
368 3103 436 3165 τῶν
454 3095 563 3185 λόγων
576 3096 835 3187 άποτελέσματα,
853 3102 938 3188 χρὴν
954 3096 995 3188 δὴ
1009 3126 1075 3171 που
1094 3104 1154 3171 καί

181 3198 308 3270 τούτων
326 3194 437 3269 αὐτῶν
455 3199 633 3289 πληρωτὴν
651 3196 754 3271 αύτόν
777 3202 946 3289 γενέσθαι.
994 3197 1084 3291 οἷον,
1105 3202 1152 3287 οἷς

249 3434 266 3480 4
283 3431 359 3485 Rom.
373 3433 398 3495 8,
412 3436 435 3483 3.
