2326 3818
133 109 194 174 134
538 109 686 163 EUSEBH

130 247 253 332 αὐτοὺς
278 252 313 318 ἐν
335 263 407 331 ταῖς
430 247 566 340 χῶραις·
609 252 664 320 καὶ
691 248 915 340 ὑπολείψομαι
933 255 965 334 ἐξ
983 249 1102 325 αὐτῶν

130 349 256 441 άνδρας
275 353 312 421 ἐν
329 349 463 446 άρνθμιβ
483 354 519 421 ἐκ
536 355 713 442 ῥομφαίας,
732 353 788 422 καλ
807 353 843 422 ίκ
856 359 965 442 λιμοῦ,
985 355 1041 423 καὶ
1062 357 1101 426 ἐκ

129 451 297 542 θανάτου,
326 449 415 536 ὅπως
446 450 708 542 ἐκδιηγήσανται
738 453 846 536 πάσας
869 452 926 536 τὰς
955 451 1101 545 ἀνομίας

130 553 243 625 αὐτῶν
260 558 298 625 ἐν
320 569 388 637 τοῖς
407 560 545 626 ἔθνεσιν
568 543 610 625 οὖ
633 549 676 625 άν
700 555 900 626 εἰσέλθωσιν
919 558 1005 625 ἐκεῖ·
1042 560 1098 628 καλ

130 654 317 745 γνώσονται
334 654 385 725 ὅτι
404 655 468 745 ίγῶ
488 646 637 747 κύριος.”
1114 686 1129 727 ο

206 763 276 827 172.
294 754 365 828 Ἐπὶ
381 762 423 846 τῇ
440 764 500 828 τοῦ
518 754 641 838 παντὸς
659 765 742 827 λαοῦ
769 763 933 850 διασπορᾷ
960 761 1015 829 καὶ
1033 766 1103 833 νῦν

101 857 372 943 ιὺπολείψεσθαι
404 861 511 952 ἑαυτῷ
542 859 675 947 ὀλίγους
701 857 835 953 ἀριθμῷ
862 881 987 949 φησιν,
1019 856 1100 933 οὐδ’

127 957 250 1041 ἅλλους
270 964 382 1047 δηλῶν
401 966 468 1030 τῶν
485 963 746 1051 προειρημένων.

414 1176 485 1250 νβ’.
517 1175 598 1250 Ἀπὸ
616 1185 674 1250 τοῦ
694 1174 808 1250 αὐτοῦ.

199 1311 218 1339 “
229 1311 316 1384 Τάδε
333 1315 421 1400 λέγει
436 1310 581 1385 Ἀδωναῖ
597 1312 727 1401 κάρτος·
755 1311 814 1385 ἐάν
828 1316 865 1385 δὲ
878 1317 934 1385 καὶ
947 1314 1005 1397 τάς
1022 1317 1140 1387 vio-1⁰

129 1438 232 1506 σαρας
260 1414 445 1504 ἐκδικησεις
470 1444 535 1505 μου
564 1413 622 1498 τάς
647 1415 811 1505 πονηράς,
840 1420 1011 1508 ῥομφαίαν
1042 1422 1101 1490 καὶ

129 1518 226 1608 λιμὸν
249 1521 305 1587 καὶ
329 1525 434 1606 θηρία
458 1517 588 1606 πονηρά
617 1519 673 1587 καί
696 1515 865 1605 θάνατον,
891 1521 1100 1601 ἐξαποστελῶ

72 1647 115 1700 [τε]
131 1621 184 1689 ἐπὶ
197 1618 429 1707 Ἰερουσαλὴμ,
453 1625 514 1688 τοῦ
533 1622 770 1704 ίξολοθρεῦσαι
789 1623 821 1702 ἐξ
840 1617 942 1707 αὐτῆς
960 1616 1102 1709 ἅνθρω-

62 1738 67 1743 “
129 1747 194 1790 πον
217 1722 272 1789 καὶ
297 1727 433 1807 κτῆνος,
458 1722 513 1789 καί
538 1717 614 1790 ίδού
644 1717 918 1809 ὑπολελειμμένοι
950 1724 988 1791 ἐν
1012 1719 1101 1814 αὐτῇ

125 1828 161 1892 οί
175 1817 476 1909 άνασεσωσμίνοι.”
1105 1842 1131 1887 ιο

204 1928 272 1992 173.
295 1918 408 1993 Οὐδὲν
425 1919 469 1993 άν
486 1925 664 1994 καὶταῦτα
683 1924 837 2014 διαφέροι
855 1929 927 1993 τῶν
945 1949 1102 2016 προειρη-

130 2027 249 2110 μένων.

426 2139 466 2224 ξ’.
500 2137 579 2213 'And
596 2149 656 2213 τοῦ
675 2137 790 2212 αὐτοῦ.

98 2312 109 2341 ε
207 2282 275 2346 174.
290 2274 308 2302 “
316 2273 432 2358 Οὕτως
447 2283 551 2369 κρινῶ
565 2274 662 2367 ὑμᾶς,
682 2277 769 2365 λέγει
783 2273 907 2367 κύριος,
923 2277 979 2346 καὶ
994 2276 1100 2363 διάξω

126 2375 212 2469 ὑμᾶς
230 2377 296 2450 ὑπὸ
314 2377 375 2468 την
393 2377 522 2471 ῥάβδον
539 2409 622 2470 μον,
648 2380 704 2449 καὶ
724 2376 844 2461 είσάξω
861 2376 948 2468 ὑμᾶς
968 2380 1005 2448 ἐν
1022 2377 1102 2469 άρι-
1114 2400 1140 2443 ω

126 2486 203 2575 θμῶ
235 2487 294 2570 τῆς
325 2479 490 2570 διαθήκης
512 2510 596 2571 μου,
622 2484 678 2551 καὶ
703 2480 822 2563 ἐκλίξω
849 2482 882 2563 ἐξ
906 2478 1003 2568 ὑμῶν
1020 2481 1102 2566 τοὺς

128 2580 354 2672 ἀφεστηκότας
381 2582 537 2664 καὶτοὺς
563 2578 712 2670 άσεβεῑς,
738 2579 823 2653 διότι
849 2583 885 2651 ίιι
902 2583 960 2670 τῆς
979 2607 1102 2674 παροι-

128 2692 202 2765 πίας
216 2681 328 2753 αὐτῶν
344 2680 444 2765 ἐξάξω
458 2680 591 2771 αὐτοδς,
610 2687 665 2753 καί
684 2690 730 2764 είς
741 2679 803 2771 τὴν
815 2687 879 2773 γῆν
896 2689 956 2753 τοῦ
966 2680 1102 2775 Ἰσραὴλ

128 2780 191 2854 οὐκ
210 2781 488 2854 είσελεύσονται.”

207 2889 278 2955 175.
298 2890 424 2975 Σαφῶς
443 2887 498 2955 καὶ
526 2888 563 2956 ἐν
579 2884 707 2968 τούτοις
725 2884 860 2980 ἀριθμῶ
878 2894 1014 2976 βραχεῖς
1030 2883 1101 2959 ὑπδ
1114 2906 1141 2949 2⁶

129 2983 190 3076 τὴν
208 2984 336 3078 ῥάβδον
358 2993 417 3058 τοῦ
441 2990 525 3059 θεοῦ
548 2984 772 3076 γενήσεσθαι,
792 2989 845 3058 ἐπὶ
870 2993 916 3082 τῷ
934 2986 1012 3069 τούς
1030 2995 1101 3059 λοι·

88 3162 93 3169 ,
128 3086 211 3171 ποὺς
225 3095 285 3160 τοῦ
299 3085 429 3179 Ἰσραὴλ
443 3084 690 3160 άποπεσεῖσθαι
703 3096 771 3161 τῶν
785 3092 1001 3179 ἐπαγγελιῶν,
1015 3119 1100 3179 μαρ-

127 3187 268 3281 τύρεται.
301 3186 385 3261 ἄλλά
404 3190 467 3281 γάρ
485 3186 663 3276 άποδείξας
680 3188 729 3262 ὅτι
744 3191 790 3281 μὴ
805 3189 850 3274 ῶς
868 3198 985 3280 ίτνχεν
1002 3187 1100 3261 άδια·

133 3338 333 3349 —.-

201 3425 232 3473 ιο
250 3423 353 3479 Ezech.
369 3427 407 3489 ιι,
422 3426 463 3479 21.
568 3426 600 3475 ιο
620 3423 722 3478 αιτιοι.
737 3426 777 3485 ιο,
791 3425 833 3476 οι.
