2326 3818
125 112 189 176 300
529 110 678 161 ευεεειι

125 248 300 340 γεννητὸς,
330 252 385 320 καί
402 248 421 320 ό
438 251 501 339 μὲν
518 247 637 337 πατὴρ,
656 247 673 318 ὁ
694 249 729 318 δὲ
748 245 829 328 νίός.
863 248 1105 340 προϋπάρχειν

126 354 163 422 δὲ
188 356 243 422 καὶ
262 348 515 440 προϋφεστάναι
534 354 660 439 πατέρα
678 354 756 419 υίοῦ
775 356 841 429 πάς
858 346 948 431 ὅστις
967 342 1037 422 οὐν
1055 348 1102 424 ἀν

125 449 369 542 ὁμολογήσειεν.
410 457 461 522 21.
491 462 542 540 εἴη
561 448 594 520 δ’
614 448 656 521 ἀν
673 448 777 541 ταύτη
794 453 850 519 καί
870 448 973 521 είιιῦν
997 456 1101 543 θεοῦ,

96 552 274 645 ιάρρήτως
292 553 393 624 πάλιν
411 555 466 623 καὶ
484 552 745 640 ἀνεπιλογίστως
758 550 850 641 ἡμῖν,
870 555 992 635 ζῦντος
1012 560 1101 627 θεοῦ

127 656 214 741 ζῦσά
238 684 286 739 τις
311 659 368 725 καὶ
385 652 464 725 καθ’
486 652 591 739 αὐτὴν
608 649 787 742 ὑφεστῶσα
806 649 918 735 α’ῦλως
937 656 996 723 καὶ
1009 653 1124 733 dam

124 758 233 847 μάτως
262 759 318 826 καὶ
346 759 407 825 τοῦ
431 759 586 825 ἐναντίου
611 752 734 834 παντός
757 750 901 843 ἀμιγῦς,
926 752 1001 825 ἀλλ’
1035 754 1101 849 οὐχ

125 866 180 930 οἵα
198 887 247 938 τις
265 856 367 927 πάλιν
385 856 406 944 ἡ
423 852 505 942 παρ’
525 850 607 944 ἡμῖν
626 854 742 942 είκάν,
761 860 876 944 ἕτερον
893 856 955 945 μὲν
972 865 1102 946 ἔχουσα

125 958 161 1029 τό
187 954 262 1028 κατ’
287 955 410 1027 οὐσίαν
437 956 679 1046 ἀποκείμενον,
713 960 828 1044 ἕτερον
856 958 893 1026 δὲ
922 955 960 1026 τό
992 958 1098 1049 εἶδος,

125 1055 200 1128 ἀλλ’
226 1057 305 1129 ῦλον
330 1056 412 1128 αὐτὸ
436 1059 524 1139 εἶδος
549 1052 615 1145 ἀν,
640 1060 695 1128 καὶ
720 1054 905 1149 αὐτοουσίᾳ
928 1062 976 1150 τῷ
994 1064 1098 1149 πατρί

126 1158 410 1250 ἀφομοιούμευος,
429 1159 518 1230 οῦτω
538 1161 576 1229 δὲ
593 1162 649 1228 καὶ
667 1158 872 1247 ξωτιαωτάτη
890 1164 950 1229 τοῦ
969 1160 1098 1251 πατρός
1109 1196 1133 1239 ιι

127 1261 251 1331 εὐωδία
267 1260 443 1353 τνγχάνει,
469 1260 619 1349 ἀρρήτως
645 1259 726 1350 ἡμῖν
743 1258 844 1331 πόλιν
862 1263 918 1330 καὶ
936 1257 1098 1335 ἀνεπιλο-

125 1372 254 1451 γίστως.
301 1370 352 1433 22.
382 1366 453 1432 ἐπεὶ
477 1365 533 1433 καὶ
557 1360 684 1450 πάντα,
708 1359 769 1430 ὅσα
794 1364 864 1432 ἐστὶ
887 1364 964 1450 περὶ
988 1362 1099 1436 αὐτόν

123 1463 256 1554 ἀληθῆ,
275 1463 402 1555 ἀρρητα
421 1460 463 1532 ἀν
483 1474 534 1551 είη
553 1461 746 1553 ἀνθρώπων
765 1481 912 1551 φωναῖς,
931 1466 987 1533 καὶ
1007 1475 1097 1555 λογι-

124 1584 218 1655 σμοῖς
235 1572 372 1655 θνητῶν
389 1562 625 1653 ἀνεπιλόγιστα
649 1562 730 1633 αατά
752 1562 811 1633 τόν
833 1559 956 1651 ἀκριβῆ
981 1564 1095 1656 λόγον.

57 1664 207 1741 ιιιωάλλά
231 1667 294 1755 γάρ
320 1666 364 1748 ἀς
386 1661 468 1755 ἡμῖν
491 1664 628 1735 ἀκούειν
656 1671 772 1754 φίλον,
805 1670 946 1735 τοιῶσδε
970 1671 1028 1738 καὶ
1054 1667 1133 1743 τάιι

123 1765 220 1855 λόγια
244 1766 407 1839 παιδεύει.
456 1772 506 1836 23.
543 1762 663 1855 ἢούχὶ
689 1769 743 1835 καὶ
771 1772 918 1852 Χριστοῦ
942 1766 1097 1841 εὐωδίαν

125 1865 223 1951 αὐτὸς
246 1870 367 1941 ἑαυτὸν
392 1871 448 1938 καὶ
471 1865 548 1948 τοῦς
572 1862 664 1958 αὐτῷ
687 1874 940 1956 παραπλησίους
966 1865 1096 1959 όίερός

123 1969 306 2053 ἀπόστολος
325 1984 521 2057 προσεῖπεν,
542 1967 596 2038 διά
614 1966 678 2055 τὴν
695 1971 756 2038 τοῦ
773 1976 919 2058 Χριστοῦ
942 1969 1095 2061 πνεύμα-

123 2099 178 2150 τος
199 2069 359 2161 μετοχὴν,
385 2067 494 2161 μύρον
517 2099 554 2140 τε
572 2069 762 2140 ἐκκενωθὲν
784 2070 803 2141 ὁ
827 2067 983 2157 οὐράνιος
1005 2101 1097 2162 νυμ-

123 2180 199 2259 φίος
224 2176 261 2241 ἐν
285 2190 353 2255 τοῖς
369 2170 546 2262 ’Ἁισμασιν
569 2168 808 2261 ἀνηγόρευται;
836 2170 888 2241 διὸ
909 2176 967 2260 τῆς
986 2171 1098 2246 αὐτοῦ
1108 2208 1136 2251 ω

124 2271 331 2355 ἐκκενύσεως
348 2274 388 2344 τά
406 2272 514 2345 πάντα
532 2270 634 2361 ὁραταί
657 2300 693 2342 τε
716 2275 771 2342 καὶ
789 2271 930 2360 ἀόρατα,
955 2272 1096 2363 σοι’ματά

122 2376 236 2445 τεκαὶ
260 2374 435 2466 ἀσώματα,
464 2374 580 2464 λογικοί
610 2401 645 2444 τε
667 2377 724 2443 καὶ
746 2372 849 2463 ἀλογα
873 2373 1095 2467 μετασχόντα,

122 2471 294 2566 ἀναλόγως
312 2482 509 2567 νατηξίωται
527 2484 722 2566 μετουσίας,
749 2480 804 2545 καὶ
827 2480 885 2563 τῆς
908 2480 966 2546 τοῦ
990 2484 1096 2550 θείου

94 2576 222 2665 ιλόγου
245 2587 424 2667 μετείληφε
446 2586 633 2657 κοινωνίας.
675 2582 725 2646 24.
753 2576 875 2665 ταύτης
899 2604 936 2664 γε
957 2584 1018 2664 τῆς
1036 2582 1092 2649 ἐν·

120 2682 204 2749 θέον
222 2683 326 2767 πνοῆς
343 2678 404 2765 τὴν
421 2675 601 2767 ἀντίληψιν
613 2696 681 2758 τοῖς
694 2678 753 2760 τάς
767 2678 900 2767 λογικὰς
914 2677 1093 2767 αἰσθήσεις
1106 2711 1134 2753 ιε

120 2777 166 2865 μή
191 2783 441 2868 πεπηρωμένοις
465 2779 482 2849 ὁ
507 2778 641 2868 σύμπας
667 2775 853 2850 ἀποδίδωσι
879 2778 1018 2868 κόσμος,
1045 2776 1092 2864 τός

120 2875 161 2946 τά
178 2882 218 2968 τῇ
242 2878 344 2967 φύσει
369 2880 478 2970 γεύδη
504 2884 561 2952 καὶ
584 2873 721 2969 φθαρτά
744 2880 879 2970 σώματα
904 2885 962 2968 τῆς
979 2878 1092 2953 ἀῦλου

120 2980 176 3048 καὶ
208 2978 376 3069 ἀκηράτου
408 2981 552 3065 εὐωδίας
580 2981 764 3071 ἀποπνεῖν,
795 2980 996 3071 πηγάζοντος
1027 2984 1092 3072 μὲν

120 3086 256 3151 ἀνωθεν
285 3088 344 3153 τοῦ
371 3089 439 3153 τῦν
470 3083 558 3155 όλων
588 3088 692 3172 θεοῦ,
723 3081 759 3165 ῦς
789 3088 851 3155 τοῦ
886 3090 1091 3174 μονογενοῦς

120 3181 227 3254 αὐτοῦ
246 3185 347 3273 λόγου
365 3185 474 3273 πατὴρ
495 3183 542 3254 ῦν
565 3184 666 3267 αὐτός
690 3181 733 3257 ἀν
752 3198 803 3274 εἴη
820 3183 857 3255 τό
877 3190 1012 3275 πρῶτον
1030 3188 1086 3256 καί
1099 3215 1127 3257 ιο

119 3330 322 3343 *nu-—

188 3418 220 3465 19
238 3414 320 3469 Cant.
335 3421 358 3480 1,
371 3419 395 3469 2.
