2326 3818
336 111 522 167 οιιιιονεν.
542 112 730 166 EVANG.11.
750 117 774 166 ε.
973 109 1035 174 129

63 245 106 325 ού
118 251 251 335 ’καλάς
269 251 412 336 ψεκάδες
426 255 479 323 ἐπὶ
491 247 594 322 πύαν”
614 247 632 322 ὁ
649 247 801 338 Ἀκύλας,
819 249 837 320 δ
856 251 894 320 δέ
913 258 1035 322 Θεοδο-
1050 278 1091 330 (ει)

63 351 232 426 τίωυ“καί
248 349 327 425 άσεὶ
340 352 473 442 νιφετὸς
488 355 542 424 ἐπὶ
559 350 694 443 χύρτον”
717 350 952 424 ε’κδεδούκασιν.
978 357 1033 423 καὶ

64 454 166 526 πάλιν
183 453 258 527 ἀντὶ
276 462 336 527 τοῦ
348 449 460 537 κὅπως
478 454 523 544 μὴ
541 455 699 544 συναχθῇ
714 455 831 543 μηδεὶς
849 455 934 544 μηδὲ
951 450 1033 525 ύπο-

65 561 126 648 στῇ
145 562 182 629 ἐν
200 562 287 640 νίοῑς
305 553 511 646 ἀνθράκων,
529 555 615 645 μηδὲ
628 553 886 646 προσκόψηυίδς
899 552 1033 644 ἀνθρά-

37 656 156 730 ειπον”
182 661 288 750 φησὶν
313 653 332 728 δ
355 664 545 729 Θεοδοτίων
563 651 623 739 “δς
647 653 687 727 ού
713 673 809 745 μενεῖ
836 653 1032 746 άνθρωπον,

64 758 200 832 καὶούκ
219 765 346 832 ἐλπίσει
372 761 425 830 ἐπὶ
449 759 527 831 υλὸν
550 755 758 850 ἀνθρώπον”
785 760 841 829 καὶ
859 755 1034 842 δἈκύλας

56 857 117 947 “δς
142 859 204 953 ούχ
229 859 393 953 ύπομενεῑ
414 859 523 953 ἀνδρα
552 862 609 931 καὶ
627 857 667 932 ού
685 862 762 950 περὶ
781 858 878 942 υἱούς
896 857 1033 950 ἀνθρά-

63 959 165 1035 πων.”
193 969 263 1036 153.
285 961 329 1034 δι’
352 953 401 1034 οἷν
414 970 505 1034 πάσα
518 969 587 1036 τῶν
604 959 800 1034 ἀποστόλων
812 968 872 1033 τοῦ
885 968 1032 1053 σωτῆρος

63 1065 157 1156 ἡμῶν
176 1069 268 1150 ἐλπὶς
286 1063 363 1137 ούτε
382 1071 429 1146 είς
447 1061 644 1154 ἀνθρωπον,
662 1060 735 1134 ἀλλ’
759 1070 806 1147 είς
823 1062 881 1136 τὸν
899 1069 1033 1154 σωτηρα

25 1198 50 1236 ιο
64 1170 119 1238 καί
143 1166 260 1258 κύριον
284 1163 414 1255 αύτών,
445 1157 541 1247 ούτος
566 1167 602 1236 δὲ
626 1155 669 1255 ἦν
691 1163 787 1236 δτού
816 1170 902 1236 θεοῦ
924 1165 1030 1255 λόγος.

65 1273 135 1338 154.
155 1265 204 1349 οἷς
229 1273 303 1359 ἑξῆς
328 1271 471 1356 ἐπιλέγει
485 1262 562 1337 “nal
588 1273 680 1338 έσται
702 1265 739 1337 τδ
762 1262 951 1359 ὑπόλειμμα
973 1264 1062 1338 'Ia-1>

63 1369 135 1457 κιδβ
154 1373 190 1440 έν
208 1386 277 1453 τοῖς
295 1376 432 1440 ἔθνεσιν
451 1371 594 1461 ἐνμέσῳ
612 1373 704 1439 λαιάν
721 1371 866 1455 πολλῶν,
885 1364 929 1450 άς
947 1371 1033 1440 λέων

63 1475 101 1541 ἐν
118 1487 187 1553 τοῖς
205 1469 339 1559 κτήνεσι
356 1474 417 1541 τού
437 1473 566 1560 δρυμοῦ
592 1472 647 1540 καὶ
672 1465 716 1550 ὦς
740 1467 887 1558 σκύμνος
906 1475 943 1540 έν
961 1498 1032 1540 ποι·

63 1579 172 1661 μνίοις
189 1571 381 1661 προβάτων
421 1567 461 1642 δν
478 1569 603 1661 τρόπον
619 1568 701 1642 ὅταν
720 1572 857 1662 διέλθη,
882 1574 938 1642 καὶ
959 1577 1032 1641 δια-

25 1703 50 1743 15
64 1680 194 1757 στείλας
212 1672 365 1766 άρπάση,
389 1677 444 1744 καὶ
467 1672 513 1764 μὴ
530 1663 588 1765 γ’γδ
615 1670 878 1763 ἐξαιρούμενος.”
918 1669 963 1744 δι’
985 1664 1033 1744 οἷν

63 1775 154 1865 οἶμαι
174 1779 362 1866 δηλοῦσθαι
375 1774 412 1847 τό
425 1778 616 1865 θαρσαλέον
633 1777 690 1846 καὶ
708 1771 960 1864 ἀκατάπληκτον
974 1781 1032 1846 τοῦ

60 1877 285 1950 άποστολικού
307 1875 524 1970 κηρύγματος.
575 1881 647 1948 155.
672 1883 770 1966 δίκην
793 1881 877 1965 γοῦν
901 1879 1032 1958 λέοντος

62 1982 119 2050 καὶ
137 1979 288 2070 σκύμνου
306 1983 402 2073 ἐντῷ
417 1983 533 2073 δρυμῷ
547 1984 615 2051 τῶν
629 1982 742 2051 ἐθνῶν
755 1982 810 2049 καὶ
825 1977 862 2049 ἐν
879 1984 1032 2060 ταῖςτῶν

63 2077 292 2170 ἀνθρωπίνων
305 2080 484 2171 προβάτων
497 2079 630 2170 ἀγέλαις
644 2078 868 2169 είσβαλόντες,
886 2083 942 2150 καὶ
962 2086 1031 2150 δια-

22 2211 50 2250 -ιο
64 2189 252 2265 στείλαντες
266 2182 342 2263 τοὺς
355 2180 468 2266 ἀξίους
482 2179 547 2252 ἀπὸ
561 2189 629 2253 τῶν
642 2178 800 2270 ἀναξίων,
819 2177 1031 2271 ὑπηγάγοντο

64 2290 108 2354 τά
127 2286 275 2372 Χριστοῦ
292 2282 397 2377 λόγῳ·
425 2281 507 2375 πρὸς
521 2279 561 2353 δν
575 2286 648 2372 ἑξῆς
666 2279 894 2373 ἀναφανεῖται
912 2284 952 2352 τδι
970 2280 1029 2353 ἀπ’

62 2383 167 2454 αὐτού
185 2382 429 2472 “ύψυθήσεται
452 2382 473 2473 ἡ
498 2391 569 2473 χείρ
593 2406 656 2454 σον
679 2386 733 2453 ἐπὶ
756 2383 833 2464 τούς
850 2384 1031 2471 θλίβοντάς

60 2507 113 2576 σε,
132 2488 187 2557 καί
206 2485 328 2568 πάντες
347 2490 382 2556 οί
398 2490 517 2576 ἐχθροί
530 2511 594 2556 σου
608 2482 984 2574 ἐξολοθρευθήσονται.”
1011 2481 1084 2567 διιη

61 2590 118 2657 καὶ
132 2586 213 2658 αὐτὸ
227 2587 387 2676 πάρεστιν
394 2586 582 2678 ὀφθαλμοῖς
592 2584 875 2678 παραλαμβάνειν.
900 2593 1031 2677 μυρίων

20 2717 49 2758 25
62 2690 125 2779 γάρ
148 2687 238 2761 ὅσων
258 2690 316 2760 τὸν
341 2692 487 2782 Χριστού
511 2687 611 2778 λόγον
632 2687 832 2773 θλιψάντων
855 2691 910 2758 καὶ
932 2691 1032 2759 εἰσέτι
1050 2736 1061 2760 ι

61 2796 126 2860 νῦν
150 2790 404 2880 πολεμούντων,
427 2790 606 2884 ὑπερήρθη
630 2795 686 2862 καί
711 2799 871 2879 κρείττων
895 2789 1032 2862 πάντων

60 2893 208 2980 γέγονεν.
253 2898 323 2964 156.
343 2890 427 2963 ἀλλά
452 2895 509 2963 καὶ
534 2892 696 2982 ύψούθηλὴ
715 2895 787 2982 χεὶρ
805 2896 865 2963 τού
885 2898 1032 2981 Χριστού

62 2990 305 3066 κατὰπάντων
330 2998 398 3065 τοῖν
427 2994 625 3078 θλιψάντονν
648 2992 769 3084 αύτδν,
799 2999 834 3064 οἳ
855 3023 890 3065 τε
916 3000 1032 3085 ἐχθροὶ

61 3093 166 3166 αὐτού
182 3094 304 3179 πάντες
328 3101 363 3166 οί
384 3096 467 3166 κατὰ
491 3094 630 3186 χρόνους
652 3094 908 3186 ἐπανιστάμενοι
927 3095 1031 3166 αὐτοῦ

22 3224 48 3264 3ο
62 3204 102 3288 τῇ
121 3201 279 3291 ἐκκλησίᾳ
298 3196 648 3287 έξολοθρευθήσεσθαι
665 3199 828 3286 λέγονται.

110 3530 251 3567 suemus
271 3530 317 3570 111.
