2326 3818
127 110 191 172 3310
545 110 695 161 ιτυευυιι

128 253 188 319 τοῦ
216 251 365 337 χρησμοῦ
392 247 584 337 θαυμάσιον
615 251 801 338 συνορώντι
830 245 920 328 ὅπως
945 246 963 316 ὁ
989 250 1108 343 σωτὴρ

128 348 222 438 ἡμων
237 345 358 438 Ἰησοῦς
376 348 393 419 ὁ
410 347 550 437 Χριστὸς
568 353 626 418 τοῦ
643 353 728 418 θεοῦ
745 351 792 442 τῷ
809 354 868 418 τοῦ
887 354 1109 439 Μελχισεδὲκ

99 494 109 519 c
127 449 239 545 τρόπῳ
257 449 296 520 τολ
308 455 364 541 τῆς
384 455 420 521 ἐν
438 449 631 543 ἀνθρώποις
647 456 835 540 ἱερουργίας
848 452 948 520 εἰσέτι
963 455 1024 521 καὶ
1038 457 1107 525 νῦν

62 584 115 633 μοι
131 551 185 623 ἱιολ
203 549 270 622 των
288 551 395 624 αὑτοῦ
412 556 632 643 θεραπεντῶν
650 556 801 622 ἐπιτελεῖ.
836 556 885 622 19.
905 549 1023 643 ὥσπερ
1040 554 1105 645 γὰρ

129 658 253 737 ἐκεῖνος
278 656 387 743 ἱερεός
414 658 526 724 ἐθνῶν
551 651 727 742 τυγχάνων
758 650 909 741 οὐδαμοῦ
940 663 1128 742 ῳαίνεταιι

127 763 264 837 θυσίαις
290 772 493 843 σωματικαῖς
519 757 734 845 κεχρημένος,
760 766 841 846 οἰνῳ
868 754 905 823 δέ
931 752 1028 849 μόνῳ
1047 759 1105 828 καί

128 856 216 950 ἱλρτῳ
241 849 300 926 τόν
322 854 469 945 Ἀβρααμ
495 855 662 944 εὐλογων,
693 854 752 925 τόν
776 853 880 926 αὐτὸν
906 854 947 944 δή
974 856 1105 947 τρόπον

128 964 256 1044 πρῶτος
274 957 337 1045 μὲν
355 955 453 1037 αὐτὸς
471 952 489 1026 ὁ
508 956 616 1047 σωτήρ
635 960 690 1026 καὶ
708 955 824 1043 κύριος
847 951 959 1045 ήμῶν,
985 966 1105 1031 ἔπειτα

129 1065 163 1128 οἱ
186 1062 216 1140 ἐξ
244 1056 350 1128 αὐτοῦ
372 1056 495 1139 πάντες
519 1065 618 1149 ἱερεῖς
644 1055 708 1128 ἆνά
732 1057 902 1127 πάντατὰ
927 1066 1016 1148 ἔθνη
1040 1060 1105 1151 τήν

129 1158 357 1248 πνευματικήν
376 1165 602 1242 ἐπιτελοῦντες
620 1157 791 1241 κατοίνους
807 1161 1102 1249 έκκλησιαστικούς
1115 1194 1138 1233 ιι

128 1259 275 1350 θεσμούς
295 1268 505 1352 ἱερουργίαν,
530 1274 611 1355 οίνῳ
636 1264 692 1331 καὶ
709 1258 798 1354 όὶρτῳ
816 1264 876 1330 τοῦ
894 1290 930 1331 τε
948 1260 1104 1352 σώματος

130 1359 233 1433 αὐτοῦ
257 1366 312 1433 καὶ
335 1367 396 1434 τοῦ
413 1373 579 1454 σωτηρίου
605 1369 740 1451 αἵματος
759 1370 962 1433 αἰνίττονται
979 1361 1022 1432 τᾶ
1040 1395 1103 1454 μυ·

102 1494 114 1531 ο
131 1464 259 1553 στήρια,
278 1471 337 1536 τοῦ
350 1465 560 1555 Μελχισεδὲκ
577 1469 681 1535 ταῦτα
699 1462 864 1552 πνεόματι
880 1470 966 1556 θείῳ
979 1491 1105 1555 προτε-

129 1565 349 1657 θεωρηκότος,
369 1570 424 1635 καὶ
437 1572 504 1636 τῶν
510 1565 699 1657 μελλόντων
713 1582 785 1645 ταῖς
799 1563 903 1635 εἰκόσι
916 1592 1104 1658 προκεχρη-

129 1672 251 1755 μένου,
274 1664 318 1749 ὠς
338 1662 357 1755 ή
377 1670 528 1747 Μωσέως
546 1663 658 1755 γραφή
676 1683 840 1755 μαρτυρεῖ
860 1667 1006 1754 λέγουσα
1020 1667 1104 1741 “nal
1116 1698 1140 1741 ιι

129 1768 341 1856 Μελχισεδέκ
365 1766 524 1856 βασιλευς
548 1766 669 1855 Σαλήμ
695 1765 871 1855 ἐξήνεγκεν
900 1764 1023 1857 όρτους
1045 1773 1104 1841 καὶ

129 1868 237 1939 οἶνον·
265 1859 308 1957 ήν
329 1871 365 1938 δέ
385 1867 491 1959 ἱερεός
509 1874 568 1938 τοῦ
586 1873 671 1938 θεοῦ
684 1873 744 1938 τοῦ
757 1865 913 1957 ὑψίστου,
932 1872 989 1938 καὶ
1002 1867 1105 1941 εὐλότ

129 1993 209 2058 γησε
228 1970 286 2039 τὸν
300 1967 483 2058 Ἀβραάμ.”
519 1975 568 2039 20.
591 1968 724 2050 εἰκότως
742 1961 803 2041 οὖν
821 1973 877 2040 καὶ
895 1966 976 2058 μεθ’
996 1968 1103 2060 ὅρκον

129 2069 352 2160 παραλήψεως
375 2070 467 2164 μόνῳ
490 2078 536 2164 τῷ
561 2073 756 2164 δηλουμένῳ
777 2067 910 2161 “ο’ἱμοσε
941 2069 1059 2161 κύριος
1084 2072 1103 2145 ὁ

128 2170 224 2256 θεός,
244 2173 299 2239 καί
318 2167 358 2242 ου’
375 2172 700 2262 μεταμεληθήσεται,
719 2171 762 2243 σύ
782 2172 828 2262 εἱ,
847 2176 967 2261 λέγων,
986 2174 1102 2260 ἱερεὺς
1115 2205 1142 2247 νο

130 2279 176 2353 εἰς
194 2272 253 2342 τὸν
270 2281 376 2344 αἰῶνα
394 2272 476 2344 κατολ
494 2273 555 2365 τήν
571 2274 664 2356 τοὶξιν
677 2270 920 2363 Μελχισεδέκ.”
945 2278 995 2342 21.
1017 2275 1105 2345 ἐπιλ-

129 2397 253 2445 κουσον
272 2376 310 2446 δέ
328 2373 381 2447 οἱα
400 2380 455 2447 καὶ
473 2382 550 2465 περὶ
568 2372 707 2447 τωνὸεὸ
725 2371 905 2457 οἱπόστολός
919 2396 1024 2463 φησιν
1037 2371 1104 2449 ’Ἓν

130 2466 156 2569 ᾦ
186 2476 422 2570 περισσότερον
452 2476 656 2566 βουλόμενος
686 2473 806 2557 ὁθεὸς
838 2479 998 2558 ἐπιδεῖξαι
1029 2495 1103 2559 τοῖς

129 2578 345 2669 κληρονόμοις
362 2584 420 2666 τῆς
433 2584 604 2665 βασιλείας
621 2577 658 2647 τὸ
676 2575 881 2667 ἀμετάθετον
898 2581 956 2664 τῆς
975 2583 1102 2667 βουλῆς

130 2677 251 2765 αὐτοῦ,
278 2683 489 2767 ἐμεσίτευσεν
513 2675 620 2771 ὅρκῳ,
645 2684 702 2748 ἱνα
727 2676 781 2747 aaa}
807 2678 868 2749 δύο
894 2676 1141 2768 πραγμάτωνεσ

59 2808 114 2859 (εει,
128 2776 359 2865 ἀμεταθέτων,
380 2783 416 2848 ἐν
434 2775 482 2860 οἱς
500 2772 669 2849 οἷὶύνατον
683 2777 874 2863 ψεύσασθαι
888 2777 982 2866 θεὸν,
1002 2787 1099 2869 ἰσχυ-

129 2876 192 2969 ρόν
210 2877 418 2968 παράκλησιν
442 2888 568 2970 ἔχωμεν
593 2887 628 2951 οἱ
643 2878 957 2969 προκαταφνγόντες
974 2889 1101 2970 κρατή-

128 3001 184 3049 σαι
198 2985 255 3068 τής
269 2985 487 3071 προκειμένης
503 2978 669 3064 έλπίόος.”
699 2987 750 3051 22.
760 2984 816 3051 καὶ
827 2984 976 3072 ἐπιφέρει
989 2983 1100 3069 λέγων

123 3079 201 3160 “aab
226 3089 261 3152 οἱ
282 3084 343 3171 μὲν
369 3087 520 3166 πλείονές
548 3091 611 3153 εἰσι
640 3081 812 3171 γεγονότες
836 3089 957 3171 ἱερεῖς,
982 3080 1037 3152 διαὶ
1061 3081 1099 3153 τό

199 3351 229 3398 15
250 3351 318 3399 Gen.
334 3354 373 3414 14,
389 3353 429 3402 18.
546 3353 577 3400 19
596 3350 671 3400 Heb.
683 3352 707 3414 7,
721 3351 762 3399 21.
883 3350 915 3397 22
933 3347 1098 3407 11e1›.6,17.

80 3484 83 3491 Ι
130 3417 162 3465 29
181 3416 252 3465 Heb.
267 3421 291 3480 7,
306 3421 346 3468 ⁴23.
