2326 3818
362 121 549 173 DEMONST.
568 120 702 174 EVANG.
721 124 753 174 x.
768 125 793 175 ι.
999 121 1061 185 651

88 264 242 352 ποιμανεῖ
259 256 362 350 ἀμοῖς,
380 258 417 330 τὸ
435 257 654 351 ἀποθνῆσκον
672 259 931 350 ἀποθνησκέτω,
951 263 1006 332 καὶ
1024 261 1060 332 τό

88 369 244 436 ἐκλεῖπον
272 365 465 451 ἐκλειπέτω,
491 365 546 433 καὶ
569 362 609 434 τά
634 365 817 432 κατάλοιποι
842 366 1060 453 έσθιέτωσαυ,

87 471 225 547 ἕκαστος
238 461 298 546 τάς
310 462 435 554 σάρκας
448 470 508 535 τοῦ
522 472 666 554 πλησίον
683 461 820 534 αὑτοῦ.”
850 460 933 552 μεθ’
953 461 975 535 δι’
993 470 1061 535 ἐπι-

87 570 176 657 λέγει
189 563 271 638 “aaz
290 565 437 656 λήψομαι
460 565 522 655 τήν
546 565 674 655 ῥάβδον
697 595 763 656 μου
781 562 842 654 τήν
861 564 984 652 καλήν,
1004 570 1061 637 καλ

57 699 71 740 ο
87 669 264 761 ἀπορρίψω
283 665 422 757 αὐτήν.”
468 674 519 739 28.
540 664 624 740 ἀνθ’
642 657 685 739 οό
701 667 719 740 ὁ
734 666 874 750 Ἀκύλας
888 662 967 736 “nal
987 674 1061 736 έλα-

87 769 170 861 βον”
191 766 394 860 φησλυἻήν
418 767 547 861 ῥάβδον
570 800 653 860 μου,
677 769 740 860 τήν
759 766 979 859 εὐπρέπειαν,
1003 773 1060 838 καὶ

86 876 269 963 περιέκοψα
282 868 422 961 αὐτήν,”
440 871 568 961 δηλαδή
582 869 644 962 τήν
654 877 736 943 κατὰ
751 873 878 944 Μυσία
893 877 1058 961 λατρείαν.

86 972 214 1046 οὐκοῦν
231 1004 252 1062 η
242 970 333 1064 μὲν
351 972 466 1064 κράτη
474 973 650 1064 ῥάβδος
633 1006 654 1065 η
674 979 711 1046 ἐν
735 971 888 1098 ἀρχαῖς
873 980 934 1045 τοῦ
959 972 1060 1062 λόγου

86 1075 201 1167 πράτη
220 1074 506 1165 συντριβήσεσθαι
524 1078 580 1144 καλ
603 1072 897 1167 άπορριφήσεσθαι
921 1080 1059 1165 λέγεται.
1074 1101 1127 1151 (434)

49 1205 74 1247 ιο
86 1176 177 1250 293¹
157 1206 213 1248 οτε
232 1172 305 1247 δέ
288 1206 308 1266 η
325 1175 403 1265 τιμή
417 1179 478 1246 τοῦ
490 1179 710 1265 τετιμημένου
724 1177 826 1246 καλ
794 1205 831 1246 το
849 1175 995 1268 δπλρ’
954 1207 1058 1248 αυτου

85 1285 132 1374 τῷ
158 1278 305 1370 προδότῃ
334 1277 416 1348 δοθδ
418 1307 438 1347 ν
462 1272 624 1399 ἀργύριον
648 1276 778 1366 ἐβλήθη
808 1285 855 1358 είς
878 1278 937 1348 τὸν
967 1281 1060 1350 οἷκον

86 1378 248 1471 κυρίου
225 1410 269 1459 ως
288 1387 335 1460 είς
354 1377 598 1468 χωνευτήριον,
619 1377 694 1448 τότε
715 1376 756 1466 δή
774 1377 884 1447 καλ
848 1408 888 1446 τα
907 1382 1043 1467 περὶ
1001 1408 1060 1467 της

87 1484 244 1568 δευτέρας
269 1478 500 1568 ῥάβδου,τοῦ
523 1478 647 1560 παντὸς
666 1486 789 1560 ἔθνους
815 1477 960 1567 δηλαδή,
979 1475 1060 1550 ἀκο-

85 1578 218 1660 λούθως
243 1576 298 1648 οἶα
316 1587 465 1649 πείσεται
483 1578 729 1670 προφητεόεται
749 1584 785 1650 έν
798 1587 843 1673 τῷ
858 1578 937 1649 “καὶ
955 1578 1060 1669 ἀπέρ-

48 1707 74 1748 15
87 1694 169 1767 ριψα
194 1677 257 1766 τήν
285 1678 413 1770 ῥάβδον
445 1678 507 1768 τήν
540 1683 703 1770 δευτέραν
734 1678 770 1749 τό
798 1688 973 1769 σχοίνισμα
999 1685 1067 1778 τοῦχ

86 1778 306 1853 διασκεδάσαι
322 1777 384 1870 τήν
402 1779 573 1870 διαθήκην
591 1779 656 1852 ἀνά
674 1785 777 1872 μέσον
790 1779 901 1852 Ἰούδα
918 1784 974 1851 καὶ
993 1778 1058 1851 ἀνά

85 1884 188 1975 μέσον
201 1877 362 1975 Ίσραήλ.”
390 1889 441 1956 30.
460 1886 517 1954 καὶ
536 1882 717 1975 ἐπειδήπερ
734 1882 906 1973 ἀποβολήν
920 1885 1058 1953 ἐκείνων

86 1991 202 2075 σαφῶς
231 1986 287 2057 διά
312 1985 441 2058 τούτων
463 1986 481 2057 ὁ
500 1986 596 2076 λόγος
616 1986 801 2078 ἐμήνυσεν,
827 1983 959 2069 είκότως
984 1988 1058 2074 έξής

87 2084 199 2159 οὐκέτ’
220 2084 342 2168 αὐτους
369 2088 618 2177 έπιγνάσεσθαι
641 2088 703 2179 τήν
726 2095 794 2163 τῶν
812 2090 1058 2179 προφητευομέ·

50 2221 76 2261 εο
88 2218 160 2260 νων
179 2187 327 2278 δύναμίν
344 2212 467 2277 φησιν,
492 2186 576 2258 ἀλλά
600 2191 677 2272 τοὺς
696 2199 927 2278 Χαναναίους,
952 2195 1088 2277 λέγωνι

78 2289 159 2362 “καλ
178 2289 364 2379 γνώσονται
382 2295 417 2359 οί
433 2299 618 2361 Χαναναῖοι
636 2289 676 2359 τά
695 2290 846 2380 πρόβατα
868 2289 908 2360 τὰ
926 2300 1059 2378 φυλασ-

86 2391 211 2482 σόμενά
235 2421 311 2482 μοι,
336 2388 420 2461 διότι
444 2389 539 2478 λόγος
558 2399 678 2480 κυρίου
698 2387 800 2461 ἐστί.”
842 2396 893 2460 31.
913 2398 1002 2470 τίνες
1023 2388 1054 2458 δ’

85 2489 128 2565 ἀν
156 2496 225 2565 ελεν
248 2500 282 2563 ολ
305 2503 492 2564 Χαναναῖοι
515 2488 632 2581 ἀλλ’ἢ
658 2487 772 2582 ήμεῖς,
798 2498 833 2562 οί
853 2493 934 2581 πρὶν
958 2486 1059 2560 ἀλλό-

86 2605 188 2685 φυλοι
206 2598 262 2666 καλ
282 2598 314 2678 έξ
333 2590 492 2666 ἀπάντων
509 2602 578 2666 τῶν
596 2594 698 2666 πάλαι
717 2591 833 2665 ἀθέων
850 2594 906 2663 καὶ
924 2591 1059 2679 ἀσεβῶν

46 2727 73 2768 25
87 2702 199 2768 ε’θνώυ
217 2695 370 2788 πρόβατα
386 2700 434 2791 τῷ
447 2706 579 2792 Χριστῷ
593 2700 860 2789 πεφυλαγμένοι;
879 2702 912 2765 οἳ
928 2697 982 2764 καὶ
1003 2692 1059 2764 διά

85 2803 142 2889 τής
161 2795 265 2869 αὐτοῦ
291 2797 423 2890 χάριτος
446 2799 743 2890 μεταβεβλήμεθα,
770 2801 826 2870 καλ
844 2801 1001 2880 συνέντες
1019 2796 1059 2867 τά

85 2902 332 2990 τεθεσπισμένα
354 2906 483 2989 γνοῖσιν
507 2896 618 2989 άληθή
642 2904 703 2971 τοῦ
727 2899 829 2988 λόγου
854 2904 916 2970 τοῦ
938 2907 1058 2989 κυρίου

86 3000 283 3092 είλήφαμεν,
302 3003 453 3090 ἔγνωμέν
469 3028 504 3070 τε
522 2999 618 3090 ἡμεῖς
631 3008 666 3072 οί
677 3012 862 3073 Χαναναῖοι
881 3003 936 3071 καλ
955 2998 1082 3087 συνήι

86 3131 192 3193 καμεν
207 3101 248 3173 τά
268 3101 472 3192 δηλούμενα·
500 3098 562 3173 οὐκ
581 3109 732 3191 έγνωσαν
752 3104 789 3172 δὲ
806 3101 888 3173 οὐδὲ
905 3105 1057 3187 συνήκαν

47 3233 73 3274 ιο
86 3212 121 3276 ολ
131 3204 190 3276 τὸν
198 3202 329 3296 Ἰσραήλ
342 3200 523 3295 αὐχοῦντες
537 3206 593 3274 καλ
609 3207 662 3274 ἐπὶ
676 3209 722 3299 τῷ
736 3207 898 3295 σπέρματι
909 3198 1056 3291 Ἀβραάμ

87 3304 308 3398 ἐπαιρόμενοι.
