2326 3818
109 144 172 208 &2
532 141 680 192 ηψπ

110 282 199 374 πάχη
217 284 272 353 καὶ
295 280 331 352 τὸ
356 280 511 372 φρόνημα
533 283 591 369 τῆς
614 276 735 371 σαρκὸς
753 277 928 350 λεπτύνων
947 282 1001 349 ἐπὶ
1018 279 1085 369 τὴν

43 415 98 467 μετ)
111 383 232 472 στενὴν
250 378 387 454 δδδν
348 413 406 471 της
424 390 564 452 αἰωνίου
582 385 665 470 ζωῆς
680 385 887 469 ἐπιτηδείους
899 403 1083 453 κατασκευ-

110 485 187 571 ἀζει.
223 483 307 556 ἀλλά
325 488 387 555 καὶ
397 486 611 564 κατακλιθεὶς
630 478 730 564 αύτδς
748 472 879 565 ούτοςο
861 480 954 565 ὁέξ’
951 480 1084 574 Ισραηλ

111 586 290 676 προελθῶν
313 584 549 674 ἀνθρωπος,“
535 614 552 655 ο
580 583 842 673 κατακυριεύσας
862 588 974 656 ἐθνῶν
998 595 1085 655 πολ-

111 694 196 778 λῶν,
216 686 447 776 ἀνεπαύσατο,
467 689 590 775 φησὶν,
610 685 654 766 ῶς
673 684 843 774 λε’ων,”
802 714 889 756 ουτω
909 683 1062 775 δηλῶν“
1039 715 1112 776 ηντ

109 791 286 874 ἀνεδέξατο
310 797 520 876 οἰκονομίαν,
545 785 624 858 καθ’
654 783 697 875 ἢν
715 784 827 877 ῶσπερ
845 817 893 869 τις
911 787 1086 875 βασιλικὸς

92 897 166 964 ,καὶ
189 893 376 981 θαρραλέος
399 886 468 979 θὴρ
486 887 713 976 ἀνεπαύσατο,
738 887 882 977 μηδενὸς
900 885 1004 960 αὐτοῦ
1021 888 1085 978 τὴν

111 991 218 1084 ἀρχὴν
236 995 292 1061 καὶ
309 988 370 1081 τὴν
388 997 562 1078 βασιλείαν
586 989 858 1080 μεταστήσασθαι
879 993 1083 1080 δυναμένου,

112 1092 234 1175 πάντες
260 1121 295 1164 τε
319 1097 354 1162 οί
367 1090 426 1163 τδν
444 1090 589 1183 Χριστὸν
607 1090 843 1180 εὐλογοῦντες,
867 1089 954 1186 λόγῳ
972 1119 1009 1162 τε
1026 1095 1084 1163 καλ

112 1201 176 1288 βίφ
195 1192 415 1283 σεμνύνοντες
433 1193 494 1282 τὴν
511 1191 634 1283 ἀρετὴν
650 1198 711 1263 τοῦ
730 1192 952 1281 διδασκάλου,
970 1197 1029 1282 της
1048 1197 1085 1265 ἐκ
1098 1223 1123 1262 ιο

56 1304 58 1307 ’
112 1299 201 1367 θεοῶ
217 1294 457 1386 μετειλήφασιν
477 1294 647 1383 εύλογίας,
675 1293 831 1378 αὔξοντες
848 1293 1009 1384 ὁσημέραι
1027 1298 1084 1366 καὶ

113 1396 360 1487 πληθύνοντες,
385 1394 467 1467 κατά
486 1396 523 1467 τὸ
538 1391 749 1480 καύξάνεσθε
776 1400 832 1466 καὶ
851 1394 1082 1486 πληθύνεσθε,

113 1503 169 1570 καὶ
182 1498 379 1590 πληρῶσατε
392 1497 454 1589 τὴν
467 1494 564 1586 γῆν,”
586 1494 814 1587 ἀληθέστερον
829 1494 882 1568 ἐπ’
902 1495 1014 1569 αὐτῶν
1028 1502 1085 1569 καὶ

86 1603 402 1692 ιθεοπρεπέστερον
424 1603 482 1689 τῆς
500 1607 597 1682 θείας
625 1601 861 1689 ἐκτελουμένης
879 1607 1009 1689 φωνῆς·
1038 1596 1083 1681 ῶς

114 1711 256 1792 ἔμπαλιν
279 1708 314 1773 oc
337 1700 403 1772 ἀπὸ
428 1700 561 1790 πρῶτης
590 1706 647 1789 τῆς
673 1699 743 1772 κατ’
774 1699 878 1772 αὐτού
906 1705 1084 1796 ἐπιβουλῆς
1098 1729 1122 1769 15

115 1805 215 1874 είσέτι
234 1806 290 1874 καὶ
306 1807 374 1874 νῶν
392 1800 495 1872 αὐτὸν
514 1804 551 1872 ἐν
567 1821 636 1884 τοῖς
654 1801 766 1873 αὑτῶν
789 1809 977 1893 συνεδρίοις
995 1799 1084 1891 ἀρῶ-

113 1931 226 1994 μενοι,
252 1903 314 1993 τὴν
341 1907 377 1974 ἐκ
403 1907 488 1973 θεοῦ
513 1902 664 1993 κατάραν
690 1906 723 1986 ἐξ
752 1906 881 1974 ἐκείνου
904 1906 959 1972 καὶ
983 1904 1083 1973 είσέτι

115 2011 216 2094 δεῦρο
230 2004 309 2076 καθ’
327 2007 457 2074 ἑαυτῶν
470 2002 707 2075 ἐπεσπάσαντο.
734 2011 763 2074 9.
784 2005 835 2076 διὸ
850 2007 905 2075 καὶ
915 2003 976 2092 τὴν
991 2002 1083 2094 ε’σχύ·

55 2112 57 2120 ’
114 2135 176 2193 την
184 2102 225 2174 ού
233 2104 337 2194 μόνον
346 2102 408 2193 τῆς
417 2113 601 2196 βασιλείας,
616 2103 700 2177 ἀλλά
715 2111 836 2178 καὶτοῦ
851 2106 952 2177 πύλαι
966 2127 1084 2196 σεμνο-

114 2208 216 2276 τάτου
241 2203 353 2277 αὐτῶν
377 2205 577 2297 ἆγιάσματος
598 2212 738 2299 ἐρημίαν
755 2237 791 2278 τε
817 2211 871 2278 καί
889 2208 1026 2300 φθορὰν
1043 2205 1083 2278 ού
1097 2237 1125 2276 ιο

115 2306 278 2379 παύονται
302 2307 366 2397 πρὸ
389 2306 577 2399 ὀφθαλμῶν
601 2308 753 2400 ὁρῶντες.
799 2307 892 2392 ἀξιον
916 2311 952 2380 δὲ
975 2337 1086 2401 παρα-

113 2423 228 2481 θεῖναι
246 2428 315 2494 τοῖς
331 2403 414 2500 μετά
431 2428 545 2501 χεῖρας
562 2411 625 2500 την
642 2412 723 2501 πρὸς
737 2409 796 2482 τδν
808 2409 940 2482 Ἰούδαν
949 2416 1010 2481 τού
1023 2410 1086 2482 Ἰα-

94 2512 190 2601 ικῶβ
207 2521 433 2603 προφητείαν,
462 2509 506 2600 ἣν
523 2515 579 2582 καί
598 2509 704 2602 αύτηυ
723 2517 944 2604 ἐναργέστατα
963 2520 1009 2597 είς
1027 2512 1086 2585 τὸν

115 2611 275 2703 ἡμέτερον
289 2618 421 2702 σωτῆρα
437 2611 634 2702 ἐφαρμόζειν
647 2612 978 2704 προπαρεστήσαμεν,
992 2636 1085 2684 συνι·

118 2720 191 2784 δεῖν
208 2745 243 2784 τε
260 2713 323 2803 τὴν
341 2718 378 2784 ἐν
396 2716 562 2800 ἑκατέροις
580 2723 789 2837 συμφωνίαν.
827 2721 875 2785 10.
896 2711 941 2796 ῶς
954 2715 1017 2806 γὰρ
1033 2719 1083 2786 ἐν·
1097 2745 1126 2785 ετ

115 2818 227 2884 ταύθα
255 2813 402 2905 είρηται“
403 2809 621 2898 ἐξελεύσεται
644 2813 825 2906 ἅνθρωπος
844 2820 880 2887 ἐκ
897 2824 958 2886 τού
986 2819 1086 2908 σπέρ-

111 2944 216 3087 ματος
233 2913 339 2986 αὐτού
342 2912 499 3007 (δηλον
519 2913 586 2986 δ
567 2945 617 2987 οτι
634 2947 693 2988 τον
682 2916 920 3008 Ἰακῶβ,)
879 2947 966 2988 ουτω
991 2916 1089 2991 κάκεῖ

122 3014 173 3087 ’ἐκ
191 3021 395 3142 βλαστρύ
355 3023 410 3088 υιε
426 3047 491 3107 μου
509 3015 655 3140 ἀνεβης”
676 3016 832 3109 είρητο
812 3019 873 3090 νπ’
895 3018 999 3092 αὐτοῦ
1024 3025 1086 3092 τοῦ

112 3116 229 3208 Ἰακῶβ
246 3120 328 3211 πρὸς
345 3118 403 3189 τὸν
421 3115 768 3211 προφητενόμενον.1
774 3119 913 3193 1.·καὶ’
891 3150 935 3203 ῶς
954 3125 1008 3194 ἐπὶ
1025 3125 1086 3193 τού

116 3219 279 3309 παρόντος
302 3220 487 3309 λέγεται
453 3251 491 3292 το
506 3217 584 3291 “nal
608 3221 777 3312 κυριεύσει
796 3226 909 3294 ἐθνῶν
926 3219 1083 3294 πολλῶν”
1097 3251 1125 3291 οο

116 3365 309 3379 ῌ-η

179 3451 396 3514 πωλῶ
500 3453 715 3516 aefflmm
