2326 3818
328 123 515 175 οεωοαεν.
535 124 668 174 υνΑνο.
688 125 748 173 v11.
769 127 791 174 1.
974 123 1038 186 445

69 259 311 348 διαλελοίπασι,
325 266 382 348 τῆς
396 257 565 365 Ῥωμαίων
577 264 758 352 μοναρχίας
773 262 1037 352 ἐπικρατησάσης

68 364 134 434 σῦν
151 367 197 456 τῷ
214 368 274 433 τοῦ
292 367 440 451 σωτηρος
459 358 553 451 ἡμῶν
571 361 765 451 κηρύγματι.
793 369 862 432 103.
883 368 938 432 καὶ
957 370 1038 434 ταῦ-

68 464 108 535 τά
131 495 169 553 γε
196 462 278 554 πρὸς
305 466 393 546 λέξιν
419 471 584 544 θεσπίσας
608 460 740 552 δλόγος
764 469 960 553 μετέβαινεν
984 470 1038 534 ἐπὶ

68 565 130 655 την
152 564 305 636 διάνοιαν
331 568 387 634 καὶ
414 564 476 652 τὴν
493 564 642 636 καθόλου
666 568 983 655 πνευματικωτέραν
1002 571 1039 635 έν

42 677 228 757 ιθεωρίαις
247 664 422 754 ἀπόδοσιν,
440 665 714 757 ῦποστησάμενός
731 697 767 737 τε
786 666 848 737 δύο
868 675 969 755 στίφη
983 664 1038 736 ἀο-

69 769 179 860 ράτωυ
198 773 331 859 ε’χθριόυ
349 771 405 838 καὶ
422 777 591 859 πολεμίων
615 767 784 858 δαιμόνων
802 774 976 859 πονηρῶν,
1002 768 1038 837 τὸ

68 870 204 942 πάντων
223 867 416 960 ἀνθρώπων
433 873 529 958 γένος
548 869 716 961 διαφόρως
734 869 981 960 πολεμούντων,
1001 875 1038 939 ἓν

68 974 130 1061 μέν
147 981 215 1044 τῶν
233 973 290 1054 τάς
309 976 346 1043 έν
364 970 558 1060 ἀνθρώποις
571 972 797 1061 ἐνεργούντων
811 970 862 1043 ἀεὶ
882 976 934 1041 καὶ
957 975 1038 1041 πάν·

68 1103 142 1144 τοτε
158 1082 414 1163 εἰδωλολατρίας
432 1077 487 1142 καὶ
505 1071 562 1152 τάς
587 1078 622 1143 έν
645 1071 785 1162 δόγμασι
804 1077 1037 1161 ψευδοδοξίας,

31 1202 56 1240 10
69 1175 215 1263 θάτερον
235 1177 272 1244 δέ
289 1179 357 1245 των
376 1179 413 1243 ἐν
425 1171 525 1262 ἤθεσι
538 1179 657 1262 ψυχῶν
670 1173 862 1263 διαφθοράν
877 1204 1038 1262 κατεργα-
1057 1213 1067 1240 e

70 1277 230 1363 ζομέυωυ·
259 1278 314 1344 καὶ
329 1273 364 1343 τό
377 1276 440 1363 μέν
452 1278 510 1362 της
530 1274 772 1366 είδωλολάτρου
783 1275 911 1365 πλάνης
926 1276 1039 1345 εἰκόνα

69 1379 186 1464 φέρειν
203 1373 397 1463 ἀποδείξας,
417 1375 475 1445 τόν
493 1373 636 1466 ἀρχουτα
653 1384 711 1465 τῆς
729 1384 926 1466 Δαμασκοῦ,
946 1376 981 1445 τὸ
1001 1379 1039 1445 δὲ

68 1481 136 1546 τῶν
156 1481 192 1546 ἐν
209 1474 400 1547 άποπτάσει
417 1482 476 1547 τοῦ
494 1476 668 1565 σώφρονος
687 1480 741 1546 καὶ
759 1477 874 1565 ὑγιοῦς
891 1486 968 1565 βίου
980 1477 1040 1546 τῦ-

69 1605 134 1648 πον
159 1578 263 1666 ελυαι,
294 1577 352 1647 τὸν
374 1585 431 1666 της
455 1587 667 1667 Σαμαρείας,
699 1576 739 1649 οῦ
770 1579 932 1669 πρότερόν
956 1602 1038 1667 φησι

31 1706 56 1746 15
69 1677 196 1750 τούτων
219 1677 515 1766 ἀπαλλαγήσεσθαι
539 1677 600 1767 τὴν
624 1688 688 1769 γῆν
707 1678 807 1770 (οῦτω
830 1688 944 1750 καλῶν
962 1680 1039 1760 τοῦς

70 1784 124 1851 έπλ
143 1786 202 1870 γης
221 1788 456 1861 κατοικοῦντας
468 1778 685 1871 ἀνθρώπους)
705 1778 886 1871 ἢφανῆυαι
906 1785 960 1851 ἐπὶ
979 1790 1040 1870 γῆς

69 1880 128 1953 τόν
146 1880 355 1974 Ἐμμαυονὴλ
379 1881 478 1953 θεόν·
513 1881 634 1954 τούτου
659 1886 695 1953 δὲ
720 1882 964 1973 ἐπιλάμψαντος
984 1887 1039 1953 καί

70 1984 304 2071 βασιλεύοντος
322 1983 507 2073 ἀνθρώπου
526 1992 633 2074 ψυχης
651 1989 779 2075 μηδένα
796 1995 843 2056 ἔτι
862 1994 1040 2055 λείπεσθαι

70 2092 137 2154 των
155 2085 257 2155 πάλαι
275 2085 573 2172 κατακρατοῦντωυ
592 2086 702 2175 αὐτῆς.
730 2093 798 2156 104.
815 2085 902 2158 οῦτω
917 2086 959 2175 δὴ
978 2077 1041 2157 οῦν

31 2213 57 2252 20
71 2189 126 2254 καὶ
145 2184 269 2256 ἐνθάδε
287 2189 364 2275 περὶ
382 2190 448 2256 των
466 2185 579 2256 αὐτῶν
592 2192 748 2275 εἰρῆσθαι
761 2189 892 2275 νοήσεις
910 2189 946 2258 τὸ
962 2185 1068 2274 ‘'kri-<1
1137 2276 1140 2280 Ι

70 2304 167 2369 ψεται
186 2285 331 2376 δύναμιν
349 2291 536 2374 Δαμασκοῦ
553 2290 608 2355 καὶ
628 2285 667 2356 τά
686 2292 792 2374 σκῦλα
810 2288 1037 2377 Σαμαρείας,”

70 2392 127 2476 τῆς
156 2395 215 2459 τοῦ
245 2395 392 2475 σωτῆρος
428 2383 523 2475 ἡμων
552 2383 659 2473 Ἰησοῦ
689 2396 834 2476 Χριστοῦ
865 2389 1040 2474 δυνάμεως

70 2486 300 2578 καθαιρούσης
328 2486 462 2577 ἀθρόως
492 2487 617 2568 πάντας
646 2486 722 2568 τοῦς
751 2484 912 2575 άοράτονς
945 2488 1106 2577 ἡμωυῐιοι]

72 2590 231 2681 έχθροῦς,
257 2598 291 2660 οἳ
315 2588 355 2677 δὴ
381 2589 483 2658 πάλαι
506 2588 667 2681 πρότερον
690 2608 761 2671 ταῖς
786 2594 1040 2679 προειρημέναις

31 2719 57 2758 ει
71 2691 184 2774 ἀθέοις
199 2696 254 2763 καὶ
267 2695 484 2780 έπιβλαβέσιν
500 2695 681 2781 ἐνεργείαις
694 2690 819 2772 πάντας
836 2691 1040 2783 ἀνθρώπους

72 2793 298 2881 ἐπολιόρκουν.
337 2800 407 2864 105.
429 2796 484 2862 καλ
508 2791 590 2883 πρός
608 2797 697 2877 λέξιν
721 2796 758 2864 δέ
776 2792 878 2864 πάλιν
897 2801 981 2874 ίδοις
999 2791 1041 2864 ἀν

70 2891 154 2981 ὁμοῦ
178 2899 219 2981 τῇ
245 2896 376 2981 γενέσει
403 2896 459 2963 καὶ
487 2899 666 2986 ἐπιφανείη
692 2903 750 2965 τοῦ
775 2899 922 2983 σωτηρος
946 2893 1042 2984 ἡμῶν

70 2991 132 3082 τὴν
158 2993 302 3084 δύναμιν
320 3002 506 3084 Δαμασκοῦ
529 2999 769 3085 καθῃρημένην
793 3001 848 3066 καὶ
877 2997 916 3066 τά
935 3002 1041 3066 σκῦλα

71 3105 263 3186 Σαμαρείας
281 3093 426 3186 ηρμένα,
450 3094 542 3166 τοῦτ’
563 3106 630 3167 ἔστι
649 3093 707 3178 τάς
725 3106 897 3186 βασιλείας
915 3097 1039 3183 αὐτων,

32 3226 58 3265 3ο
72 3201 210 3288 αἳμέχρι
223 3202 290 3269 τοδυ
304 3201 520 3288 δηλουμένων
535 3197 666 3288 χρόνων
681 3202 897 3288 διαρκέσασαι
908 3203 940 3281 ἐξ
955 3204 1042 3267 ἐκεί-

71 3329 133 3369 νου
152 3305 206 3370 καὶ
227 3309 273 3382 είς
291 3305 391 3390 δεῦρο
411 3306 639 3371 διαλελοίπασι
657 3298 739 3370 κατά
756 3298 814 3382 τάς
831 3309 927 3381 θείας
940 3328 1040 3392 προρ-
1055 3330 1108 3379 [33η

71 3400 193 3490 ρησεις.
233 3409 302 3473 106.
323 3407 407 3491 φασὶ
426 3403 466 3471 δέ
480 3431 568 3484 τινες
585 3406 641 3472 καὶ
659 3401 767 3483 άλλως
785 3399 863 3483 τοῦς
880 3399 939 3471 ἀπ’
959 3402 1038 3472 ἀνα-
