2326 3818
146 116 209 180 516
556 115 704 167 Ευευειι

148 260 270 327 ἑαυτοῦ
287 251 305 324 5
323 254 420 343 θεὸς,
445 251 529 325 άλλά
552 262 611 325 τοῦ
630 256 782 335 Μωσέως
806 272 983 343 προσεῖπε,
1008 254 1118 346 φήσας

141 356 296 446 “βάθιζε,
324 357 509 446 κατάβηθι,
534 353 683 446 ήνόμησε
706 354 768 446 γάρ
787 355 805 425 5
825 355 901 438 λαός
919 354 1022 427 σου·”
1059 356 1116 429 τὸν

121 488 133 528 b
149 456 250 529 αὐτὸν
268 459 393 548 τρόπον
411 456 587 529 κάνταῦθα
601 464 660 527 τοῦ
674 465 897 548 περιωρίσθαι
911 456 984 528 κατ’
1005 458 1116 544 αὐτῶν

147 562 204 631 τὸν
224 564 421 649 δηλωθέντα
445 558 627 649 χρόνοντὸ
652 570 760 630 αίτιον
783 559 988 629 ἐκδιδάσκει·
1020 569 1116 632 τοῦτο

148 660 180 733 δ’
200 653 242 752 ἦν
259 661 295 732 τῦ
314 665 429 752 μηκέτι
447 665 509 730 τοῦ
532 667 616 730 θεοῦ
635 661 716 730 λαὸν
736 657 859 741 αῦτοῦς
877 668 1138 745 καταξιοῦσθαιι

146 772 364 856 χρηματίζειν.
410 769 458 831 11.
479 764 622 851 ἐπιλέγει
641 763 677 832 δὲ
692 758 770 831 “nal
790 765 843 831 ε’πὶ
861 761 923 852 τὴν
941 762 1040 835 πόλιν
1057 765 1117 853 τὴν

146 862 282 955 άγίαν,”
301 864 338 934 τὸ
355 869 418 934 σοῦ
432 862 534 934 πάλιν
548 862 775 946 ἐξακονόντων
786 861 882 952 ἡμῶν
894 864 977 934 κατά
991 870 1117 954 κοινοῦ,

148 964 192 1048 ῦς
219 967 305 1037 είναι
328 965 364 1034 τὸ
388 964 570 1056 λεγόμενον
593 972 745 1034 τοιοῦτον
764 962 844 1033 “guz
867 966 928 1036 τὸν
951 966 1033 1036 λαόν
1057 991 1118 1038 σου

148 1070 203 1136 καλ
223 1069 277 1135 ε’πλ
292 1065 355 1152 τὴν
372 1066 470 1136 πόλιν
487 1066 548 1154 τὴν
566 1062 667 1155 άγίαν
685 1086 764 1153 σου,
785 1061 829 1146 ῦς
848 1073 879 1136 εί
896 1074 1039 1157 ἔφασκε,
1057 1068 1119 1158 τήν

148 1190 200 1238 σοι
224 1171 468 1257 νενομισμένην
491 1167 601 1256 ἁγίαν.
643 1166 680 1237 τῦ
704 1174 788 1255 γοῦν
808 1163 984 1257 Ἐβραικόν
1007 1173 1064 1240 καὶ
1087 1176 1152 1242 οίιι

148 1273 258 1340 λοιποὶ
272 1267 462 1359 συμφώνως
476 1271 676 1359 ἕρμηνευταλ
696 1266 736 1338 οῦ
756 1266 862 1359 μόνον
882 1273 935 1339 ἐπὶ
948 1274 1009 1340 τοῦ
1022 1275 1119 1360 λαοῦ,
1157 1340 1160 1345 ⁴

119 1411 130 1438 ε
148 1369 230 1441 άλλά
250 1374 305 1441 καλ
325 1373 378 1441 ἐπὶ
396 1376 455 1460 τῆς
473 1370 600 1451 πόλεως
617 1369 654 1438 τὸ
672 1375 735 1439 σοῦ
749 1377 992 1460 προσκείμενον
1010 1378 1121 1463 περιέ·

147 1497 273 1564 χουσιν.
317 1468 334 1542 5
360 1477 443 1560 γοῦν
464 1468 603 1554 Ἀκύλας
627 1473 732 1560 φησὶν
754 1469 834 1541 “ἐπλ
862 1469 920 1542 τὸν
951 1471 1034 1544 λαόν
1058 1496 1121 1545 σου

148 1577 203 1645 καλ
220 1578 274 1645 ἐπὶ
288 1570 603 1664 πόλινὴγιασμένην
615 1593 678 1642 σου
688 1570 717 1604 ''’
744 1568 762 1642 5
777 1573 814 1642 δὲ
823 1571 1004 1664 Σύμμαχος
1013 1573 1122 1666 “κατά

147 1682 206 1746 τοῦ
234 1684 316 1747 λαοῦ
340 1698 404 1745 σου
427 1679 483 1745 καί
507 1678 564 1764 τῆς
587 1673 713 1754 πόλεως
731 1680 788 1762 τῆς
812 1671 909 1761 άγίας
934 1671 1046 1745 σου.”
1069 1683 1155 1750 12,ιι

148 1776 232 1849 ὅθεν
249 1781 305 1848 καλ
323 1776 413 1867 παρά
429 1794 498 1857 τοῖς
516 1773 691 1865 άκριβέσιν
704 1772 920 1865 ἀντιγράφοις
937 1781 1006 1846 νῦν
1024 1781 1121 1867 ἕβδο-

147 1878 296 1968 μήκοντα
318 1877 355 1948 τῦ
379 1885 441 1949 σοῦ
458 1875 539 1966 μετά
563 1875 761 1967 άστερίσκον
779 1878 1123 1968 παραθέσεωςπρόσ-

148 2009 262 2051 κειται.
302 1985 351 2049 13.
375 1981 447 2048 ἐπεὶ
472 1976 535 2069 γάρ
560 1974 737 2068 εὐξάμενος
756 1976 887 2066 Δανιὴλ
913 1983 949 2048 ἐν
973 1996 1044 2061 τοῖς
1062 1987 1122 2071 τῆς

150 2087 276 2162 ἱκεσίας
301 2079 404 2149 αὑτοῦ
430 2079 553 2170 ῥήμασι
577 2078 735 2160 πολλάκις
759 2077 819 2149 τὸν
842 2081 905 2168 μὲν
928 2077 1010 2150 λαὸν
1034 2086 1124 2154 θεοῦ

149 2180 232 2252 λαόν
250 2180 419 2272 ὠνόμασε,
443 2182 502 2252 τὸν
528 2182 566 2252 δὲ
589 2185 647 2269 τῆς
671 2181 798 2262 πόλεως
818 2181 922 2253 τόπον
945 2181 1042 2271 άμιον
1060 2191 1157 2265 τοῦτο,

121 2289 233 2356 εθεοῦ
263 2283 383 2373 τόπον,
416 2281 637 2374 άντιστρὲψας
667 2279 685 2351 5
709 2291 917 2372 χρηματίζων
953 2282 1030 2355 οῦτε
1058 2283 1124 2374 τὴν

149 2384 248 2457 πόλιν
264 2385 364 2476 άγίαν
382 2390 441 2456 τοῦ
465 2393 548 2457 θεοῦ
573 2382 650 2455 οῦτε
673 2382 731 2454 τὸν
749 2381 831 2453 λαῦν
848 2389 909 2454 τοῦ
928 2390 1013 2455 θεοῦ
1034 2387 1122 2459 εἶναι

147 2488 320 2579 ὁμολογεῖ,
345 2486 429 2558 άλλά
453 2491 533 2575 σοῦ,
557 2489 657 2576 φησὶ,
688 2492 746 2555 τοῦ
772 2492 1041 2576 προσευχομένου
1065 2492 1122 2560 καὶ

147 2600 284 2661 τοιαῦτα
303 2593 379 2676 περὶ
397 2594 458 2658 τοῦ
476 2594 559 2657 λαοῦ
577 2589 633 2657 καλ
651 2591 712 2657 τοῦ
725 2585 829 2656 τόπου
843 2590 899 2657 καλ
917 2592 975 2673 τῆς
992 2586 1123 2673 πόλεως

150 2690 327 2780 εἰρηκότος.
371 2697 483 2778 ἔχουσι
509 2689 545 2758 δὲ
568 2692 631 2758 τοῦ
653 2685 786 2777 Δανιὴλ
813 2693 851 2758 αί
877 2691 989 2776 φωναὶ
1014 2688 1160 2775 οῦτωςιι

144 2787 413 2880 “άποστραφήτω
433 2788 475 2878 δὴ
492 2788 509 2860 5
528 2789 638 2880 θυμός
655 2811 737 2878 σου,
761 2791 816 2860 καί
835 2787 856 2879 ἡ
874 2787 956 2881 ὀργή
973 2784 1123 2864 σουόἰπῦ

149 2898 207 2979 τῆς
225 2890 353 2974 πόλεάς
376 2916 438 2963 σου
451 2890 667 2982 Ἰερουσαλὴμ
690 2889 789 2981 ὅρους
812 2886 910 2980 άγίου
935 2890 1031 2963 σου.”
1070 2902 1123 2966 14.

149 2996 206 3062 καὶ
220 2989 261 3064 “5
280 2992 358 3075 λαός
382 3019 444 3065 σον
463 2995 593 3081 ἐγένετο
613 3001 660 3075 εἰς
683 2991 877 3084 ὀνειδισμὸν
897 2998 933 3065 ἐν
951 3000 1034 3064 πάσι
1052 3015 1124 3081 τοῖς

151 3094 340 3190 περικύκλῳ
358 3091 486 3186 ἡμῶν.”
530 3098 585 3165 καλ
604 3095 706 3166 πάλιν
719 3090 908 3184 “ἐπίφανον
932 3095 969 3166 τὸ
987 3091 1126 3186 πρόσοι-ο

151 3195 216 3267 πόν
233 3221 295 3270 σου
322 3201 375 3268 ἐπὶ
398 3195 434 3268 τὸ
453 3196 599 3287 άγίασμά
616 3218 678 3268 σου
695 3196 732 3267 τὸ
751 3194 906 3287 ἕρημον.’ἷ
945 3200 1000 3267 καὶ
1018 3189 1124 3284 αῦθις
1136 3231 1162 3275 ιο

219 3430 235 3476 2
253 3430 304 3485 Ex.
317 3432 358 3493 32,
373 3433 396 3480 7.
500 3432 532 3479 26
550 3430 622 3480 Dan.
636 3433 661 3494 9,
677 3433 716 3485 16.
792 3424 797 3436 '
