2326 3818
118 125 162 188 44
533 126 683 179 EUSEBII

119 264 204 335 ἀλλά
227 295 302 336 τινα
325 262 443 336 καινδν
466 268 522 336 καὶ
545 270 624 338 νέον
651 264 836 357 ἄνθρωπον
858 265 985 339 θεόθεν
1009 265 1089 338 ιἰπε·

68 373 312 492 (νυσταλμένον.
354 373 405 438 48.
425 371 687 458 μετατιθεμένου
712 370 750 439 δέ
766 370 828 439 τοῦ
843 378 1090 459 θυσιαστηρίου

121 472 210 562 παρὰ
228 469 269 541 τοὶ
285 500 331 565 ιφ
320 473 471 542 Μωσεῑ
495 467 717 560 δοκοῦντα,’
696 469 826 562 ανάγκη
844 476 935 541 πᾶσα
953 475 1008 542 καὶ
1026 476 1089 542 τοῦ

121 577 273 656 Μωσέως
290 571 396 663 νόμου
419 572 607 697 μεταβολήν
629 576 798 661 γενέσθαι.
836 574 907 644 εἶτα
926 574 964 643 δὲ
981 572 1091 645 θυον-

120 707 174 760 τες
192 675 370 767 Αἰγύπτιοι
393 681 439 746 τῶ
465 678 518 745 ἐπὶ
543 673 680 747 πάντων
702 680 773 769 θεῶ
797 702 929 757 παντως
948 702 1014 746 που
1032 678 1142 756 καὶες

87 790 96 808 ’
123 779 307 872 ἱερωσύνης
339 776 595 865 ἆξιωθήσονται.
645 782 836 868 ίερωμένων
869 781 951 867 δήια
981 784 1090 865 Λίγυ-

121 891 227 955 πτίων
246 879 286 950 τὰ
304 882 381 967 περὶ
399 886 550 950 Λευιτῶν
568 881 710 977 καὶτῶν
733 884 770 950 ἐκ
789 883 946 970 διαδοχῆς
959 877 1090 968 Ἀαρῶν

121 995 246 1055 ,Μωσεῑ
269 983 507 1071 διατεταγμένα
530 977 640 1052 οὐκέτ’
671 977 714 1051 ἂν
738 986 868 1070 γίνοιτο
891 998 960 1063 τοῖς
985 989 1091 1069 Αίγυ-
1117 1042 1120 1046 ,

122 1093 228 1167 πτίοις
246 1083 398 1175 χρήσιμα.
440 1088 491 1152 49.
518 1081 588 1175 ῶρα
607 1082 649 1172 δή
666 1073 729 1154 οῶν
746 1088 862 1173 καινής
888 1093 1091 1172 νομοθεσίας

123 1193 197 1258 δεῖν
216 1192 263 1267 είς
279 1185 341 1276 τήν
357 1189 425 1256 τῶν
443 1189 661 1275 δηλουμένων
681 1184 851 1257 σύστασιν.
898 1193 935 1256 τί
950 1189 1007 1270 δίς
1026 1175 1091 1275 ἆρα
1105 1216 1132 1258 ιο

68 1317 108 1368 {151
125 1293 197 1377 είκή
214 1287 310 1358 ταῦτ’
336 1285 615 1377 ιἰναπεφῶνηται;
638 1282 660 1377 ή
684 1291 740 1358 καὶ
763 1292 855 1370 τέλος
875 1284 1092 1376 έπενήνεκται

95 1409 190 1473 ιτοῑς
208 1389 335 1480 λόγοις;
360 1394 482 1474 σκέψαι
507 1388 537 1460 δ’
561 1380 624 1460 οὖν
648 1396 678 1460 εί
694 1389 739 1480 μή
762 1390 926 1480 σήμερον,
944 1393 1030 1477 λέγω
1049 1387 1093 1479 δή

123 1492 200 1564 καθ’
221 1489 325 1583 ἡμᾶς,
345 1488 459 1575 αὐτοῖς
477 1510 545 1575 τοῖς
562 1490 751 1582 ὀφθαλμοῖς
768 1488 913 1583 ὁρῶνται
929 1488 969 1561 οὐ
987 1489 1094 1580 μόνον

123 1594 321 1687 Αἰγύπτιοι,
345 1586 429 1664 ἄλλα
454 1597 509 1664 καὶ
533 1597 602 1664 πᾶν
619 1598 715 1683 γένος
732 1601 800 1664 τῶν
813 1596 895 1681 πρὶν
910 1600 1092 1664 εἰδωλολα-

124 1700 214 1783 τρῶν
226 1693 431 1784 οἷνθρῶπων,
440 1693 498 1776 οὓς
513 1691 534 1783 ή
548 1694 731 1785 πρόρρησις
746 1693 802 1765 διὰ
813 1699 881 1765 τῶν
892 1702 1092 1783 Αἰγυπτίων
1105 1725 1132 1766 ιι

123 1796 292 1889 ᾐνίττετο,
320 1801 378 1886 τῆς
402 1800 464 1887 μὲν
487 1800 659 1868 πολυθίου
682 1800 737 1868 καὶ
767 1801 960 1886 δαιμονικής
985 1793 1094 1886 ἀπηλ-

124 1905 290 1990 λαγμένον
307 1898 448 1988 πλάνης,
466 1898 525 1969 τὸν
541 1899 577 1969 δὲ
590 1906 660 1968 τῶν
677 1903 859 1987 προφητῶν
869 1896 953 1970 θεῶν
965 1897 1094 1969 αἰνακα-

125 2002 303 2090 λούμενον·
331 2007 382 2072 50.
394 2006 449 2071 καλ
466 1998 618 2090 εὔχονται
631 2002 668 2070 δὲ
684 1998 796 2071 οὐκέτι
809 2009 940 2072 πλείοσι
952 2008 1093 2089 κυρίοις,

126 2104 178 2172 ἑνὶ
198 2104 234 2171 δὲ
251 2105 300 2194 τῷ
316 2101 407 2196 μόνφ
426 2110 532 2196 κυρίῳ
550 2102 634 2172 κατὰ
647 2100 684 2172 τὸ
699 2099 790 2193 ίερόν
807 2101 932 2191 λόγιον,
951 2105 1006 2172 καὶ
1019 2100 1094 2173 τού-

124 2232 170 2296 τφ
188 2202 431 2293 θυσιαστήριον
448 2203 601 2294 ιἰναίμων
618 2207 675 2274 καὶ
698 2208 842 2293 λογικῶν
859 2210 992 2275 θυσιῶν
1009 2203 1094 2274 κατὰ
1107 2233 1135 2274 νο

101 2302 166 2375 ew}
193 2304 292 2375 καινδι
317 2304 484 2397 μυστήρια
509 2311 567 2394 τής
593 2310 672 2388 νέας
702 2309 757 2377 καὶ
785 2312 902 2396 καινής
929 2305 1095 2396 διαθήκης

125 2404 207 2478 καθ’
226 2406 305 2496 ὅλης
322 2410 380 2497 τής
397 2407 593 2498 ἀνθρώπων
609 2413 806 2498 οἰκουμένης
820 2406 1038 2497 ἀνεγήγερται
1058 2412 1096 2479 ἐν

126 2508 211 2602 αὐτή
232 2538 268 2580 τε
293 2509 455 2604 Αίγύπτφ
487 2514 542 2581 καὶ
566 2528 635 2591 τοίς
659 2520 788 2590 λοιποῖς
807 2517 923 2581 ἔθνεσι
940 2508 1000 2580 τδν
1016 2509 1093 2599 τρό-

125 2637 190 2680 πον
215 2610 467 2697 αἰγυπτιάζουσι
494 2609 578 2680 κατὰ
603 2610 666 2699 τήν
693 2617 924 2701 δεισιδαίμονα
951 2609 1093 2700 πλάνην.

122 2717 176 2804 ῥΙ.
195 2715 261 2781 νῦν
279 2708 359 2782 καθ’
378 2707 464 2801 ήμᾶς
481 2711 502 2801 ή
520 2717 579 2782 τοῦ
596 2720 665 2782 τῶν
681 2711 770 2783 ὅλων
782 2716 869 2784 θεοῦ
882 2716 1004 2802 γνῶσις
1023 2719 1095 2783 δια·
1108 2739 1136 2783 ιε

126 2810 301 2901 λάμπουσα
324 2812 386 2901 τήν
410 2822 524 2886 πίστιν
546 2812 793 2904 ἀναμφίλεκτον
817 2818 885 2885 τῶν
910 2827 1096 2903 προθεσπι-

126 2918 280 2985 σθέντων
298 2918 576 3005 έπισφραγίζεται.
612 2922 716 2988 ταῦτα
735 2919 773 2987 δέ
790 2924 899 3008 ἔργοις
925 2915 1096 2987 ἐπιτελού-

125 3046 212 3108 μενα
238 3015 345 3106 ὁρῶν,
375 3014 450 3088 ἄλλ’
478 3015 587 3090 οὐκέτ’
621 3016 705 3109 ἀκοή
728 3017 1005 3110 προσδοκώμενα,
1036 3016 1097 3089 τὸν

126 3122 260 3244 καιρὸν,
286 3118 414 3191 ὁπόθεν
436 3120 499 3209 τήν
516 3117 623 3244 αρχήν
638 3125 708 3192 τῶν
728 3149 932 3246 πραγματων
950 3126 1095 3210 ειληχεν,

126 3219 202 3293 οὐδ’
221 3220 324 3294 αλλου
342 3219 547 3350 αναζητήσας
566 3218 718 3346 εὑρήσεις
736 3218 757 3311 ἢ
774 3222 833 3292 τὸν
850 3226 908 3311 τῆς
926 3229 1095 3347 σωτηρίου
1108 3249 1137 3292 εο

100 3327 333 3413 ιέπιφανείας.
375 3330 426 3396 52.
447 3323 544 3405 αυτὸς
570 3354 634 3416 αρα
657 3314 753 3406 οὗτος
777 3314 821 3412 ἦν
845 3320 1029 3413 ἐκεῖνος,“
1011 3322 1093 3393 ονὸ

127 3424 273 3517 χρησμὸς
301 3424 443 3516 ἐδήλου,
468 3424 578 3517 φήσας
606 3424 805 3497 ἀποστελεῖν
829 3425 888 3496 τόν
915 3428 984 3495 τῶν
1005 3422 1095 3495 ὅλων
