2326 3818
119 126 183 191 614
525 126 676 178 υσευειι

120 269 175 338 ἐπὶ
194 263 331 336 πόντων
348 269 416 335 τῶν
435 268 548 336 ἐθνῶν
564 259 586 353 ἡ
610 270 670 335 τοῦ
688 268 836 355 σωτῆρος
855 263 950 353 ἡμῶν
969 273 1093 350 ἔνθεος

119 365 221 459 ιἰρετή
244 365 479 455 συνεστήσατο.
527 371 557 436 8.
591 365 662 436 εἶτα
685 368 723 436 δὲ
746 368 802 436 καλ
825 383 897 448 ταῖς
923 395 1092 457 προφητι-

120 486 194 552 ιιαίς
212 467 468 560 ἐντυγχάνοντες
486 471 563 558 περὶ
580 463 685 537 αύτού
702 476 910 559 μαρτυρίαις,
928 463 1013 559 όκοῇ
1026 472 1092 559 μὲν

119 568 311 660 ἀκούουσιν,
328 566 402 641 ἄλλ’
423 567 464 640 ού
481 577 650 656 συνίασιν,
668 576 755 662 ἔργφ
773 571 1004 658 πληρουμένης
1023 579 1056 642 εί
1077 611 1092 624 ·

121 675 168 744 ἔτι
185 675 240 743 καλ
258 677 325 743 νῦν
342 667 416 742 κατ’
437 668 551 740 αύτῶν
567 675 625 758 τῆς
644 673 681 740 ἐν
698 672 791 759 χερσὶ
810 679 1023 760 προφητείας.
1115 701 1129 744 ε

424 935 502 1010 Ἀπὸ
519 945 578 1012 τοῦ
597 946 726 1032 Ζαχαρί
767 996 774 1009 .

91 1108 106 1149 ι
222 1089 308 1149 XVII.
338 1070 466 1165 “Χαῑρε
483 1071 628 1166 σφόδρα,
648 1072 797 1163 θύγατερ
816 1073 922 1163 Σιῶν,
941 1073 1089 1167 κήρυσσε
1137 1085 1141 1092 ’

119 1173 269 1268 θύγατερ
282 1172 514 1267 Ἰερουσαλὴμ,
550 1174 625 1248 ίδού
647 1170 666 1246 ό
690 1173 849 1264 βασιλεύς
872 1196 935 1247 σου
959 1184 1092 1267 ἔρχεταί
1102 1204 1132 1260 ιο,

121 1298 174 1348 σοι
193 1284 320 1361 δίκαιος
338 1280 393 1349 καλ
412 1276 538 1366 σῶζον,
557 1276 657 1358 αύτδς
675 1275 795 1368 πραύς,
814 1280 870 1347 καὶ
884 1277 1091 1368 διαβεβηκός

121 1381 175 1450 ἐπί
192 1378 374 1470 ὑποζύγιον
391 1381 447 1450 καὶ
465 1385 579 1450 πῶλον
599 1381 689 1450 νέον·
708 1381 764 1450 καλ
784 1377 1016 1470 ἐξολοθρεύσει
1032 1376 1090 1471 ἅρ-

119 1510 206 1570 ματα
225 1486 257 1565 ἐξ
273 1479 413 1572 Ἐφραῒμ
436 1483 492 1551 καί
516 1486 621 1552 ἵππον
646 1483 679 1564 ἐξ
691 1478 924 1572 Ἰερουσαλὴμ,
948 1484 1005 1551 καὶ
1023 1484 1098 1565 ἐξοτ

120 1582 390 1672 λοθρευθήσεται
407 1581 504 1666 τόξον
521 1581 704 1672 πολεμικόν
727 1584 783 1652 καλ
806 1587 937 1669 πλῆθος
955 1580 1090 1673 εἰρήνης

122 1687 155 1766 ἐξ
174 1688 297 1774 ἐθνῶν,
316 1688 372 1756 καλ
389 1683 543 1776 κατόρξει
560 1681 625 1754 αἰπό
638 1682 812 1771 θαλάσσης
828 1686 889 1765 ἕως
902 1681 1089 1774 θαλάσσης,
1104 1709 1129 1750 ιτ

121 1787 178 1854 καὶ
195 1783 259 1856 ιἰπό
277 1790 435 1877 ποταμῶν
454 1794 501 1867 είς
521 1786 693 1874 διεκβολὰς
710 1781 799 1874 γῆς.”

196 1891 226 1958 2.
247 1894 377 1958 -Ταῦτα
399 1885 482 1977 μετόι
507 1885 570 1974 τὴν
599 1882 664 1956 ιἰπό
689 1888 892 1973 Βαβυλῶνος
922 1881 1090 1955 ἐπάνοδον

121 1994 182 2056 τοῦ
201 1997 369 2077 Ζαχαρίου
388 1995 435 2068 είς
458 1987 498 2057 τό
524 1984 652 2057 ὕστατα
675 1990 743 2057 τῶν
767 1989 948 2078 προφητῶν
970 1993 1090 2056 θεσπί·

56 2104 110 2158 (4⁵6)
125 2112 262 2175 σαντος,
294 2087 406 2168 οὐδεὶς
429 2080 610 2178 μετόιτούς
633 2095 692 2177 τῆς
717 2096 920 2181 προφητείας
949 2085 1091 2177 χρόνους

123 2187 283 2278 βασιλεύς
299 2188 392 2281 παρόι
406 2186 578 2273 Ἰουδαίοις
604 2190 750 2280 γεγονῶς
772 2195 961 2278 ἱστορεῖται,
979 2185 1053 2260 οἷον
1070 2187 1132 2280 ἡνο

123 2301 309 2382 προφητεία
327 2301 538 2383 παρίστησιν,
557 2300 590 2364 εί
604 2291 649 2383 μὴ
667 2290 767 2381 μόνος
790 2287 809 2362 ό
824 2291 933 2381 σωτὴρ
952 2293 1008 2360 καὶ
1034 2290 1093 2362 κύ·

122 2423 193 2486 ριος
210 2389 306 2484 ἡμῶν
318 2393 444 2484 Ἰησοῦς
461 2392 479 2466 δ
498 2393 639 2485 Χριστός
662 2399 722 2464 τού
740 2397 841 2482 θεοῦ,
865 2389 946 2464 καθ’
971 2388 1012 2462 ὃν
1034 2396 1091 2463 τιαλ

123 2492 207 2586 αὕτη
224 2499 339 2579 πίλους
358 2496 538 2586 ἐτύγχανεν
554 2492 576 2584 ἡ
593 2495 792 2586 πρόρρησις,
810 2493 864 2566 ὅτε
881 2510 951 2576 τοϊς
971 2496 1094 2565 ἑαυτοῦ

122 2609 289 2687 μαθηταῖς
316 2596 398 2688 πρός
423 2600 511 2681 λέξιν
541 2594 645 2668 είπῶν
670 2592 919 2684 “πορευθε’ντες
951 2602 998 2678 είς
1030 2594 1093 2684 τὴν
1149 2635 1160 2641 -

122 2695 285 2770 ἀπέναντι
302 2697 418 2787 αῶμην
432 2694 591 2787 εὑρήσετε
603 2695 684 2768 ὄνον
697 2699 753 2767 παλ
767 2701 879 2767 πῶλον
895 2699 1090 2786 δεδεμένον·
1105 2723 1132 2765 τε

123 2795 405 2880 λόσαυτεςάύτδν
422 2794 590 2889 όγόγετε,”
627 2803 656 2869 3.
675 2801 732 2868 καὶ
750 2796 810 2869 ἐόν
827 2828 876 2880 τις
893 2796 976 2887 ὑμίν
1001 2809 1092 2888 είπη,

124 2905 161 2969 τί
183 2917 325 2987 ποιεῖτε;
364 2913 479 2972 εἴπατε
506 2898 622 2995 αύτῷ,
645 2899 662 2971 ό
689 2898 803 2993 κύριος
833 2898 946 2971 αὐτῶν
976 2906 1093 2993 χρείαν

97 3006 200 3091 δέχει.
237 3005 293 3072 ιιαλ
310 2998 514 3086 ἀπελθόντες
534 3009 654 3075 ἐκείνοι
673 3007 835 3091 ἐποίησαν
852 2997 933 3073 καθ’
953 2997 1094 3091 δπροσ-

129 3106 243 3188 ἔταξεν
261 3101 402 3188 αύτοίς.”
441 3102 481 3176 τό
500 3106 562 3196 μὲν
577 3094 641 3180 ,ούν
657 3109 716 3194 τῆς
739 3102 952 3195 προρρήσεως
978 3105 1035 3190 καὶ
1052 3101 1094 3172 τὰ

58 3209 185 3284 μεητού
206 3206 483 3297 συμπεράσματος
505 3211 625 3278 τούτου
654 3215 722 3297 ἔχει
744 3203 804 3279 τόν
829 3203 961 3297 τρόπον.
1002 3209 1033 3277 4.
1061 3209 1135 3273 τίοι·

192 3439 210 3487 9
224 3437 310 3492 Ζεολι,
331 3442 358 3507 9,
370 3442 394 3490 9.
497 3442 531 3491 24
547 3439 647 3491 Matth.
666 3442 709 3504 21,
722 3442 748 3493 2.
