2326 3818
137 118 200 182 342
545 118 693 169 Εσεοοιῑ

109 288 121 324 ι
137 266 196 329 τοῦ
213 265 361 347 μείζονος
387 262 442 328 καὶ
465 261 700 348 κραταιοτέρου
724 261 870 348 πολέμου
894 261 950 328 καὶ
974 255 1111 349 άνῦνος

138 358 227 453 αὐτῷ
245 363 291 454 τῷ
314 368 420 455 κυρίῳ
444 363 703 449 πεφυλαγμένον
727 359 811 429 κατὰ
833 357 892 431 τῦν
910 358 1031 450 καιρὸν
1048 367 1111 453 τῆς

138 470 184 542 είς
202 460 260 531 τὸν
277 460 428 533 θάνατον
445 457 552 532 αῦτοῦ
570 470 717 549 παρουσί
758 520 763 531 .

421 712 501 784 Ἀπὸ
519 717 580 784 τοῦ
598 712 637 781 'r'
661 718 811 804 Ψαλμοῦ.

233 840 284 904 Ὡς
303 839 356 895 δύο
368 843 485 908 κυρίους
497 842 547 896 καί
560 837 574 895 ὁ
587 845 775 910 προκείμενος
792 838 856 895 οἶδε
872 838 1000 911 Ψαλμός.
1120 856 1133 897 ι

213 979 288 1039 XXI.
309 961 397 1035 “⁹011
426 965 486 1054 σὺ,
511 963 624 1057 κύριε,
651 970 743 1047 ἐλπίς
766 997 848 1055 μου,
878 965 938 1037 τὸν
960 965 1109 1051 ὕψιστον

136 1075 220 1137 ἔθου
248 1066 444 1156 καταφυγήν
475 1089 546 1139 σον.
573 1063 635 1138 οῦ
666 1067 924 1156 προσελεύσεται
954 1068 1041 1160 πρός
1068 1093 1108 1141 σε

135 1164 237 1254 κακά,
256 1170 312 1237 καί
329 1167 445 1258 μάστιξ
464 1166 526 1240 οῦκ
544 1174 651 1258 ἐγγιεί
664 1174 711 1262 τῷ
735 1168 929 1258 σκηνοῦματί
944 1191 1016 1240 σον.
1054 1168 1108 1243 ὅτι

134 1285 202 1351 τοῖς
221 1266 372 1358 ἀγγέλοις
390 1268 494 1340 αὐτοῦ
513 1275 691 1340 ἐντελεῖται
709 1272 785 1357 περὶ
804 1276 883 1358 σοῦ,
909 1272 963 1340 ἐπὶ
981 1278 1107 1362 χειρῶν

69 1400 122 1450 (ιιι)
137 1369 260 1460 άροῦσί
275 1393 330 1459 σε,
349 1371 394 1461 μή
411 1400 491 1442 ποτε
508 1369 700 1463 προσκόψῃς
720 1371 802 1460 πρὸς
819 1381 920 1443 λίθον
937 1370 998 1443 τόν
1015 1372 1107 1445 πόδα
1122 1393 1145 1432 1⁰

134 1496 205 1543 σου.
244 1476 297 1544 ἐπὶ
315 1472 442 1544 ἀσπίδα
459 1475 515 1543 καὶ
533 1480 730 1559 βασιλίσκον
747 1471 907 1563 ἐπιβήσῃ,
927 1476 984 1543 καὶ
1001 1502 1107 1546 κατα-

135 1574 292 1664 πατήσεις
311 1577 428 1645 λίοντα
445 1577 502 1644 καί
522 1570 720 1665 δράκοντα.”

210 1682 239 1746 2.
265 1675 407 1758 Ταύταις
432 1671 449 1745 ὁ
470 1674 624 1765 διάβολος
649 1678 685 1744 ἐν
702 1678 747 1767 τῷ
771 1672 854 1744 κατά
877 1679 937 1745 τοῦ
955 1680 1106 1766 σωτῆρος

69 1805 122 1858 μοι]
135 1773 232 1866 ἡμῶν
255 1783 427 1871 πειρασμῷ
454 1778 608 1866 κέχρηται
630 1791 701 1856 ταῖς
720 1778 856 1858 λε’ξεσιν.
898 1775 960 1866 ὅρα
980 1776 1022 1866 δὴ
1041 1769 1106 1849 οῦν

133 1887 208 1951 τίνα
225 1875 385 1970 τρόπονὸ
407 1876 543 1967 Ψαλμός
561 1878 642 1967 πρὸς
660 1873 763 1947 αῦτόν
786 1878 845 1948 τὸν
862 1876 979 1968 κύριόν
997 1902 1105 1968 φησιν
1117 1890 1142 1932 ¹⁶

129 1976 202 2050 “3n
221 1981 282 2066 σῦ,
307 1979 418 2069 κύριε,
444 1983 537 2059 ἐλπίς
554 2008 636 2067 μου,
661 1977 719 2048 τὸν
742 1975 885 2062 ὕψιστον
903 1986 987 2050 ἔθου
1005 2008 1103 2050 κατα·

134 2078 249 2168 φυγήν
266 2101 338 2150 σου.
375 2079 419 2149 σύ
437 2072 502 2170 γάρ
527 2078 642 2170 αὐτὸς,
668 2082 791 2169 φησίν,
816 2075 915 2169 ἡέμὴ
940 2084 1052 2168 ἐλπίς,
1077 2071 1105 2150 ὦ

134 2179 248 2271 κύριε,
273 2189 406 2269 μείζονα
430 2186 558 2253 σαυτοῦ
579 2182 637 2252 τὸν
655 2179 739 2253 θεὸν
763 2179 867 2251 αὐτὸν
883 2178 942 2251 τὸν
958 2180 1105 2265 ύψιστον

134 2286 190 2352 καὶ
210 2285 262 2352 ἐπὶ
281 2282 416 2355 πάντων
434 2287 489 2354 καί
508 2287 633 2357 σαυτοῦ
647 2285 773 2372 πατέρα
787 2281 984 2372 καταφυγὴν
1003 2290 1104 2354 ἔθου·

136 2381 181 2455 δι’
201 2381 241 2457 ὃν
258 2381 298 2456 οῦ
316 2384 576 2477 προσελεύσεται
594 2382 676 2473 πρὸς
695 2385 734 2454 σὲ
757 2381 859 2472 κακά,
883 2381 965 2474 πρός
989 2384 1027 2453 σε
1044 2383 1105 2455 τὸν
1117 2398 1142 2436 2⁰

107 2485 216 2577 ιέμόν
244 2485 379 2577 κύριον,
405 2491 459 2558 καὶ
483 2487 600 2576 μάστιξ
623 2484 686 2555 οῦκ
718 2488 821 2573 ἐγγιεί
841 2488 890 2578 τῷ
911 2483 1108 2574 σκηνάματί

134 2586 229 2658 σου.”
268 2595 297 2657 3,
317 2585 380 2657 κάν
393 2588 456 2678 γὰρ
470 2586 603 2674 ἀσεβεῖς
616 2583 737 2676 άνὸρες
753 2584 986 2676 ἐπιχειρήσωσι
1004 2591 1104 2658 ἐναν-

132 2687 362 2777 θρωπήσαντά
381 2712 418 2757 σε
435 2695 603 2777 μαστίζειν
620 2683 683 2757 κάν
700 2691 747 2781 τῷ
763 2687 901 2781 θανάτῳ
920 2685 1103 2778 παραδιδό-

134 2819 201 2877 ναι,
221 2787 292 2857 άλλ’
316 2786 388 2858 οὔτι
406 2817 444 2878 γε
461 2784 482 2878 ἡ
502 2793 538 2859 ἐκ
550 2796 635 2860 θεοῦ
648 2787 765 2878 μάστιξ
784 2794 829 2882 τῷ
848 2794 897 2882 σῷ
911 2803 1106 2879 προσεγμιεί

132 2888 340 2979 σκηνώματι,
365 2889 454 2962 τοῦτ’
482 2898 551 2962 ἔστι
575 2889 721 2981 σάματι,
741 2886 760 2960 ῦ
779 2889 932 2979 δηλονότι
950 2886 997 2961 δι’
1015 2886 1102 2979 ἡμᾶς
1116 2919 1142 2962 ιο

133 2991 399 3083 ἐνανθρωπήσας
436 2996 685 3082 περιβέβλησαι.
740 2990 869 3074 τούτοις
906 2987 1102 3070 ἀκολούθως

135 3093 332 3185 ἐφαρμόσεις
351 3091 441 3187 αύτῷ
455 3094 493 3164 τὰ
509 3091 555 3164 δι’
575 3093 656 3165 ὅλου
670 3096 730 3164 τοῦ
748 3096 889 3183 Ψαλμοῦ
901 3088 1103 3183 δηλούμενα,

135 3192 156 3264 ἃ
175 3199 228 3266 καὶ
249 3191 343 3267 αῦτολ
362 3196 444 3266 κατά
463 3195 520 3267 τὸν
538 3202 664 3268 οίκείον
682 3192 799 3286 καιρὸν
818 3192 1102 3288 ἐπιθεωρήσομεν.

203 3429 218 3476 6
237 3428 281 3477 Ρε.
295 3429 337 3489 90,
352 3432 377 3481 9.
