2326 3818
163 136 226 196 416
571 133 720 183 Eusssssn

165 278 290 361 λογων,
316 270 418 342 αὐτόν
444 270 485 360 δῆ
508 271 566 341 τὸν
584 275 643 340 τού
659 279 744 341 θεοῦ
763 270 879 360 λόγον,
905 274 962 358 τῆς
986 300 1021 340 τε
1043 278 1143 363 ίερᾶς

164 379 295 464 γραφῆς
319 371 423 444 αὐτοῦ
446 369 692 462 ἀπαρχόμενος,
721 371 805 461 ὁμοῦ
829 377 869 462 τῆ
892 380 1055 464 θεολογίᾳ
1080 380 1143 447 καὶ

164 475 224 564 τήν
243 485 406 564 ἒνσαρκον
429 471 531 545 αύτοῦ
560 481 608 555 είς
625 472 827 562 ἀνθρώπους
845 482 1048 562 παρίστησιν
1067 481 1141 547 ἐπι-

136 585 288 665 ιδημίαν
306 575 368 646 “gv
395 575 478 666 ἀρχή
502 567 544 664 ῆν
567 573 584 644 5
608 574 723 664 λόγος,
755 579 809 645 καὶ
834 570 852 644 5
877 574 972 662 λόγος
991 565 1034 663 ῆν
1053 579 1141 668 πρὸς

163 677 339 765 τὸνθεόν,
364 682 421 747 καὶ
443 676 523 757 θεὸς
546 666 590 764 ῆν
612 675 630 744 5
654 674 758 764 λόγος.
801 667 897 756 ούτος
922 667 964 764 ῆν
992 682 1030 748 ἐν
1049 676 1162 770 ἀρχῇ.

164 779 246 868 ’πρὸς
270 777 328 849 τόν
353 776 445 848 θεόν.
489 775 596 846 πάντα
622 776 666 846 δι’
695 776 798 849 αὐτοῦ
823 775 987 866 ἐγένετο,”
1007 779 1138 868 φήσας·

163 881 292 958 τούτοις
316 882 391 966 ἑξῆς
411 875 635 965 ἐπάγων“καὶ
653 876 670 947 5
689 877 784 966 λόγος
803 879 884 968 σὰρξ
904 885 1051 969 ἐγένετο,
1081 886 1140 953 καὶ

165 979 356 1066 ἐσκήνωσεν
383 983 419 1048 ἐν
437 974 550 1066 ῆμλν.”
592 983 621 1048 3.
641 978 701 1049 τὸν
718 976 822 1049 αὐτόν
840 980 882 1068 δή
899 979 1024 1070 τρόπον
1041 987 1102 1053 καὶ
1120 982 1139 1054 ὁ

163 1083 342 1160 θεσπέσιος
360 1079 531 1169 προφήτης
544 1080 628 1150 θεὸν
647 1085 683 1150 ἐκ
700 1085 874 1170 παρθένου
888 1087 1141 1171 γεγεννημένον

164 1186 294 1270 μέλλων
322 1178 561 1268 ἀνακηρύττειν
588 1181 650 1269 τῆν
677 1188 814 1265 ἔνδοξον
840 1182 944 1252 αὐτοῦ
968 1192 1138 1255 θεοπτίαν

165 1295 371 1371 προθεωρεῑ,
403 1274 469 1353 ὦδε
493 1281 555 1372 τῆν
580 1293 762 1372 θεολογίαν
793 1279 998 1373 ύπογράφων
1016 1282 1138 1357 “είδον

163 1384 222 1456 τὸν
245 1383 363 1473 κύριον
381 1383 534 1472 Σαβαὼθ
557 1383 751 1473 καθήμενον
777 1388 829 1454 ἐπὶ
852 1384 982 1474 θρόνου
1000 1384 1139 1474 ὑψηλοῦ

163 1494 219 1557 καὶ
238 1490 443 1574 ἐπηρμένον,
463 1490 518 1555 καὶ
536 1485 664 1575 πλήρης
681 1486 699 1556 ὁ
718 1487 807 1568 οἶκος
825 1491 883 1573 τῆς
903 1485 998 1574 δόξης
1016 1486 1136 1577 αύτού,

163 1591 218 1657 καὶ
236 1591 394 1676 Σεραφλμ
414 1586 623 1675 είστήκεισαν
641 1587 753 1681 κύκλῳ
767 1584 881 1657 αύτοῦ.
919 1593 953 1669 ’ἐξ
972 1592 1137 1679 πτέρυγες

162 1697 208 1780 τῷ
232 1692 283 1758 ἑνὶ
307 1692 362 1758 καὶ
387 1693 421 1771 ἓξ
446 1692 606 1777 πτέρυγες
629 1693 676 1781 τῷ
695 1692 760 1758 ἑνί·
797 1691 853 1757 καὶ
878 1707 949 1768 ταῖς
972 1690 1035 1777 μὲν
1054 1695 1136 1761 δυσὶ

165 1788 351 1859 ἐκάλυπτον
368 1788 405 1858 τδ
423 1788 621 1878 πρόσωπον,
639 1807 711 1870 ταίς
732 1791 768 1858 δὲ
787 1793 865 1859 δυσὶ
883 1789 1136 1863 κατεκύλυπτον

100 1890 241 1972 (αυτούς
257 1889 378 1969 πόδας·
406 1907 477 1969 ταῖς
496 1891 534 1958 δὲ
552 1894 653 1962 δυσὶν
671 1894 837 1961 ἐπέπαυτο.
880 1894 935 1959 καλ
954 1895 1137 1980 ἕκέκραγον

166 1997 276 2078 ἕτερος
306 1989 388 2078 πρὸς
410 1990 469 2058 τόν
503 1994 633 2079 ἕτερον,
666 1996 722 2061 καὶ
753 2000 886 2080 ἔλεγον,
917 1989 1010 2078 ἀγιος
1040 1991 1136 2080 ἅγιος

165 2091 278 2179 κύριος
286 2088 456 2177 Σαβαωθ,
475 2090 603 2179 πλήρης
617 2097 705 2162 παῖσα
720 2091 740 2180 ῆ
755 2098 796 2181 γῆ
809 2097 867 2180 τῆς
882 2091 978 2182 δόξης
993 2090 1133 2163 αύτού.”

164 2198 194 2261 4.
215 2196 271 2260 καὶ
296 2194 369 2278 ἑξῆς
394 2195 536 2279 ἐπιλέγει
549 2189 628 2262 “nal
646 2193 773 2282 ῆκουσα
797 2201 855 2281 τῆς
878 2199 994 2282 φωνῆς
1012 2205 1161 2282 κυρίουε

165 2298 333 2381 λέγοντος,
358 2300 433 2362 τίνα
458 2295 659 2383 ἀποστείλω,
686 2298 742 2364 καὶ
765 2305 815 2376 τίς
834 2294 1032 2383 πορεύσεται
1050 2297 1135 2386 πρός

163 2395 222 2466 τὸν
240 2393 321 2464 λαὸν
338 2400 475 2481 τούτους
498 2399 554 2466 καὶ
574 2397 668 2483 εἶπα,
693 2394 769 2467 ίδού
789 2395 853 2484 ἐγώ
873 2404 956 2484 εἰμι,
981 2393 1135 2468 ἀπόστει-

164 2497 223 2567 λόν
241 2527 291 2586 με.
328 2500 383 2566 καί
404 2497 477 2566 εἷπε
494 2497 576 2584 πρός
594 2525 652 2587 με,
672 2496 875 2588 πορεύθητι,
900 2502 956 2567 καὶ
974 2498 1069 2567 εἶπον
1086 2503 1136 2592 τῷ

164 2602 234 2689 λαῷ
251 2596 375 2690 τούτω,
400 2594 483 2685 ἀκοῇ
508 2596 688 2687 ἀκούσετε,
713 2602 769 2669 καλ
788 2596 828 2668 ού
846 2599 890 2688 μή
910 2603 1049 2687 συνῆτε,
1076 2604 1134 2668 καὶ

164 2701 342 2786 βλέποντες
361 2701 516 2784 βλέψετε,
535 2698 649 2769 καὶού
667 2699 711 2789 μῆ
730 2707 832 2789 ίδητε.
875 2697 1049 2787 ἐπαχύνθη
1066 2698 1160 2789 γάρν

165 2797 184 2884 ἡ
203 2804 325 2882 καρδία
342 2802 402 2867 τού
420 2805 501 2868 λαοῦ
520 2797 656 2888 τούτου,
675 2805 817 2881 καὶτοῖς
836 2800 919 2870 ὠσὶν
942 2794 1054 2869 αύτῶν
1073 2807 1133 2886 βα-

165 2901 247 2986 ρέως
260 2895 420 2987 ῆκουοαν,
434 2903 490 2970 καὶ
503 2900 580 2982 τοὺς
593 2901 791 2992 ὀφθαλμούς
800 2902 912 2974 αὑτοῖν
925 2900 1132 2991 ἐκάμμυσαν,

136 2997 290 3088 εμῆποτε
315 3007 412 3070 ίδωσι
435 3019 504 3082 τοῖς
527 3001 731 3093 ὀφθαλμοῖς,
759 3008 815 3072 καὶ
838 3021 907 3084 τοῖς
932 3002 1015 3073 ὠσὶν
1032 3001 1133 3073 ἀκού·

164 3124 266 3190 σωσι,
291 3105 347 3170 καὶ
370 3110 410 3191 τῆ
429 3110 551 3194 καρδία
569 3110 715 3194 συνῶσι,
740 3109 796 3174 καὶ
815 3108 1054 3193 ἐπιστρέψωσι,
1075 3107 1132 3174 καὶ

165 3202 307 3292 λύσωμαι
332 3201 461 3284 αύτούς.
511 3208 567 3274 καὶ
592 3206 685 3294 εἶπα,
718 3209 779 3286 ἕως
802 3203 899 3294 πότε,
928 3203 1043 3296 κύριε;
1075 3209 1131 3276 καὶ
1149 3241 1163 3267 ο

164 3351 168 3355 ·
177 3351 286 3360 -——..-
293 3354 367 3361 η...-

231 3435 304 3485 410.
320 3440 342 3497 1,
357 3440 381 3488 1.
487 3440 517 3486 11
537 3438 623 3496 Em,
638 3441 661 3486 1.
