2326 3818
357 118 774 175 DEMONST.1·}VANG.X.1.
985 121 1050 187 623

73 285 132 349 με,
168 267 258 327 ἰασαι
284 253 396 346 ψυχήν
419 285 501 346 μου,
526 255 576 327 ὅτι
600 254 748 350 ήμαρτόν
772 282 833 330 σοι.
880 268 915 332 οἰ
932 265 1050 353 ἐχθροί

10 384 14 391 ’
74 388 140 450 μου
160 357 257 429 εἰπαν
275 355 360 427 κακά
377 387 444 446 μοι,
463 354 543 429 πότε
560 354 782 430 ἀποθανεῖται
799 364 854 432 καὶ
875 361 1049 436 ἀπολεῖται

76 458 113 531 τὸ
131 458 236 550 ὄνομα
254 458 374 546 αύτούς
399 462 504 531 καὶεί
529 457 758 549 εἰσεπορεύετο
775 465 836 532 τοῦ
853 468 958 551 ἰδεῖν,
982 466 1048 554 μύ-

73 590 136 652 την
172 560 281 632 ἐλάλει
311 558 331 651 ἡ
362 567 486 649 καρδία
521 557 644 649 αύτοῦ,
681 561 872 651 συνήγαγεν
902 561 1048 654 άνομίαν

47 666 190 757 ιέαυτῷ.
239 661 451 751 ἐξεπορεύετο
476 667 556 752 ἔξω,
588 667 644 734 καί
668 662 777 734 ἐλάλει
807 666 861 735 ἐπί
886 662 922 735 τῦ
953 663 1044 737 αύτό.
1118 755 1119 758 ¹

73 769 104 835 2.
132 761 205 835 κατ’
222 767 308 853 ,ἐμοῦ
326 762 520 856 έψιθύριζον
538 763 659 849 πάντες
677 772 712 837 οί
727 769 846 856 ἐχθροί
860 795 941 857 μου,
970 765 1044 838 κατ’

74 869 155 956 ἐμοῦ
180 870 366 954 ἐλογίζοντο
389 864 475 937 κακά
498 895 562 956 μοι.
608 864 709 957 λόγου
732 866 926 959 παράνομον
950 873 1046 939 κατέ-

73 979 175 1039 θεντο
199 966 270 1037 κατ’
300 971 396 1056 ἐμοῦ,
420 966 465 1057 μή
489 966 507 1039 ὁ
532 967 737 1059 κοιμώμενος
760 969 836 1061 ούχί
859 969 1046 1062 προσθήσει

72 1075 133 1140 τοῦ
150 1065 351 1158 άναστήυαι;
370 1072 425 1139 καί
440 1068 503 1158 γάρ
518 1065 536 1140 ὁ
551 1067 731 1159 ῦυθρειπος
745 1077 802 1158 τής
821 1071 955 1163 εἰρήνης
968 1102 1045 1164 μου,

34 1205 60 1246 ιο
74 1166 129 1259 ἐφ’
149 1167 189 1241 ῦν
206 1168 341 1258 ήλπισα,
359 1166 377 1240 ῦ
397 1174 524 1241 ἐσθίων
540 1167 660 1258 ἄρτους
674 1200 751 1261 μου,
772 1172 976 1261 ἐμεγάλυνεν
990 1173 1041 1245 ἐπ’

73 1272 128 1361 ἐμὲ
146 1271 357 1363 πτερνισμύν.
400 1270 443 1340 σύ
462 1272 512 1358 δέ,
530 1269 641 1362 κύριε,
661 1270 797 1365 ἐλέησόν
814 1302 872 1361 με,
891 1279 947 1344 καί
965 1273 1045 1346 άυά-

71 1371 196 1460 στησόν
213 1401 265 1461 με,
284 1376 339 1443 καὶ
358 1370 586 1443 άνταποδύσώ
604 1371 727 1454 αῦτοῑς.
757 1373 917 1466 ἐντούτῳ
937 1383 1044 1462 έγυωυ

69 1469 121 1544 ὅτι
138 1472 321 1562 τεθέληκύς
343 1501 401 1562 με,
428 1469 479 1542 ὅτι
502 1469 544 1543 ού
567 1472 613 1562 μή
633 1476 772 1565 έπιχαρή
795 1472 812 1543 ὁ
838 1474 956 1565 ἐχθρός
977 1497 1115 1564 μουίλόθ

72 1570 125 1644 ἐπ’
146 1577 226 1661 ἐμοί.
265 1575 345 1663 ἐμοῦ
364 1575 401 1643 δέ
425 1571 481 1643 διά
504 1573 566 1661 τήν
588 1570 733 1645 άκακίαν
755 1572 962 1665 άντελάβου,
987 1581 1043 1648 καί

32 1707 57 1748 ιε
71 1671 278 1760 ἐβεβαίωσύς
295 1703 337 1764 με
356 1671 500 1746 ἐνώπιόν
517 1696 579 1745 σου
598 1683 646 1757 εἰς
662 1673 721 1745 τῦν
739 1672 875 1747 αἰῦνα.”

145 1779 174 1844 3.
206 1770 341 1866 Ἐπειίή
371 1805 459 1858 τινες
487 1774 714 1866 ὑπειλήφασιν
742 1775 804 1866 τήν
829 1786 949 1867 βίβλον
974 1783 1043 1851 τοῦυ

75 1881 225 1966 Ψαλμῶν
242 1876 369 1968 ῦμνους
387 1876 492 1969 μόνον
511 1886 558 1962 εἰς
571 1876 655 1951 θεὸν
672 1881 728 1950 καί
743 1874 832 1974 ᾠδάς
845 1880 1043 1969 θεολογικάς

69 1980 255 2069 περιέχειν,
282 1977 323 2050 ού
346 1979 415 2072 μήν
437 1983 493 2051 καί
519 1980 726 2072 προγνιύσεις
749 1977 831 2053 οῦδὲ
852 1980 1043 2072 μελλόντων

68 2088 290 2170 προφητείας,
320 2088 418 2153 τοῦτο
441 2087 576 2172 πρῶτον
607 2088 840 2175 ἐπιτηρητέου,
872 2083 915 2168 ῦς
939 2095 1044 2176 μυρία

29 2213 56 2253 ιο
68 2188 261 2267 θεσπίζεται
280 2181 325 2251 δι’
347 2179 475 2272 αύτοῦν,
502 2180 524 2251 ῦί
542 2187 597 2253 καί
622 2184 751 2272 μακρῦν
769 2183 877 2275 ῦυείη
896 2210 1043 2276 συναγα-

68 2298 142 2370 γεῖν
179 2285 233 2354 ἐπὶ
263 2291 323 2353 τοῦ
355 2281 537 2371 παρόντος,
572 2281 671 2371 άρκεί
701 2285 739 2354 δέ
769 2284 959 2373 χρήσασθαι
995 2295 1042 2368 εἰς

66 2391 256 2475 μαρτυρίαν
273 2389 332 2455 τοῦ
350 2381 451 2472 λύγου
478 2380 540 2454 δύο
571 2393 722 2473 Ψαλμοῖς
748 2388 1041 2475 έπιγεγραμμένοις

66 2485 129 2574 μὲν
145 2489 207 2554 τοῦ
226 2483 350 2576 Ἀσάφ,
379 2487 564 2573 εἰρημένοις
592 2486 629 2556 δὲ
647 2484 729 2555 κατὰ
747 2482 824 2566 τοῦς
847 2489 908 2555 τοῦ
926 2491 1041 2574 Δαβίδ

65 2585 215 2675 χρόνους.
254 2592 285 2656 4.
314 2583 350 2658 τῦ
374 2589 557 2676 τηνικαῦτα
580 2586 645 2677 γάρ
670 2583 717 2669 εἰς
739 2591 807 2658 τῶν
832 2592 1072 2676 ἰεροψαλτιῦυι

26 2684 204 2777 &Aedem
222 2687 409 2780 τυγχάνων,
429 2687 474 2770 ῦς
493 2693 529 2761 ἐν
545 2695 587 2781 τῇ
605 2697 713 2784 βίβλῳ
731 2692 866 2781 φέρεται
883 2695 952 2761 τῶν
969 2702 1040 2766 Πα·
1149 2719 1151 2723 ’

66 2793 334 2880 ραλειπομέυων,
365 2789 442 2872 τοῦς
474 2795 779 2882 ἐπιγεγραμμένους
810 2791 916 2865 αὐτοῦ
947 2803 1042 2865 Ψαλ-

64 2890 149 2979 μούς
175 2899 261 2987 θείῳ
291 2891 456 2981 πνεύματι
484 2892 735 2984 προσεφύνηοε.
783 2898 814 2963 5.
846 2903 883 2965 τί
909 2894 951 2984 δή
979 2886 1041 2966 οῦν

65 2993 279 3082 περιέχουσιν
301 3000 337 3065 οἰ
360 3001 510 3081 Ψαλμοίς
539 2992 740 3086 προρρήσεις
764 2999 822 3082 τής
848 3005 1041 3086 πολιορκίας

64 3097 122 3181 τής
150 3099 323 3184 βασιλικής
354 3093 480 3176 πόλεως
509 3099 569 3165 τοῦ
595 3091 769 3167 Ἰουδαίων
796 3105 936 3182 ἔθνους,
968 3093 1039 3182 ήτις

24 3226 51 3266 εο
64 3195 205 3283 γέγονεν
224 3195 323 3286 ἐγγύς
341 3224 407 3268 που
426 3205 655 3277 πεντακοσίοις
667 3203 753 3268 ἔτεσι
767 3195 849 3286 μετά
861 3199 924 3284 τήν
937 3194 1040 3286 πρύρ·

64 3321 172 3387 ρηοιν.
214 3303 242 3367 6.
271 3301 359 3386 λέγει
387 3293 419 3368 ‹5'
447 3287 510 3368 οῦν
532 3296 550 3368 ὁ
569 3298 812 3388 ἑβδομηκοστὸς
825 3303 945 3389 Ιτρίτος
964 3301 1035 3369 ἐπι-

135 3446 169 3496 25
190 3446 288 3499 11³ar.
309 3448 349 3511 16,
368 3449 393 3496 4.
