2326 3818
304 138 488 190 οειιοαευ.
507 139 639 192 EVANG.
660 141 767 191 νιει.
785 143 826 190 ει.
979 138 1043 202 413

74 282 127 368 γὶς
146 278 185 347 τά
203 274 332 366 ἀρματα
350 273 490 347 αὐτοῦ.”
527 281 582 346 καὶ
601 280 673 366 ἑξῆς
689 273 783 347 “εἷπε
801 277 931 366 κύριος,
952 278 1042 366 κάγῶ

74 378 113 448 τά
125 388 205 468 ἔργα
216 377 326 447 αὐτῶν
337 381 391 446 καὶ
405 377 462 447 τόν
476 376 635 466 λογισμόν
649 375 776 448 αὐτῶν
794 387 927 467 ἔρχομαι
942 401 1043 450 συνα-

75 497 193 568 γαγεῖν
210 479 318 549 πάντα
336 479 375 548 τά
396 486 480 566 ἔθνη
500 483 555 548 καὶ
573 478 630 560 τάς
648 479 821 567 γλώσσας,
841 484 897 549 καὶ
915 480 1042 568 ἥξουσι,

75 585 130 651 καὶ
148 579 288 663 όψονται
307 579 368 668 τὴν
395 578 495 662 δόξαν
518 610 600 669 μου,
627 585 682 650 καὶ
700 590 889 663 καταλείψω
909 581 960 650 ἐπ’
983 583 1043 650 αά-

48 687 144 752 ετῶν
162 698 316 770 σημεῖον,
335 686 390 751 καλ
411 685 614 764 ἐξαποστελῶ
634 687 666 765 ἐξ
685 680 797 753 αὐτῶν
812 687 1043 770 σεσωσμένους

76 793 124 866 είς
150 782 190 853 τά
214 791 316 871 ἔθνη,
346 791 394 864 είς
420 787 562 873 Θαρσεὶς
586 787 642 853 καὶ
667 783 762 854 Φούδ
788 788 843 853 καὶ
868 783 963 854 Λοδδ
987 789 1111 861 καλμοιι

75 884 194 974 Μοσὸχ
212 887 267 954 καὶ
283 886 389 973 Θοβὲλ
404 887 459 953 καὶ
479 891 525 965 είς
542 884 604 973 τὴν
618 881 758 955 Ἐλλάδα
773 889 828 955 καὶ
844 894 890 966 είς
908 884 965 968 τὰς
983 884 1044 974 νή-

75 1011 156 1066 σους
174 986 231 1067 κάς
250 985 374 1076 πόρρω,
394 995 427 1055 οἳ
444 983 506 1056 οὐκ
523 984 673 1075 ἦκονσάν
691 1016 755 1075 μου
772 986 809 1056 τό
826 985 943 1075 όνομα,
962 986 1039 1056 οὐδ’

76 1087 245 1176 ἑωράκασί
270 1117 335 1175 μου
359 1088 421 1174 τὴν
446 1086 563 1174 δόξαν,
589 1091 644 1156 καὶ
668 1086 894 1174 ἀναγγελοῦσί
916 1119 981 1177 μου
1004 1088 1043 1157 τά

38 1215 63 1254 ω
78 1199 157 1276 ἔργα
177 1193 300 1268 ἐντοῖς
320 1184 488 1257 έθνεσιν.”

152 1295 181 1358 2.
197 1285 390 1379 τεἈντικρυς
409 1291 463 1356 καὶ
483 1292 519 1358 έν
536 1288 664 1369 τούτοις
682 1284 777 1377 ἡτοῦ
791 1298 911 1379 κυρίου
927 1297 973 1370 είς
984 1290 1044 1359 ἀν-

76 1389 236 1480 θρώπους
255 1397 422 1479 παρουσία
442 1395 608 1478 δηλοῦται.
645 1393 702 1458 καὶ
721 1389 901 1478 ἐπειδήπερ
917 1403 1044 1479 είρηται

76 1489 120 1571 ῶς
145 1495 213 1577 πῶρ
236 1489 347 1578 ἥξειν,
374 1489 508 1572 είκότως
531 1493 637 1579 φησὶν
660 1490 677 1560 ὁ
702 1491 812 1579 σωτὴρ
839 1489 934 1579 ἡμῶν
952 1487 1044 1578 ’πῦρ

76 1584 184 1680 ἦλθον
202 1599 320 1679 βαλεῖν
339 1594 391 1661 ἐπὶ
410 1590 472 1679 τὴν
489 1594 571 1679 γῆν,
596 1596 652 1661 καὶ
669 1601 701 1661 τί
718 1595 809 1662 θέλω
835 1601 866 1662 εἰ
882 1591 947 1681 ἤδη
966 1591 1045 1683 ἀνή-

38 1718 63 1759 ιι
77 1691 188 1781 φθιγ;”
231 1692 360 1780 ἅρματα
387 1695 422 1762 δὲ
448 1691 555 1763 αὐτου
579 1692 636 1774 τάς
665 1693 918 1784 δορυφοροόσας
943 1691 1072 1764 αάτόνι

76 1803 175 1874 θείας
207 1795 365 1884 δυνάμεις
396 1798 452 1863 καὶ
481 1794 558 1875 τοὺς
599 1798 923 1883 ἐξυπηρετουμένους
954 1792 1047 1888 αάτςό

79 1896 188 1985 ίεροδς
202 1894 363 1985 ἀγγέλους
378 1907 482 1977 είποις
497 1893 634 1984 ἀν,περὶ
649 1887 697 1967 ῶν
711 1907 839 1985 εἴρηται
852 1896 930 1965 “nal
944 1920 1044 1982 προσ·

75 2005 184 2083 ἦλθον
202 1996 336 2085 ἀγγελοι
356 2001 411 2067 καὶ
432 1996 612 2085 διηκόνουν
626 1995 753 2090 αὐτῶ,”
773 2002 828 2068 καὶ
844 1997 918 2079 τους
936 1997 1045 2086 ίεροός

78 2095 282 2177 ἀποστόλους
301 2095 404 2167 αὐτοῦ
422 2103 478 2167 καὶ
496 2099 667 2186 μαθητάς,
686 2095 735 2179 οἷς
754 2099 974 2189 ἐποχούμενος
994 2105 1044 2170 ε’ν-

39 2227 64 2265 ιο
78 2200 148 2290 θέω
168 2202 222 2267 καὶ
241 2197 371 2290 ἀοράτῳ
392 2194 559 2287 δυνάμειὸ
574 2203 634 2267 τοῦ
651 2206 735 2269 θεοῦ
750 2200 845 2287 λόγος
859 2201 921 2288 τὴν
934 2207 1045 2270 πάσαν

79 2304 257 2388 διέδραμεν
281 2303 490 2387 οἰκουμένην.
533 2305 562 2367 3.
583 2303 710 2386 λέγοιτο
737 2297 769 2368 δ’
796 2298 838 2370 ἀν
865 2305 920 2370 καὶ
939 2300 1045 2382 άλλως

78 2399 160 2482 πρὸς
186 2401 275 2480 λέξιν
297 2404 365 2484 πῦρ
389 2402 444 2468 καὶ
469 2398 597 2488 ἀρματα
616 2403 899 2487 καταγγέλλεσθαι
923 2403 987 2470 σὺν
1005 2408 1045 2490 τῇ

17 2526 21 2533 ·
79 2500 183 2569 αὐτοῦ
207 2509 374 2591 παρουσίᾳ
403 2500 458 2569 διὰ
483 2499 546 2589 τὴν
571 2505 826 2586 καταλαβοῦσαν
850 2510 1046 2589 πολιορκίαν

78 2600 139 2689 τὴν
152 2597 368 2690 Ἰερουσαλὴμ
385 2600 466 2689 μετά
484 2603 546 2690 τὴν
563 2605 625 2671 τοῶ
642 2606 788 2691 σωτῆρος
806 2600 901 2689 ἡμῶν
919 2600 1044 2691 ἀφιξιν,

41 2732 66 2771 25
79 2700 159 2792 μεθ’
187 2699 229 2790 ἢν
252 2700 314 2773 οάκ
338 2711 385 2784 είς
408 2704 541 2793 μακράν
559 2703 576 2773 ὁ
595 2706 657 2792 μὲν
680 2703 764 2784 νεῶς
783 2700 880 2783 αὐτὸς
899 2708 1046 2793 ἐπυρπο-
1065 2746 1075 2772 c

80 2813 168 2872 λεῑτο
186 2806 240 2872 καί
258 2803 320 2892 τὴν
338 2806 480 2894 ἐσχάτην
496 2804 677 2893 ὑπέμεινεν
687 2810 843 2901 Ιέρημίαν,
862 2801 881 2893 ἡ
899 2807 935 2874 δέ
953 2805 1047 2888 πόλις

81 2902 257 2990 ε’κνκλῶθη
274 2901 340 2975 ὑπὸ
357 2900 513 2993 ἀμμάτων
527 2909 583 2974 καὶ
596 2911 829 2992 στρατοπέδων
847 2912 1046 2994 πολεμικῶν,

80 3001 160 3094 μεθ’
180 3001 201 3072 ἀ
219 3008 274 3073 καὶ
292 3005 332 3073 τά
357 3009 433 3093 περὶ
457 3012 526 3075 τῶν
552 3011 665 3076 ἐθνῶν
690 3004 846 3076 ἁπάντων
864 3019 1046 3096 προηγγελ-

79 3111 164 3196 μένα
182 3104 371 3195 συμφώνως
390 3114 430 3196 τῇ
448 3116 634 3199 προφητείᾳ
651 3109 766 3188 τέλους
785 3116 908 3195 έτνχευ.
947 3114 976 3177 4,
998 3116 1047 3187 τίς

42 3236 68 3276 ω
83 3207 115 3278 δ’
141 3207 203 3277 οὐκ
227 3205 269 3277 ἀν
292 3207 501 3297 θαυμάσειεν
524 3205 659 3278 ἀκούων
683 3216 742 3279 τοῦ
765 3219 885 3296 κυρίου
911 3207 965 3277 διά
988 3216 1047 3279 τοῦ

151 3445 182 3492 13
200 3443 268 3491 Luc.
283 3445 322 3504 12,
335 3444 376 3491 49.
483 3445 513 3492 17
532 3443 632 3493 Matth.
646 3445 670 3500 4,
686 3445 724 3491 11.
