2326 3818
135 116 199 180 530
449 70 455 81 ¹
543 116 693 168 Ευεεοιι

133 253 240 344 Ἰησοῦ
264 261 322 325 τοῦ
335 256 502 344 Ἰωσεδὲκ,
526 253 604 344 μεθ’
632 251 671 324 όν
696 259 882 344 διαδέχεται
905 255 967 344 τὴν
990 253 1106 348 άρχιε-

137 354 293 446 ροισάνην
307 352 535 444 Ἐλιασοῦβος,
554 364 667 427 ἔπειτα
680 353 811 445 Ἰωδαὲ,
835 353 915 446 μεθ’
936 354 975 427 3v
989 356 1106 430 Ἰαυά-

136 469 218 546 θης,
242 456 319 547 μεθ’
346 456 386 528 όν
407 455 564 539 Ἰαδδοῦς.
606 463 657 527 66.
677 455 805 528 τούτων
827 460 988 548 μέμνηται
1008 461 1104 550 καὶὴ

109 591 122 629 ι
129 557 230 648 ”Εσρα
248 588 361 659 γραφη
350 557 549 649 λέγουσα“
554 562 610 628 καὶ
623 557 782 646 Ἰησούςέ
783 558 971 648 γέννησε
938 590 996 630 του
1010 559 1104 632 Ἰωα-

136 665 226 751 κεὶμ,
255 664 310 731 καὶ
327 646 474 750 Ἰωακεὶμ
494 658 707 749 ἐγέννησε
674 689 733 730 τον
746 659 904 749 Ἐλιασλβ,
923 666 979 730 καὶ
994 659 1101 734 Ἐ-λια
1116 695 1129 736 ε

136 766 236 852 σλβέ
236 766 377 851 γέννησε
402 762 461 831 τόν
484 757 612 847 Ἰωδαὲ,
640 765 696 831 καὶ
719 757 831 832 Ἰωδαε
859 764 1080 851 ἐγέννησε
1046 794 1105 836 τον

130 862 312 949 Ἰωνάθαν,
336 865 391 932 καλ
412 859 574 932 Ἰωνάθαν
593 815 760 951 έγέννησε
775 862 833 933 τὸν
846 861 1013 935 ’”Ιαδδοῦ.
1050 873 1102 938 67.

135 963 217 1034 κατά
235 968 353 1033 τοῦτον
366 962 424 1033 τὸν
433 962 565 1033 Ἰαδδοῦ
577 958 774 1034 όΜακεδών
782 963 997 1055 Ἀλέξανδρος
1011 965 1102 1038 Ἀλε-

135 1063 312 1154 ξάνδρειαυ
329 1072 445 1151 κτίζει,
465 1060 508 1147 τός
523 1062 677 1154 Ἰώσηπος
696 1070 830 1156 ίστορελ,
848 1063 1049 1156 άφικόμενός
1067 1099 1104 1140 τε

136 1173 183 1246 είς
205 1164 470 1256 τάἹεροσόλνμα
492 1171 538 1259 τῷ
562 1171 632 1260 θεῷ
656 1184 847 1257 προσκυνεῖ.
894 1174 944 1238 68.
963 1175 1104 1262 τελευτᾷ
1116 1202 1139 1244 ιο

136 1269 173 1338 δέ
190 1266 248 1338 τὸν
267 1275 343 1355 βίον
358 1264 572 1357 Ἀλέξανδρος
600 1272 636 1338 ἐν
662 1266 748 1358 άρχῇ
774 1274 831 1356 τῆς
850 1272 1028 1359 ἑκατοστῆς
1047 1276 1105 1343 καὶ

134 1369 493 1460 τεσσαρεσκαιδεκάτης
507 1368 745 1458 Ὀλυμπιάδος,
768 1369 849 1460 μετά
873 1378 929 1460 έτη
949 1371 1104 1444 διακόσια

134 1470 309 1560 τριάκοντα
329 1476 362 1555 ἓξ
381 1470 498 1562 Κόρου
505 1524 515 1559 ,
533 1467 569 1552 ὃς
589 1474 784 1558 ἐβασίλευσε
801 1478 945 1561 Περσῶν
964 1473 1047 1544 κατά
1065 1475 1103 1546 τό

110 1615 121 1642 ε
134 1577 268 1662 πρῶτον
278 1577 568 1662 ἔτοςτῆςπέμπτης
577 1576 633 1643 καὶ
644 1570 1102 1663 πεντηκοστηςΌλυμπιάδος.

134 1681 183 1744 69.
203 1675 284 1763 μετά
298 1675 334 1744 δὲ
348 1674 409 1763 τὴν
422 1671 580 1762 τελευτὴν
589 1672 809 1763 Ἀλεξάνδρου
828 1679 887 1745 τοῦ
901 1677 1103 1760 Μακεδόνος
1117 1709 1142 1750 ιε

134 1780 189 1844 καὶ
207 1773 288 1864 μετά
304 1775 364 1846 τόν
384 1779 579 1865 δηλωθέντα
592 1773 746 1866 ἀρχιερέα
765 1775 876 1857 ’Θυίας
893 1775 1023 1865 ἡγεῖται
1041 1789 1103 1849 τοῦ

135 1884 275 1965 ἔθνους,
299 1882 357 1965 της
384 1881 452 1947 τοέυ
474 1872 656 1965 άρχιερέων
674 1880 729 1946 καὶ
749 1874 846 1956 αὐτὸς
865 1881 1104 1970 ἐπειλημμένος

132 1998 242 2067 τιμης
271 1974 352 2047 καθ’
371 1973 411 2046 όν
425 1981 590 2056 Σέλευκος
608 1981 795 2065 Βαβυλωνα
809 1979 974 2069 κρατήσας
988 1981 1025 2050 τὸ
1043 2010 1104 2103 της

131 2075 242 2157 Ἀσίας
261 2086 467 2165 περιτίθεται
487 2076 649 2168 διάδημα,
669 2087 733 2150 ἔτει
748 2079 925 2174 δωδεκάτῳ
940 2081 1023 2170 μετά
1039 2081 1104 2171 τὴν

129 2177 349 2304 Ἀλεξάνδρου
367 2173 536 2270 τελευτηυ,
556 2178 636 2251 καθ’
657 2177 697 2251 δυ
710 2181 888 2270 συνάγεται
907 2179 924 2251 3
943 2189 1006 2263 πᾶς
1024 2184 1101 2274 χρό-
1116 2215 1142 2258 ιο

33 2367 36 2374 Ι
134 2311 191 2364 νος
209 2279 226 2351 3
245 2280 435 2372 άπόΚύρου
455 2289 538 2364 είς”
519 2311 576 2370 ετη
590 2281 742 2353 διακόσια
754 2286 1102 2373 τεσσαρακονταοκτά.

135 2390 182 2453 70.
205 2383 417 2454 ἐντεῦθεν
383 2413 445 2473 την
458 2379 625 2473 Ελλήνων
642 2380 853 2472 βασιλείαν
834 2414 855 2472 η
873 2393 941 2455 τῶν
959 2395 1103 2457 Μακκα-

133 2493 240 2573 βαίων
264 2484 377 2576 γραφη
401 2499 682 2577 καταριθμεῖσθαι
700 2483 843 2576 άρχεται.
887 2484 969 2575 μετά
987 2488 1024 2556 δὲ
1042 2486 1102 2560 τόν

66 2612 117 2665 [ειη
130 2583 243 2657 Ὀνίαν
265 2583 395 2674 ἡγεῖται
418 2590 486 2656 τῶν
506 2584 678 2657 Ἰουδαίων
702 2585 875 2676 άρχιερεός
896 2585 1100 2679 Ἐλεάζαρος,
1133 2592 1138 2596 ’

105 2685 212 2757 οκαθ’
240 2683 280 2758 ὃν
312 2692 347 2756 οί
376 2685 604 2776 ἑβδομήκοντα
629 2687 686 2768 τάς
712 2696 809 2769 θείας
836 2687 1142 2777 ἑρμηνεύσαντεςιι

133 2785 262 2875 γραφάς
280 2805 352 2867 ταῖς
371 2787 453 2857 κατά
467 2784 719 2880 Ἀλεξάνδρειαν
733 2788 966 2878 βιβλιοθήκαις
980 2788 1102 2862 άνατε-

42 2921 44 2927 ’
132 2894 274 2957 θείκασι.
322 2893 369 2958 71
389 2888 465 2978 μεθ
495 2886 535 2960 όν
561 2895 670 2979 ε’τερος
692 2888 861 2979 Ὀνίας,
843 2887 883 2960 όν
911 2894 1101 2981 διαδέχεται

132 2995 268 3077 Σίμων,
293 2987 373 3060 καθ
398 2987 438 3061 δυ
453 2988 616 3079 Ἰησοῦς
601 3023 619 3063 ο
638 2997 696 3063 τοῦ
714 2993 822 3082 Σιράχ
847 2993 1099 3082 έχυωρίζετο,ὁ

132 3120 193 3180 τηυ
198 3094 421 3219 καλουμένην
445 3091 632 3183 πανάρετον
650 3101 784 3181 Σοφίαν
795 3093 977 3178 συντάξας.
1015 3094 1095 3183 μεθ’

131 3189 170 3260 3v
186 3196 293 3281 ε’τερος
306 3189 480 3284 ὁμώνυμος
494 3212 562 3277 τοις
575 3193 727 3284 πρόσθεν
738 3192 845 3276 ’Θυίας
859 3194 998 3286 ηγεῖται,
1014 3195 1093 3266 καθ’
1112 3229 1140 3272 εο

132 3339 335 3352 ἣ-

199 3426 215 3472 4
233 3425 326 3476 Neem.
342 3430 380 3490 12,
397 3431 436 3480 10.
541 3431 557 3480 9
575 3428 683 3493 Ioseph.
697 3428 730 3480 A.
742 3429 768 3482 J.
784 3429 830 3482 XI.
845 3431 870 3493 8,
883 3431 906 3478 εἰ.
922 3454 927 3464 ·
