2326 3818
127 114 190 178 130
533 115 682 168 EUSEBH

380 286 448 376 νβ’.
480 285 561 359 Ἀπδ
578 292 639 359 τοῦ
656 294 838 376 Σοφονίου.

100 454 115 491 «ι
207 429 276 494 157.
291 417 382 494 ’Ὅτι
399 421 472 493 τότε
488 425 702 514 μεταστρέψαι
727 422 782 493 ἐπὶ
809 420 909 503 λαοὺς
927 423 1100 517 γλῶσσαν,

130 531 178 607 εἰς
195 521 299 616 ὄνομα
312 531 444 617 κυρίου,
462 531 521 595 τοῦ
532 520 706 595 δουλεύειν
719 520 811 618 αὐτῷ
827 518 893 593 ὖπδ
907 520 1006 611 ξυνὸν
1025 526 1097 597 ἕνα.
1133 595 1139 603 ,

128 629 164 697 ἐκ
190 625 342 720 περάτων
373 633 531 714 ποταμῶν
557 629 737 707 Αἰθιοπίας
768 628 990 715 προοδίξομαι
1020 626 1099 710 τούς

129 725 337 809 ίκετεάοντάς
354 755 405 817 με.
442 729 510 798 υίοὶ
528 729 595 797 τῶν
613 730 866 817 διεσπαρμένων
884 735 1014 798 οἴσουσι
1033 737 1127 799 &v-⁵

128 839 202 913 σίας
220 860 284 920 μοι.
332 834 369 900 ἐν
393 831 434 918 τῇ
457 826 563 921 ἡμέρᾳ
589 831 699 920 ἐκείνη
718 825 758 898 οὐ
783 827 828 918 μὴ
847 828 1102 919 καταισχυνθῇς

129 938 165 1004 ἐκ
184 929 320 1003 πάντων
337 933 406 1001 τῶν
420 928 690 1019 ἐπιτηδευμάτων
704 955 778 1019 σον,
798 920 846 1000 ῶν
863 926 1030 1018 ἠσέβησας
1050 937 1100 1014 τίς

130 1033 205 1123 ἐμὲ,
229 1030 279 1102 ὅτι
302 1030 377 1102 τότε
399 1035 542 1121 περιελῶ
566 1028 632 1102 άπδ
657 1035 719 1103 σοῦ
743 1028 783 1101 τά
805 1039 1020 1121 φαυλίσματα
1039 1033 1100 1119 τῆς

128 1130 259 1224 ὕβρεῶς
277 1157 352 1224 σου,
370 1135 425 1203 καὶ
444 1128 505 1204 οὐκ
524 1140 571 1204 ἔτι
589 1129 630 1204 οὐ
647 1130 694 1223 μή
712 1136 900 1226 προστεθῄς
917 1139 977 1203 τοῦ
993 1161 1100 1222 μεγα-

130 1239 292 1326 λαυχήσαι
312 1237 366 1306 ἐπὶ
383 1234 420 1306 τὸ
438 1231 514 1325 ὅρος
532 1231 569 1305 ιδ
587 1230 684 1324 ἅγιόν
702 1264 785 1324 μου,
804 1237 859 1305 καὶ
873 1232 1100 1323 ὑπολείψομαι
1113 1246 1139 1289 ¹⁰

130 1343 167 1409 ἐν
185 1341 237 1409 σοὶ
261 1335 343 1409 λαδν
366 1341 474 1428 πρᾶον
491 1338 547 1407 καὶ
565 1331 732 1409 ταπεινόν.
776 1340 846 1406 158.
871 1338 927 1407 καὶ
953 1333 1101 1425 εὐλαβη-

128 1439 294 1529 θήσονται
324 1444 361 1510 ἐν
386 1444 432 1533 τῷ
454 1436 591 1528 ὀνόματι
614 1446 734 1531 κυρίου
765 1441 800 1508 οί
820 1439 1013 1508 κατάλοιποι
1037 1443 1101 1525 τοῦ

125 1538 275 1631 Ἰσραήλ,
300 1543 356 1611 καὶ
381 1539 421 1611 οὐ
448 1538 648 1629 ποιήσουσιν
670 1535 823 1628 άδικίαν,
847 1542 903 1610 καὶ
929 1536 969 1609 οὐ
994 1536 1101 1627 λαλή-

130 1666 227 1714 σουσι
245 1640 377 1733 μάταια.
419 1644 474 1711 καὶ
492 1639 533 1711 οὐ
558 1639 603 1731 μὴ
623 1635 749 1734 εὑρεθῇ
776 1644 812 1711 ἐν
830 1639 966 1731 στόματι
984 1637 1100 1711 αὐτῶν

130 1749 264 1834 γλῶσσα
291 1749 404 1833 δολία,
434 1740 518 1813 διότι
548 1741 642 1814 αὐτοὶ
672 1739 872 1832 νεμήσονται
899 1743 954 1812 καὶ
985 1752 1140 1812 κοιτα-ῑῡ

130 1845 331 1937 σδήσονται,
349 1846 406 1915 καὶ
423 1842 487 1915 οὐκ
505 1850 596 1915 ἔσται
613 1841 631 1915 δ
651 1845 806 1933 ἐκφοβῶν
823 1837 978 1926 αὖτοάς.”

76 1981 116 2031 (εει
209 1954 279 2018 159.
305 1948 373 2019 Καὶ
399 1948 436 2016 ἐν
459 1943 587 2028 τούτοις
610 1943 854 2028 ὑπολείυεσδαι
884 1947 992 2039 ἑαυτῷ
1015 1942 1102 2017 λαδν

130 2047 242 2138 πραῢν
260 2051 316 2119 καὶ
332 2044 491 2119 ταπεινδν
508 2044 525 2116 ὁ
544 2044 657 2138 κύριος
676 2043 890 2136 ἐπήγγελται,
914 2043 977 2116 οάκ
995 2041 1102 2119 άλλον

132 2155 243 2240 δηλῶν
261 2145 282 2240 ἢ
299 2147 358 2220 τδν
373 2152 409 2219 ἐκ
418 2142 598 2239 Ιπεριτομῆς·
617 2155 664 2232 είς
677 2147 735 2219 τὸν
753 2147 898 2238 Χριστὸν
916 2143 1020 2218 αὐτοῦ
1038 2173 1102 2220 πε-

131 2249 339 2323 πιστευκότα.
376 2253 432 2322 καὶ
448 2249 549 2322 πάλιν
562 2250 640 2333 τοὺς
654 2259 875 2333 καταλοίπους
892 2253 951 2321 τοῦ
965 2247 993 2320 Ἰ
992 2245 1102 2340 σραήλ
1114 2260 1143 2303 ¹⁰

130 2353 253 2445 μόνους
272 2351 582 2444 σωθήσεσθαιμετά
598 2357 656 2442 τῆς
666 2357 735 2423 τῶν
744 2357 871 2423 λοιπῶν
886 2356 999 2423 ἐθνῶν
1018 2349 1103 2441 κλή-

130 2480 230 2547 σεως,
250 2452 291 2547 ἣν
311 2460 346 2527 ἐν
364 2472 433 2539 τοῖς
449 2454 592 2546 πράτοις
610 2458 668 2544 τῆς
686 2460 890 2545 προφητείας
908 2450 1100 2543 ἐσήμαινεν.

387 2656 453 2747 ον’.
488 2653 566 2727 Ἀπδ
588 2659 649 2727 τοῦ
665 2663 843 2749 Ζαχαρίου.

210 2799 279 2863 160.
295 2791 407 2864 “Ἰδοά
432 2791 537 2882 ἡμέρα
564 2799 692 2883 ἔρχεται
716 2796 753 2862 ἐν
777 2794 849 2882 σοὶ,
873 2795 929 2863 καὶ
948 2799 1102 2884 διαμερι-

133 2893 294 2982 σθήσεται
310 2893 354 2965 τά
370 2893 477 2965 σκῦλά
495 2915 558 2965 σου
576 2898 613 2965 ἐν
627 2901 689 2964 σοί.
715 2895 771 2965 καὶ
785 2894 972 2978 ἐπισυνάξει
990 2891 1102 2965 πάντα
1113 2916 1143 2960 ισ

132 2993 173 3065 τά
191 3004 276 3084 ἔθνη
295 2999 348 3066 ἐπὶ
362 2995 577 3087 Ἰερουσαλὴμ
602 3001 649 3077 εἰς
667 2993 829 3085 πόλεμον,
854 2997 910 3066 καὶ
934 2991 1103 3066 άλῶσεται

62 3181 68 3192 ι
104 3129 117 3167 ε
134 3093 154 3186 ἡ
171 3095 285 3186 πόλις,
303 3100 358 3168 καὶ
378 3096 663 3188 διαρπαγήσονται
680 3104 782 3167 οίκίαι
789 3105 807 3187 ,’
817 3099 874 3167 καὶ
892 3103 931 3168 αί
940 3113 1102 3185 γυναῖκες

134 3199 417 3288 μολυνθήσονται,
436 3200 493 3269 καὶ
513 3196 717 3282 ἐξελεύσεται
730 3197 766 3269 τὸ
779 3195 884 3288 ήμισυ
896 3205 955 3287 τῆς
972 3197 1103 3279 πόλεως

202 3432 396 3498 ἳὼῲὣβ.
503 3433 731 3496 MmemL
