2326 3818
101 112 163 176 130
506 116 657 167 EUSEBII

352 285 421 376 νβ’.
453 284 534 359 Ἀπδ
550 292 611 359 τοῦ
628 294 811 378 Σοφονίου.

72 453 88 489 «ι
180 428 248 493 157.
263 417 354 494 “’οτι
371 420 445 493 τότε
460 425 674 515 μεταστρέψαι
699 423 754 495 ἐπὶ
781 420 881 505 λαοὺς
899 424 1074 519 γλῶσσαν,

102 529 149 606 είς
167 520 272 616 όνομα
285 531 416 615 κυρίου,
434 530 493 595 τοῦ
504 521 679 595 δουλεύειν
691 521 784 619 αὐτῷ
799 518 865 595 ὖπδ
879 521 978 613 ζυγόν
997 528 1070 599 ἕνα.
1106 598 1112 607 ,

101 629 137 696 ἐκ
163 624 315 717 περάτων
345 632 502 715 ποταμῶν
529 631 709 707 Αἰθιοπίας
740 629 962 716 προσδίξομαι
992 628 1072 711 τούς

102 724 309 808 ι’κετεόοντάς
326 755 377 816 με.
414 729 482 797 υίολ
499 729 567 797 τῶν
585 730 838 818 διεσπαρμένων
856 737 987 800 οίσουσι
1004 740 1101 801 Bw*

101 838 174 912 σίας
192 859 256 919 μοι.
304 833 340 899 ἐν
365 830 406 919 τῇ
428 825 534 922 ἡμέρη
560 832 671 920 ἐκείνη
690 826 730 899 οὐ
754 828 800 919 μή
819 829 1074 921 καταισχυνθῇς

101 937 137 1002 ἐκ
156 929 292 1001 πάντων
309 931 377 1000 τῶν
392 928 662 1020 ἐπιτηδευμάτων
676 956 750 1021 σου,
770 920 818 1002 ῶν
835 927 1002 1021 ήσίβησας
1022 938 1072 1014 εἰς

102 1032 176 1120 ἐμὲ,
201 1028 250 1101 ότι
274 1028 348 1100 τότε
372 1035 513 1121 περιελῶ
537 1028 604 1102 αἰπό
629 1035 691 1103 σοῦ
715 1029 754 1102 τοὶ
776 1039 992 1123 φαυλίσματα
1010 1034 1073 1121 τῆς

100 1129 230 1224 ὕβρεῶς
249 1156 323 1223 σου,
342 1134 397 1202 καὶ
415 1128 477 1203 οὐκ
495 1140 543 1204 ἔτι
561 1128 601 1204 οὗ
619 1130 665 1223 μή
684 1137 871 1226 προστιθῇς
889 1139 948 1204 τοῦ
965 1161 1073 1223 μεγα-

101 1237 264 1324 λαυχήσαι
284 1236 338 1305 ἐπὶ
354 1233 391 1305 τὸ
409 1230 485 1326 ὅρος
504 1231 541 1305 τό
559 1230 656 1324 ἅγιόν
673 1264 757 1325 μου,
775 1237 831 1305 καὶ
844 1233 1071 1324 ὑπολείψομαι
1085 1248 1113 1291 1⁰

102 1341 138 1408 ἐν
157 1340 209 1408 σοὶ
232 1334 314 1408 λαόν
337 1340 445 1426 πρᾶον
462 1338 518 1407 καλ
536 1332 704 1409 ταπεινόν.
748 1341 817 1406 158.
843 1339 899 1407 καλ
923 1333 1073 1427 εὐλαβη-

100 1438 265 1529 θήσονται
295 1443 332 1510 ἐν
357 1443 403 1534 τῷ
426 1436 562 1528 ὀνόματι
586 1446 706 1529 κυρίου
736 1441 771 1509 οἱ
792 1439 985 1509 κατάλοιποι
1007 1445 1073 1509 τοῦ

96 1538 246 1632 Ἰσραήλ,
271 1543 327 1611 καὶ
352 1538 392 1610 οὐ
420 1539 619 1629 ποιήσουσιν
641 1535 794 1628 ἇδικίαν,
819 1542 874 1610 καλ
900 1536 940 1610 οὐ
965 1536 1072 1629 λαλή-

101 1666 199 1714 σουσι
217 1640 348 1731 μάταια.
390 1644 445 1711 καὶ
463 1639 504 1711 οὕ
529 1639 574 1731 μή
594 1635 720 1732 εὑρεθῇ
746 1645 784 1712 ἐν
801 1638 937 1731 στόματι
955 1637 1072 1713 αὐτῶν

101 1749 236 1833 γλῶσσα
263 1749 375 1833 δολία,
405 1740 489 1812 διότι
519 1740 612 1813 αὐτοὶ
643 1739 843 1832 νεμήσονται
869 1744 925 1813 καὶ
956 1754 1112 1813 nocta-¹⁵

101 1844 302 1936 σδήσονται,
320 1846 376 1916 καὶ
394 1841 458 1913 οὐκ
476 1850 566 1914 ἔσται
584 1841 601 1913 ὅ
621 1844 776 1933 ἐκφοβῶν
794 1838 949 1926 αότοός.”

55 1979 87 2027 τη
180 1953 250 2015 159.
276 1947 344 2017 Καὶ
370 1947 406 2015 ἐν
429 1942 557 2027 τούτοις
580 1942 825 2028 δπολείψεσδαι
855 1948 962 2038 ἑαυτῷ
986 1943 1074 2019 λαδν

101 2044 213 2136 πραῢν
230 2048 287 2116 καὶ
303 2043 461 2117 ταπεινόν
478 2043 496 2116 ὁ
514 2043 627 2138 κύριος
647 2044 860 2136 ἐπήγγελται,
884 2045 948 2117 οὐκ
966 2043 1073 2119 ἄλλον

102 2152 215 2238 δηλῶν
232 2142 252 2235 ἢ
270 2145 329 2218 τόν
343 2150 379 2217 ἐκ
393 2151 569 2238 περιτομῆς
588 2155 635 2232 είς
647 2146 706 2219 τὸν
724 2148 869 2238 Χριστὸν
887 2144 990 2219 αὐτοῦ
1009 2176 1074 2221 πε-

102 2247 309 2321 πιστευκότα.
347 2251 402 2320 καὶ
418 2247 519 2321 πάλιν
533 2249 610 2331 τοὺς
625 2258 845 2332 καταλοίπους
862 2255 922 2322 τοῦ
936 2247 1073 2341 Ἰσραήλ
1085 2262 1114 2305 ¹⁰

100 2351 224 2443 μόνους
242 2349 461 2441 σωθήσεσθαι
470 2350 552 2443 μετὰ
569 2357 627 2442 τῆς
637 2357 705 2423 τῶν
714 2357 841 2423 λοιπῶν
856 2357 969 2423 ἐθνῶν
988 2350 1073 2442 κλή-

101 2478 200 2546 σεως,
219 2450 262 2547 ἣν
281 2458 317 2526 ἐν
334 2470 403 2536 τοῖς
420 2453 562 2547 πρῶτοις
581 2458 638 2544 τῆς
656 2460 859 2546 προφητείας
879 2450 1071 2544 ἐσήμαινεν.

357 2655 424 2746 νγ’.
458 2651 536 2727 'And
558 2659 618 2726 τοῦ
635 2663 813 2748 Ζαχαρίου.

180 2797 249 2862 160.
265 2789 377 2863 “Ἰδού
401 2789 507 2881 ἡμέρα
534 2798 662 2883 ἔρχεται
686 2795 723 2862 ἐν
748 2794 818 2881 σολ,
843 2795 900 2862 καλ
919 2799 1073 2884 διαμερι-

103 2891 264 2980 σθήσεται
280 2893 321 2964 τὰ
339 2893 446 2964 σκῦλά
465 2917 527 2965 σον
546 2897 583 2964 ἐν
596 2901 658 2963 σοί.
684 2896 741 2964 καλ
755 2893 941 2978 ἐπισυνάξει
960 2891 1073 2967 πάντα
1084 2919 1115 2963 ετ

102 2991 143 3063 τὰ
161 3002 245 3083 ἔθνη
265 2997 318 3064 ἐπὶ
332 2992 546 3085 Ἰερουσαλὴμ
571 3001 618 3077 είς
636 2992 799 3085 πόλεμον,
824 2998 880 3066 καὶ
904 2992 1074 3068 ἁλῶσεται

74 3090 124 3182 οη
142 3093 255 3183 πόλις,
273 3098 329 3167 καὶ
348 3095 632 3186 διαρπαγήσονται
650 3104 769 3189 οίκίαι,
787 3100 844 3168 καλ
862 3104 900 3167 αί
910 3113 1073 3185 γυναῖκες
1103 3102 1106 3106 ’

104 3198 387 3287 μολυνθήσονται,
405 3200 462 3268 καλ
482 3196 685 3281 ἐξελεύσεται
699 3197 736 3270 τὸ
749 3195 854 3289 ἥμισυ
866 3206 925 3288 τῆς
942 3197 1075 3282 πόλεως

171 3429 186 3475 ‘2
205 3429 287 3496 Soph.
301 3436 326 3498 3,
341 3435 365 3485 9.
472 3435 503 3482 24
522 3433 662 3496 Zach,14,
678 3435 700 3487 1.
