2326 3818
317 109 503 162 οεωοαετ.
522 108 655 160 ωνααο.
673 109 720 158 1v.
741 111 781 158 15.
971 105 1032 168 257

64 252 121 320 καὶ
140 254 299 338 ἐμίσησας
317 247 353 318 τό
372 243 537 336 ἀσέβημα·
575 243 692 336 διόπερ
713 248 766 315 ἐπὶ
791 244 898 338 τούτῳ
924 250 1036 337 ἕχρισέ

66 375 120 439 σε,
147 340 174 418 6
197 351 273 437 θεὲ,
298 345 315 418 6
339 344 497 418 ἀνωτάτω
521 350 577 417 καὶ
600 354 721 436 μείζων
740 345 838 427 αὐτὸς
862 346 953 416 ὁκαὶ
974 352 1035 419 σοῦ

65 447 181 539 θεός,”
202 446 246 531 63
271 451 357 520 εἶναι
380 451 437 518 καὶ
460 447 519 520 τὸν
541 447 718 539 χριόμενον
741 450 796 518 καὶ
821 446 879 516 τὸν
899 458 1033 538 χρίοντα

65 549 150 622 πολδ
168 550 342 640 πρότερον,
360 547 496 620 πάντων
513 551 575 638 μὲν
592 545 672 618 ῦντα
687 548 780 638 θεὸν,
800 552 855 618 καὶ
874 547 980 619 αὐτοῦ
998 552 1034 620 δὲ

38 650 294 741 ιδιαφερόντως
310 655 372 722 τοῦ
389 654 576 742 χριομένον.
613 656 663 719 60.
692 654 787 719 τοῦτο
808 652 844 719 66
868 652 923 719 καί
950 650 1060 741 αὐτῆι

66 752 279 844 ἐπιστῆσαντι
296 759 336 844 τῆ
351 748 488 844 Ἐβραίρι
505 749 634 843 γλωττη
652 750 802 841 φανερὸν
826 748 869 822 δν
895 755 1032 839 γένοιτο.

66 858 118 924 ἐπὶ
141 855 206 975 γὰρ
229 861 287 943 τῆς
304 853 438 978 πραότης
457 857 666 979 ἐπωνυμίας,
685 852 765 924 καθ’
788 845 831 942 ῆν
855 851 872 921 6
895 849 1034 934 Ἀκόλας

60 950 208 1044 “θρόνος
232 979 312 1044 σου,
337 949 420 1026 θεί”
452 953 659 1046 ἡρμήνευσε,
691 958 807 1043 σαφοῦς
831 953 906 1025 ἀντὶ
932 960 990 1025 τοῦ
1017 950 1034 1024 6

64 1060 144 1139 θεὸς
169 1061 232 1128 θεέ
255 1055 370 1144 είπδν,
394 1057 430 1127 τὸ
444 1054 596 1182 Εβραροὶ
561 1085 620 1126 κον
645 1060 745 1145 ἐλωΐμ
767 1060 919 1158 περιέχει.
957 1053 1035 1126 κοίν-
1129 1097 1133 1104 ·

28 1187 54 1226 10
66 1164 179 1230 ταῦθα
199 1154 269 1229 δὲ
253 1167 374 1247 ομοίως
394 1160 448 1227 ἐπὶ
466 1163 525 1227 τοῦ
539 1154 619 1227 “66
636 1161 732 1227 τοῦτο
752 1142 864 1246 ἔχρισί
876 1182 930 1247 σε,
955 1154 1034 1229 θεέ”

65 1260 101 1328 τδ
127 1264 229 1349 ἐλωΐμ
255 1257 543 1348 παρείληπται,“
525 1286 606 1346 οπερ
637 1257 699 1346 τῆν
729 1248 755 1327 6
786 1262 849 1328 θεέ
878 1259 1036 1347 ιιλητικῆν

67 1358 188 1448 ἐδήλου
207 1363 343 1430 πτωσιν.
381 1365 430 1430 61.
460 1355 535 1430 ἀντὶ
555 1361 593 1429 66
609 1363 668 1446 τῆς
686 1357 793 1448 ὀρθῆς
818 1362 874 1428 καὶ
898 1357 1034 1441 εῦθείας

66 1464 127 1530 τοῦ
150 1457 337 1585 ῆνόματος,
352 1458 430 1531 καθ’
458 1456 476 1529 δ
502 1455 724 1549 είρηται“διδ
748 1463 845 1530 τοῦτο
870 1466 982 1550 ἔχρισέ
998 1484 1035 1530 σε

66 1559 214 1642 όθεδς
200 1591 217 1631 ο
236 1558 337 1642 θεός”
356 1560 392 1632 τδ
408 1556 555 1686 Ἑβραι·
522 1590 582 1631 κον
605 1559 711 1649 ἐλωοίχ
735 1565 879 1684 περιέχει
904 1561 1065 1651 σφόδραε

29 1686 53 1727 15
67 1657 407 1754 απηαριβωμενως,
392 1661 436 1733 ιν’
463 1652 538 1754 ῆτό
556 1693 618 1753 μεν
643 1667 743 1751 ἐλωΐμ
770 1663 853 1733 κατὰ
878 1662 1036 1752 κλητικῆυ

65 1771 193 1837 πτῶσιν
212 1767 481 1888 ἐξενηνεγμένον,
501 1761 673 1853 δηλοῦν
640 1793 676 1832 το
691 1793 716 1833 ω
707 1753 808 1850 θεέ,
826 1795 862 1834 το
853 1762 916 1835 δε
931 1764 1035 1855 ἐλωδιχ

64 1865 180 1947 ὁθεός
198 1889 260 1937 σου
284 1866 366 1936 αατδι
389 1863 451 1955 τῆν
476 1862 632 1937 εῦθεῑαν·
669 1866 753 1935 ὥστε
776 1862 922 1957 όκριβως
948 1876 1036 1957 ἔχειν

64 1966 126 2057 τῆν
143 1967 301 2058 φῆσασαν
320 1963 526 2058 ἑρμηνείαν’
529 1962 597 2037 διδ
621 1974 720 2038 τοῦτο
745 1973 856 2059 δχρισέ
877 1991 915 2039 σε
933 1970 992 2038 θεὲ
1018 1967 1035 2038 6

65 2068 144 2149 θεός
169 2066 258 2139 σου.”
296 2075 346 2139 62.
374 2068 555 2138 λευκότατα
574 2073 658 2156 γοῦν
676 2064 693 2138 6
712 2066 808 2157 λόγος
835 2069 889 2140 διὰ
907 2069 1036 2141 τούτων
1093 2110 1096 2116 ·

28 2172 139 2260 νοθεῷ
169 2174 382 2258 προσφωνῶν
409 2191 514 2258 φησιν
541 2166 643 2240 αὐτὸν
671 2183 847 2260 νεχρίσθαι
878 2168 944 2242 ῦπδ
976 2178 1036 2242 τοῦ

65 2276 149 2339 θεοῦ
175 2274 274 2363 ἐλαίφ
299 2266 525 2358 ἀγαλλιάσεως
549 2270 639 2362 παρδι
662 2270 788 2352 πάντας
806 2271 883 2353 τοῦς
902 2273 1035 2344 πιόποτε

65 2375 122 2459 τῆς
142 2366 244 2457 αὐτῆς
262 2368 352 2464 αὐτῷ
370 2370 609 2459 μετεσχηκότας
623 2381 856 2461 προσηγορίας.
885 2380 934 2443 63.
952 2383 1035 2462 ἔχεις

66 2477 243 2562 τοιγαροῦν
261 2474 298 2542 ἐν
315 2470 443 2553 τούτοις
461 2475 577 2560 σαφως
595 2471 678 2543 θεὸν
695 2471 879 2597 χριόμενον
890 2478 1037 2563 ναὶΧρι-

66 2568 146 2644 στὸν
165 2571 352 2663 γινόμενον,
371 2570 411 2644 06
425 2571 521 2667 μόρφ
535 2594 707 2667 σαευαστφ
697 2570 836 2644 οὐδ”
817 2603 865 2645 υπ
871 2571 1037 2665 ’ἀνθρω-

27 2697 53 2737 25
67 2703 141 2746 πων
159 2682 206 2756 είς
223 2680 320 2746 τοῦτο
339 2672 519 2797 παριόντα,
544 2672 618 2746 ἀλλ’
640 2645 720 2746 οὐδε
743 2694 812 2758 τοις
830 2676 993 2759 λοιποις’
975 2708 1037 2748 αν-

64 2776 216 2864 θρώποις
234 2776 476 2867 παραπλήσιον.
520 2783 571 2847 64.
591 2773 659 2848 ὁδ’
682 2774 781 2859 αὐτὸς
805 2770 901 2859 οῦτος
920 2781 962 2911 ῆν
981 2782 1035 2849 καὶ

66 2872 233 2963 ἀγαπητὸς
256 2881 317 2947 τοῦ
339 2882 423 2948 θεοῦ
446 2880 501 2947 καὶ
524 2881 674 2968 γέννημα
698 2879 818 2968 αὐτοῦ,
844 2911 899 2951 και
928 2880 1035 2972 ίερεδς

66 2974 201 3056 αίοίνιος
225 2981 280 3047 καί
304 2977 493 3068 σῦνθρονος
517 2976 781 3071 ἀνηγορευμένος
812 2987 871 3052 τοῦ
902 2983 1033 3072 πατρός.

65 3087 115 3160 τίς
135 3077 165 3148 δ’
186 3074 228 3148 66
252 3068 348 3160 οὗτος
372 3089 422 3167 είη
441 3075 461 3166 6
483 3078 500 3149 6
519 3080 726 3171 πρωτότοκος
744 3087 803 3152 τοῦ
822 3090 906 3153 θεοῦ
926 3082 1034 3171 λόγος,

28 3175 84 3250 ³06
104 3183 141 3250 ε’ν
158 3176 243 3270 ἆρχῆ
263 3178 344 3271 πρὸς
368 3179 427 3251 τόν
450 3179 534 3252 θεὸν
551 3179 630 3264 θεὸς
650 3177 715 3269 δν,
740 3185 757 3253 6
779 3183 834 3252 διδ
853 3181 959 3272 πόσης
977 3187 1034 3271 τῆς
1046 3210 1102 3261 (ιω)

68 3285 189 3352 ἐνθέου
214 3285 343 3372 γραφῆς
369 3281 652 3372 θεολογοῦμενος,
678 3281 722 3364 ὡς
746 3288 801 3354 καὶ
823 3288 859 3355 ἐν
876 3300 944 3366 τοῖς
963 3288 1036 3374 ἑξῆς

68 3379 123 3452 διδ
140 3382 306 3455 πλειόνων
323 3382 340 3453 6
360 3382 456 3472 λόγος
477 3383 605 3476 προϊων
625 3389 789 3469 ἐπιδείξει.

117 3512 254 3548 πυεεειαε
274 3514 319 3548 111.
815 3500 857 3563 Υλ
