2326 3818
378 142 565 195 DEMONST.
583 138 714 194 εοεαε.
729 145 752 193 1.
771 145 794 196 ε.
1016 140 1058 204 45

88 283 174 355 θεὸν
192 285 247 353 καί
266 282 384 373 κύριον
401 299 470 363 τοῖς
485 289 681 370 Αἰγυπτίοις
694 280 890 374 άυθρωπον,
908 280 944 363 ὃς
958 280 1058 352 σούσει

91 384 230 473 αὐτούς,
260 381 300 455 ὃν
331 386 387 454 καί
414 383 455 454 τά
485 387 638 466 Μωσέως
669 383 790 474 ἐδήλου
819 383 914 474 λόγια
940 380 984 453 δι’
1011 375 1059 455 τόν

90 482 248 580 ἔφησενΫ
255 485 459 570 ἐξελεύσεται
476 483 655 577 άνθρωπος
670 491 706 556 ἐκ
715 491 774 557 τοῦ
793 489 978 576 σπέρματος
997 484 1060 555 αὐ-

89 594 166 678 τοῦ,
193 592 249 659 καί
273 587 443 679 κυριεύσει
467 593 581 660 ἐθνῶν
605 583 771 658 πολλῶν.”
816 592 852 658 ἐν
875 585 925 670 οἷς
944 595 1059 658 ἔθνεσι

63 693 147 761 5καί
166 688 346 779 Αἰγύπτιοι
364 688 539 779 δήπουθεν
557 686 808 780 καταριθμοῐντ’
829 687 881 760 άν.
909 694 959 758 53.
975 685 1060 758 άλλά

90 796 168 882 περί
192 793 255 882 μὲν
277 791 406 863 τούτων
431 790 558 882 μακρός
583 785 626 862 άν
644 804 696 881 εἰη
721 790 833 880 λόγος,
863 788 913 860 ἐπ’
936 797 1059 873 οἰκείας

91 899 211 984 σχολῆς
246 897 476 985 ἐντελὲστερον
508 889 819 985 άποδοθησόμενος·
861 891 899 963 τό
925 922 963 979 γε
994 891 1060 981 μὴν

91 994 201 1085 παρόν
226 994 477 1086 ἐπιτετηρήσθω
506 994 556 1066 ὅτι
579 993 619 1066 τά
643 994 877 1085 προηγούμενα
901 992 977 1064 οὐδ’
1004 990 1060 1063 άλ-

91 1108 167 1169 λοτε
185 1091 206 1185 ἢ
223 1097 305 1187 μετά
322 1098 384 1186 τὴν
398 1095 597 1184 ἐπιφάνειαν
606 1095 713 1187 Ἰησοῦ
727 1104 787 1168 τοῦ
805 1101 952 1185 σωτῆρος
965 1090 1061 1185 ἡμῶν

52 1230 79 1269 10
94 1204 286 1288 ἐπληροῦτο.
312 1205 363 1270 54.
385 1201 418 1283 ἐξ
432 1203 563 1270 ἐκείνου
580 1197 644 1288 γάρ
657 1228 707 1269 τοι
721 1201 778 1269 καί
798 1207 845 1282 εἰς
858 1203 959 1288 δεῦρο
971 1197 1061 1289 παρά

42 1351 47 1362 ·
91 1319 161 1384 τοῖς
192 1309 390 1389 Αἰγυπτίοις
422 1304 479 1371 καί
501 1300 592 1392 παρά
620 1305 767 1388 Πέρσαις
792 1298 916 1390 Σύροις
945 1329 980 1369 τε
1005 1302 1061 1369 καὶ

88 1402 290 1494 Ἀρμενίοις,
315 1405 370 1472 καὶ
394 1401 484 1493 παρά
507 1418 575 1483 τοῖς
599 1399 657 1483 τάς
681 1398 831 1490 ἐσχατιάς
857 1405 914 1489 τῆς
933 1406 993 1487 γῆς
1011 1407 1062 1470 οἰ-

92 1511 190 1577 κοῦσι
214 1503 417 1595 βαρβάροις,
442 1501 556 1586 αὐτοῖς
578 1531 615 1573 τε
637 1518 705 1584 τοῖς
727 1499 764 1573 τό
788 1504 870 1592 πρὶν
887 1501 1063 1591 άνημερω-
1078 1523 1119 1570 ου

92 1606 200 1689 τάτοις
219 1609 275 1677 καί
293 1602 574 1696 θηριωδεστάτοις
593 1612 721 1693 ἔθνεσι,
739 1607 796 1676 ναί
813 1604 881 1694 μὴν
899 1606 954 1674 καί
973 1603 1063 1693 παρά

54 1736 81 1776 ιε
95 1728 163 1790 τοῖς
180 1707 239 1790 τάς
257 1708 380 1800 νήσους
394 1711 557 1797 οἰκοῦσιν,
577 1703 643 1799 (ὅτι
661 1706 703 1795 δὴ
721 1709 777 1777 καὶ
795 1704 924 1777 τούτων
941 1703 1063 1795 ἠξίωσε

93 1805 260 1901 μνήμηνὴ
275 1820 460 1902 προφητεία
468 1808 702 1899 ποιήσασθαι,)
714 1805 797 1897 αύτὴ
814 1814 924 1896 ἐκείνη
942 1807 962 1897 ἡ
981 1806 1064 1877 κατά

91 1911 313 2003 τὸνἈβραὰμ
331 1921 480 1984 πολιτεία
504 1915 561 1983 καί
584 1907 602 1982 ὁ
628 1919 828 1994 παλαίτατος
855 1913 910 1980 καί
928 1907 1065 1979 πάντων

93 2011 307 2103 ἀρχαιότατος
343 2019 402 2103 τῆς
441 2022 638 2103 θεοσεβείας
672 2012 793 2104 τρόπος
834 2009 1062 2095 σπουδάζεται.

94 2120 145 2185 55.
166 2118 222 2185 καὶ
239 2123 288 2196 τίς
307 2113 369 2187 οὐκ
387 2112 429 2186 άν
447 2120 625 2204 ἐκπλαγείη
643 2114 680 2186 τὸ
698 2113 888 2205 παράδοξον
900 2119 961 2184 τοῦ
979 2111 1066 2201 πρά-

56 2244 83 2283 εο
95 2244 230 2304 γματος,
248 2223 279 2284 εί
297 2210 338 2305 δὴ
356 2223 391 2286 οἰ
406 2220 439 2298 ἐξ
449 2221 571 2297 αἰῶνος
589 2225 698 2298 λίθοις
715 2220 770 2286 καί
788 2214 899 2299 ξύλοις
918 2217 973 2284 καί
994 2221 1065 2285 δαί·

95 2338 191 2406 μοσι,
209 2325 343 2405 θηρίοις
360 2346 396 2385 τε
413 2315 704 2406 άνθρωποβόροις,
729 2320 785 2387 καί
809 2320 959 2405 ἑρπετοῖς
978 2314 1066 2403 ἰοβό-

97 2429 183 2507 λοις,
212 2417 304 2511 ζῴοις
327 2445 363 2488 τε
387 2427 574 2504 παντοίοις,
601 2420 656 2486 καί
676 2421 845 2507 εἰδεχθέσι
869 2415 1065 2502 κνωδάλοις,

96 2529 182 2611 πυρί
197 2548 232 2591 τε
257 2522 313 2590 καί
330 2524 393 2610 γῇ,
417 2520 473 2588 καί
497 2535 566 2599 τοῖς
588 2523 648 2589 τοῦ
673 2516 795 2600 παντὸς
821 2514 962 2606 ἀψύχοις
981 2541 1066 2586 στοι-

97 2630 198 2712 χείοις
215 2620 278 2711 τὴν
292 2619 475 2711 σεβάσμιον
487 2618 586 2710 τιμὴν
599 2623 838 2711 περιτιθέντες,
851 2620 909 2690 τόν
923 2616 1066 2704 ὕψιστον
1082 2640 1093 2679 ν

58 2753 84 2795 25
98 2724 198 2813 θεὸν,
223 2722 283 2795 τόν
307 2722 454 2814 ούρανοῦ
480 2725 536 2794 καί
565 2728 626 2811 γῆς
650 2722 872 2814 δημιουργόν,
897 2718 1000 2792 αὐτόν
1025 2718 1066 2808 δὴ

97 2824 242 2897 πόντιόν
259 2832 441 2916 προφητῶν
450 2824 581 2917 κύριον,
599 2825 658 2897 τὸν
675 2823 918 2916 θεὸνἈβραάμ
932 2825 1068 2894 καὶτῶν

98 2926 220 2999 τούτου
250 2925 488 3018 προπατόρων,
518 2926 601 3018 μετά
622 2927 687 3015 τὴν
708 2932 769 2998 τοῦ
796 2930 943 3015 σωτῆρος
972 2929 1068 3015 ἡμῶν

98 3037 289 3120 παρουσίαν
306 3026 569 3116 ἀνακαλοῦντας
594 3034 644 3099 56.
664 3033 773 3100 καλοί
791 3032 900 3122 μικρῷ
916 3028 1068 3118 πρόσθεν

98 3139 339 3223 μητρογαμίαις
368 3134 422 3201 καί
452 3135 745 3221 θυγατρομιξίαις,
783 3129 1068 3219 άλληλοφθορίαις

60 3265 87 3306 οο
100 3264 136 3306 τε
154 3237 209 3304 καί
229 3239 402 3314 παντοίαις
414 3241 623 3325 μιαιφονίαις
635 3229 941 3321 ἕγκαλινδούμενοι,
960 3235 995 3300 οί
1005 3259 1069 3319 μη-

102 3337 160 3405 ὃίν
186 3365 218 3406 τι
243 3331 420 3426 άνημέριον
446 3345 579 3429 θηρίων
603 3334 663 3406 τόν
688 3332 813 3424 τρόπον
841 3335 1067 3422 διαφέροντες,
