2326 3818
324 117 510 180 DEMONST.
528 127 662 181 EVANG.
680 127 726 178 VI.
738 127 814 178 4-6.
990 126 1052 190 357

80 269 134 337 ἐπὶ
152 264 279 348 πάντας
296 263 375 348 τούς
391 261 527 346 θεοίς.”
570 270 600 334 2.
620 267 676 334 καλ
693 262 796 334 πάλιν
809 260 987 354 “ἐυίγκατε
1005 273 1051 359 τῷ

79 375 186 460 κυρίῳ
205 373 242 437 αἰ
257 368 391 458 πατριαὶ
411 369 479 436 τών
497 362 644 436 ἑθνών.”
670 368 726 436 καλ
744 363 845 437 πάλιν
857 363 995 439 “cluave
1014 374 1051 438 έν

79 484 148 551 τοῖς
167 475 315 557 ἔθνεσιν,
334 466 479 557 ὁκύριος
495 464 723 555 ἐβασίλευσε.”
749 472 778 537 3.
798 470 855 538 καὶ
875 470 928 538 ἐπὶ
946 475 1049 540 πᾶσιν

82 572 224 658 ἐπιλέγει
239 565 335 640 “πόπε
349 565 607 658 ἆγαλλιοίσονται
621 565 730 639 πάντα
743 566 783 638 πίι
797 567 880 652 ξύλα
893 577 952 639 τοῦ
968 576 1052 660 δρυ-

54 674 144 762 ιμοῦ
162 665 228 740 ἆπδ
252 669 434 762 προσώπου
456 677 595 759 κυρίου,
613 666 664 740 ὅτι
682 678 828 761 ἔρχεται,
852 667 903 740 ὅτι
922 679 1051 761 ἔρχεται

79 789 192 864 κρῖναι
205 769 267 861 τὴν
280 776 353 863 γῆν.
376 789 487 863 κρινεῖ
497 769 559 860 τὴν
572 775 774 862 οἰκουμένην
789 778 825 843 ἐν
841 771 1051 864 δικαιοσύνη,

80 876 136 944 καλ
155 872 255 955 λαούς
274 877 310 944 ἐν
327 877 368 964 τῇ
387 872 533 966 ἀληθείη
551 870 691 944 αὐτοῦ.”

156 981 187 1046 4.
215 971 403 1046 Κάνταῦθα
427 974 528 1046 πάλιν
560 974 736 1066 ἐρχόμενος
767 983 815 1057 εἰς
847 975 1052 1066 ἀνθρώπους

80 1075 193 1167 κύριος
211 1076 472 1167 προφητεύεπαι,
492 1074 610 1146 καινόν
627 1105 663 1146 πε
684 1068 772 1168 ᾆσμα
791 1079 846 1147 ἐπὶ
864 1084 904 1168 τῇ
924 1106 1053 1168 παρου-

42 1211 67 1250 ιο
80 1186 137 1269 σίηι
156 1176 261 1247 αὐτοῦ
284 1178 445 1270 ᾅσεσθαι,
472 1175 533 1266 τὴν
551 1174 671 1265 καινὴν
690 1176 844 1265 δηλονότι
871 1178 1080 1269 διαθήκηυ,ο

80 1274 121 1348 οὐ
137 1278 174 1348 τὸ
187 1277 363 1350 Ἰουδαίων
386 1287 505 1365 ἔθνος,
528 1276 613 1348 ἀλλὰ
636 1283 748 1349 πᾶσαν
765 1276 828 1367 τὴν
845 1284 924 1368 μην·
952 1279 1051 1370 εὐαγ-

80 1379 350 1468 γελισθήσεσθαί
363 1408 398 1450 τε
416 1376 527 1450 οὐκέτι
545 1377 603 1449 τὸν
619 1378 764 1470 Ἰσραὴλ,
783 1378 868 1449 ἀλλὰ
886 1379 995 1451 πάντα
1013 1381 1052 1449 τα

81 1488 183 1569 ἔθνη,
211 1480 390 1570 ἐπειδήπερ
418 1477 531 1551 αὕπών
554 1488 696 1551 ἔσεσθαί
717 1503 808 1571 φησι.
828 1485 970 1570 βασιλέα
995 1482 1053 1552 τὸν

82 1581 262 1672 ἐρχόμενον
287 1579 414 1671 κύριον.
458 1588 489 1652 5.
508 1589 558 1662 τίς
583 1578 616 1652 δ’
641 1579 684 1652 δα
709 1595 760 1673 εἰη
778 1573 874 1664 οὗτος
898 1579 1053 1672 ἢὸθεός

42 1714 67 1754 15
81 1682 194 1772 λόγος;
225 1680 262 1764 ὃς
293 1686 424 1773 μέλλων
455 1681 654 1773 δικαιοσύνῃ
684 1681 746 1773 τὴν
772 1689 973 1775 οἰκουμένην
997 1690 1053 1755 καὶ

80 1782 224 1878 ἀληθείᾳ
242 1785 305 1875 τὴν
323 1782 569 1878 οἶνθρωπότηπα
586 1793 733 1876 κρίνειν,
758 1791 791 1869 ἐξ
811 1797 884 1875 ἰσης
904 1785 1052 1869 ἅπαντας

80 1885 157 1969 τούς
177 1890 230 1958 ἐπὶ
248 1892 305 1977 τῆς
328 1890 524 1976 οἰκουμένης
542 1885 745 1978 ἀνθρώπους
771 1893 829 1977 της
848 1887 953 1959 αὑτοῦ
971 1888 1054 1976 κλη-

80 2012 165 2070 σεως
183 1992 239 2059 καί
256 1993 314 2077 της
333 1992 386 2059 ἐπὶ
403 1989 506 2080 ταώτη
525 1989 615 2080 παρδι
627 1994 673 2082 τῷ
687 1993 760 2084 θεῷ
772 1998 937 2082 σωτηρίας
952 2020 1053 2079 κατη-

82 2092 211 2171 ξίοισεν.

43 2271 68 2310 20
401 2254 481 2326 Ἀπὸ
504 2262 645 2347 Ψαλμοῦ
670 2258 731 2341 (ιζ’.

152 2404 199 2463 VI.
219 2384 372 2460 “”Αισατε
382 2394 427 2483 τῳ
441 2397 547 2482 κυρίῳ
561 2381 650 2482 ᾆσμα
664 2388 793 2478 καινὸν,
807 2389 857 2461 ὅτι
873 2394 1053 2481 θαυμαστὰ

83 2487 251 2581 ἐποίησε.”
290 2494 345 2562 καί
362 2489 402 2561 πολ
422 2495 495 2581 ἑξῆς
509 2486 693 2583 “ε’γνώρισε
703 2490 817 2583 κύριος
834 2490 870 2561 τὸ
889 2491 1053 2583 σωτήριον
1067 2524 1081 2563 ο

82 2589 202 2683 αὑτοῦ,
229 2598 383 2664 ἐναντίον
400 2591 537 2664 πάντων
555 2597 623 2664 τών
647 2598 761 2665 έθνώυ
778 2590 973 2678 ιἰπεκολλυψε
990 2594 1052 2682 τὴν

83 2694 303 2783 δικαιοσύνην
320 2691 458 2767 αδποῦ.”
501 2697 557 2766 καί
583 2695 685 2767 πάλιν
698 2691 861 2767 “είδοσαυ
887 2695 1052 2768 πάντατὰ

43 2828 68 2866 ιο
81 2798 208 2886 πέρατα
225 2801 284 2884 τῆς
302 2802 362 2886 γῆς
379 2797 415 2867 τὸ
434 2796 599 2891 σωτήριον
616 2803 675 2869 ποῦ
694 2803 778 2870 θεοῦ
795 2797 898 2888 ἡμῶν.
931 2798 1053 2868 αἰλαλώ-

82 2899 159 2980 ξαπε
181 2899 228 2988 τῳ
252 2904 358 2990 κυρίῳ
382 2893 518 2987 πᾶσαὴ
537 2895 614 2986 γη.”
657 2902 714 2969 καὶ
739 2904 792 2970 ἐπὶ
817 2905 898 2970 πᾶσι
911 2896 973 2970 “ιὰ
991 2899 1051 2989 ὅρη

80 2994 336 3088 οἰγαλλιώσουιαι
355 2996 419 3068 ιἰπό
432 2997 614 3089 προσώπου
628 3007 760 3091 κυρίου,
779 3000 828 3072 ὅτι
843 3010 983 3091 ἔρχεται,
1002 2998 1052 3070 ὅτι
1147 3059 1155 3068 .

81 3097 154 3189 ἥκει
173 3114 285 3190 κρίναι
298 3097 359 3189 την
376 3104 449 3190 γῆν.
475 3115 585 3192 κρινεῖ
600 3098 663 3189 την
680 3106 880 3193 οἰκουμένην
893 3108 929 3173 έν
944 3109 1053 3171 δικαι-

82 3199 189 3291 οσύνη
207 3204 263 3271 καὶ
282 3199 381 3284 λαοδς
400 3206 438 3273 έν
456 3198 650 3292 εὖθύτηπι.”

43 3334 69 3374 ιο
159 3309 189 3374 2.
210 3307 353 3374 Πολλών
376 3300 518 3394 ἀγαθῶν
542 3311 632 3375 αἰτία
658 3306 714 3374 καὶ
734 3302 789 3374 διδ
806 3302 936 3375 τούτων
953 3303 974 3393 ἡ
992 3310 1054 3376 τοῦ

83 3412 203 3495 κυρίου
222 3413 390 3498 παρουσία
408 3424 476 3487 τοῖς
494 3414 610 3478 ἔθνεσι
634 3410 838 3497 γεγενῆσθαι
862 3408 1058 3499 προῳηυεώ-
