2326 3818
119 153 184 218 618
531 153 679 205 nusnssn

121 317 214 366 σκων
231 289 416 365 “άνατελετ
437 296 474 363 ἐν
499 308 572 374 ταῖς
596 287 733 383 ἡμέραις
757 288 862 363 αὐτοῦ
893 289 1092 384 δικαιοσύνη
1157 349 1161 359 .

123 398 178 465 καὶ
201 398 329 483 πλῆθος
357 389 518 485 είρήυης.”
558 396 615 464 καὶ
634 389 770 476 Ἡσαΐας
794 396 832 464 δέ
854 392 984 476 τούτοις
1011 415 1092 466 συν·
1145 430 1157 487 {-

32 506 35 511 ’
122 499 229 587 τρέχει
253 492 299 566 δι’
326 488 374 567 άν
396 518 480 586 φησι
498 494 583 567 “nal
609 495 817 584 συγκόψουσι
843 493 901 578 τάς
927 503 1092 586 μαχαίρας
1145 496 1152 581 λ

123 596 234 669 αὐτῶν
259 606 306 678 είς
329 594 453 688 ἄροτρα
483 599 539 669 καὶ
562 595 620 677 τδις
643 594 778 684 ζιβύνας
805 587 916 667 νότιόν
943 604 991 678 είς
1017 600 1092 688 δρέ·
1156 644 1159 651 -

89 739 103 768 e
122 725 223 789 πανα,
242 702 297 770 καὶ
316 696 357 770 ού
375 699 516 788 λήψεται
533 707 581 769 ἐτι
599 705 698 780 ἐθνος
718 697 772 768 ἐπ’
793 707 892 780 ἔθνος
911 697 1116 790 μάχαιραν,ε

121 805 177 872 καὶ
194 797 234 872 ού
251 801 297 890 μὴ
313 799 470 890 μάθωσιν
488 807 535 870 ἐτι
554 796 739 888 πολεμεῖν.”
782 805 831 869 18.
861 795 970 889 εὕροις
995 795 1029 868 δ’
1049 797 1093 872 άν

120 905 178 973 καὶ
202 908 350 991 Μιχαίαν
371 897 500 982 τούτοις
524 900 715 994 συνᾴδοντα
733 903 789 970 καὶ
813 898 935 982 ἄλλους
954 908 1092 984 πλείους

120 1007 189 1074 τάν
206 1007 396 1091 προφητῶν.
434 1000 610 1091 ἐπιστήσας
629 1003 678 1090 δὲ,
698 999 742 1083 ὡς
760 1010 858 1091 ἐφην,
873 1020 942 1083 τοις
960 1001 1091 1093 χρόνοις

123 1102 253 1194 δυνήση
271 1109 425 1175 συνιδεῖν
444 1097 489 1185 άς
506 1101 572 1174 άπδ
588 1107 656 1174 τοῖν
674 1099 873 1192 Αὐγούστου
890 1101 1022 1193 χρόνων
1035 1108 1091 1175 καί

120 1209 178 1293 τῆς
197 1202 269 1274 κατ’
290 1202 394 1276 αὐτόν
412 1202 642 1294 ἐπιλαμψάσης
659 1212 719 1276 τοῦ
737 1209 884 1294 σωτῆρος
901 1203 997 1296 ἡμῶν
1020 1209 1092 1276 ἐπι·
1105 1237 1129 1278 ιο

120 1314 263 1396 φανείας
286 1311 344 1396 τῆς
363 1302 533 1395 Ῥωμαίων
554 1314 737 1396 μοναρχίας
760 1305 1025 1396 ἐπικρατησάσης
1057 1312 1095 1377 αί

118 1406 222 1479 πάλαι
239 1413 308 1479 τάν
321 1412 434 1480 ἐθνῶν
448 1407 658 1497 διελύθησαν
672 1406 860 1490 διαστάσεις
873 1411 929 1478 καὶ
942 1419 1093 1499 πολυαρ-

121 1519 209 1599 χίατ,
228 1513 284 1580 καὶ
301 1508 400 1580 τόνδε
418 1512 450 1593 ἐξ
470 1512 601 1581 ἐκείνου
619 1509 679 1581 τόν
695 1506 820 1601 τρόπον
837 1512 953 1591 τέλους
970 1506 1091 1598 ἤρξατο

120 1609 298 1701 τυγχάνειν
315 1609 355 1681 τά
372 1615 430 1699 τῆς
448 1615 740 1702 προφητευομένης
760 1609 902 1700 είρήνης.
938 1616 987 1681 19.
1006 1609 1092 1681 άλλά

121 1716 186 1783 νῦν
208 1714 270 1801 μὲν
294 1715 375 1794 τέως
401 1709 540 1803 ἤρξατο,
573 1721 664 1784 ἔσται
690 1714 729 1782 δὲ
753 1709 809 1782 ὅτε
834 1715 1043 1802 πληρέστατα
1069 1711 1130 1799 ἡιε

121 1821 307 1902 προφητεία
324 1811 658 1903 συμπερασθήσεται,
687 1810 770 1884 ἐπάν
787 1813 824 1884 τὸ
843 1812 1006 1904 πλήρωμα
1022 1818 1091 1883 τῶν

121 1918 234 1985 ἐθνῶν
252 1919 388 2005 είσέλθη
406 1913 443 1985 τό
460 1912 542 2003 πρός
558 1919 619 1985 τοῦ
636 1919 729 2004 ίεροῦ
744 1912 932 1986 ἀποστόλου
945 1919 1091 2002 δεδηλω-

121 2012 251 2105 μέυον.”

51 2321 109 2375 (459)
443 2282 521 2358 Ἀπδ
544 2291 685 2376 Ψαλμοῦ
701 2285 769 2378 (κζ’.
1101 2251 1126 2293 ⁹⁰

197 2432 295 2495 xvln.
306 2416 441 2494 “Λίθου
457 2419 498 2493 δν
511 2418 763 2510 ἀπεδοκίμασαν
775 2428 810 2492 οί
822 2427 1090 2511 οἰκοδομοῦντες,

120 2514 216 2603 οὗτος
246 2522 390 2613 ἐγενήθη
417 2532 464 2606 είς
495 2519 646 2613 κεφαλὴν
675 2530 809 2612 γωνίας.
856 2520 946 2611 παρά
970 2531 1091 2610 κυρίου

122 2626 250 2712 ἐγένετο
269 2621 364 2714 αύτη,
383 2628 439 2694 καὶ
453 2632 521 2695 ἐστι
534 2622 713 2714 θαυμαστὴ
728 2629 765 2694 ἐν
779 2621 969 2714 ὀφθαλμοῖς
982 2621 1087 2713 ἡμῶν.

92 2755 105 2796 b
121 2721 206 2812 αὕτη
224 2723 244 2812 ἡ
263 2720 367 2815 ἡμέρα
385 2723 429 2813 Ιἣν
447 2731 602 2813 ἐποίησεν
618 2720 637 2794 ὁ
658 2725 789 2813 κύριος,
807 2721 1124 2813 άγαλλιασάμεθαιο

120 2827 176 2895 καὶ
197 2821 444 2915 εὐφρανθῶμεν
463 2830 500 2897 ἐν
523 2823 617 2917 αὐτῇ.
659 2815 687 2896 ά
708 2825 821 2915 κύριε,
840 2831 952 2897 σῶσον
976 2824 1036 2914 δὴ,
1065 2816 1091 2895 ὦ

119 2924 232 3013 κύριε,
269 2922 439 2999 εύόδωσον
462 2925 513 3018 δή.
566 2919 788 3018 εὐλογημένος
811 2926 829 2998 ὃ
855 2925 1029 3018 ἐρχόμενος
1054 2931 1091 2998 ἐν

118 3023 256 3118 ὀνόματι
274 3037 402 3117 κυρίου.
443 3031 523 3112 θεὸς
541 3029 666 3119 κύριος,
686 3033 742 3100 καὶ
766 3031 933 3118 ἐπέφαυευ
950 3024 1061 3118 ἡμτυ.”

195 3136 226 3201 2.
260 3137 328 3201 Τοῦ
345 3135 493 3220 σωτῆρος
516 3127 611 3220 ἡμῶν
624 3127 731 3219 Ἰησοῦ
749 3134 897 3220 Χριστού
915 3128 1088 3201 εἰσελθόν-

119 3257 175 3313 τος
192 3232 270 3302 ποτὶ
289 3240 336 3316 είς
353 3233 394 3304 τά
406 3228 628 3325 Ἱεροσόλυμα,
644 3229 700 3304 ὅτε
716 3230 800 3304 κατά
815 3232 877 3322 την
890 3229 954 3321 πρό
967 3229 1090 3319 ταύτης
1102 3259 1128 3302 ιο

181 3462 218 3511 16
232 3463 312 3519 Rom.
326 3465 367 3531 11,
382 3467 423 3518 25.
550 3467 583 3517 22
602 3467 648 3518 Ρε.
667 3467 724 3531 117,
738 3468 781 3517 22.
