2326 3818
136 126 199 191 626
534 124 684 176 οοειιειι

136 270 192 338 καί
205 271 277 356 φῶς
290 263 466 353 ἀληθινόν,
480 267 536 334 καὶ
549 261 658 334 πάντα
672 268 819 334 πλοῦτον
831 262 972 351 αἰγαθιῦν
985 292 1105 355 κεκτη-

136 373 246 459 μένος,
265 366 309 438 δι’
330 365 414 457 ἡμᾶς
433 364 622 454 ἐπτεόχευσε
640 363 747 450 σάρκα
765 365 889 452 λαβών,
909 367 1048 447 καὶτοῖς
1066 364 1104 437 τό

136 472 231 560 γένος
261 481 398 558 θνητοῖς
426 465 621 555 ἀνθρώποις
652 469 707 537 καί
736 484 879 555 πτωχοῖς
910 466 1102 556 όμοιωθείς,

134 568 269 662 μορφήν
291 598 328 639 τε
353 566 476 640 δούλου
494 571 550 638 καί
568 571 714 655 ’πένητος
731 567 938 656 ἀνειληφὼς,
964 571 1018 638 καί
1038 569 1104 657 μά-

135 682 229 742 λιστα
247 669 327 742 καθ’
347 666 522 756 ῦνκαιρδν
541 668 686 758 ἐπλήρου
711 666 773 758 τὴν
796 666 862 738 άπό
879 675 939 739 τοῦ
962 677 1129 759 Ψαλμοῦσ

18 770 21 779 ’
134 780 359 865 προφητείαν,
379 770 512 850 εἰκότως
532 774 567 840 ἐν
585 769 670 860 ἀρχῇ
687 776 747 841 τοῦ
769 777 910 860 Ψαλμοῦ
930 781 1104 858 μακαρίζε-

133 903 188 946 ται
204 871 223 945 ό
241 880 345 944 ταῦτα
370 875 447 961 περὶ
474 870 580 941 αὐτοῦ
597 873 742 960 συνιεὶς,
769 876 965 961 ἐπαγγελίας
983 871 1104 961 τυγχά-

67 1006 121 1058 ιιω)
135 1006 207 1048 νων
229 981 286 1061 τῆς
313 973 616 1062 ἀναγεγραμμένης.
659 972 724 1044 ew’
754 976 827 1060 ἑξῆς
855 967 892 1043 ἐκ
922 974 1104 1060 προσώπου

134 1076 253 1147 λοιπόν
277 1075 319 1163 δὴ
341 1077 402 1145 τοῦ
425 1078 564 1163 πένητος
588 1076 643 1144 καί
669 1081 818 1164 πτωχοῦ,
845 1073 948 1144 αὐτοῦ
972 1075 1103 1165 δηλαδὴ

134 1183 194 1248 τοῦ
212 1173 259 1248 δι’
278 1177 362 1265 ημᾶς
379 1177 632 1266 πτωχεύσαντος
657 1183 803 1263 σωτῆρος
825 1172 937 1265 ἡμῶν,
958 1180 1143 1266 ἐπιλέγεο

134 1307 188 1350 ται
200 1274 289 1366 “ἐγαδ
309 1279 402 1367 εἶπα,
421 1277 517 1367 κύριε
535 1275 672 1366 ἐλέησόν
689 1275 762 1366 με.”
799 1275 849 1347 ὅτι
869 1279 906 1348 δέ
925 1283 961 1346 ἐκ
975 1277 1104 1366 προσοῦ·

135 1408 201 1451 πον
222 1385 282 1451 τοῦ
306 1384 454 1468 σωτῆρος
480 1377 520 1448 τά
544 1383 582 1448 έν
605 1384 651 1472 τῷ
673 1383 800 1472 Ψαλμῷ
824 1388 1017 1463 θεσπίζεται
1044 1377 1104 1448 αῦ-

133 1481 256 1569 τάρκης
278 1481 404 1570 μάρτυς
417 1479 452 1551 ’ὁ
485 1477 720 1569 εῦαγγελιστὴς
747 1478 904 1568 Ἰωάννης
934 1480 1101 1568 τυγχάνει.

135 1589 184 1652 14.
214 1588 340 1667 ἰστορεί
362 1580 426 1672 γάρ
449 1580 499 1651 ὅτι
521 1576 665 1669 “λαβοδν
688 1579 706 1652 ὁ
727 1578 851 1671 Ἰησοῦς
875 1610 954 1652 ποτε
972 1591 1104 1653 λέντιον

133 1682 370 1772 περιεζώσατο,
397 1686 453 1753 καί
478 1689 579 1765 νίιγας
601 1679 679 1764 τοῦς
705 1681 810 1765 πόδας
841 1688 910 1754 τῶν
939 1691 1103 1773 μαθητῶν
1117 1716 1142 1756 15

134 1781 239 1855 αὑτοῦ
258 1785 367 1872 εἶπεν,
391 1783 455 1874 ἐγιῦ
479 1785 555 1854 οἰδα
572 1779 632 1864 οῦς
655 1783 860 1874 ἐξελεξάμην.
901 1781 977 1853 άλλ’
1003 1784 1102 1872 ἰναὴ

132 1884 245 1975 γραφη
269 1891 450 1976 πληρωθῇ,
483 1884 501 1954 δ
531 1884 672 1972 τράγων
700 1884 771 1975 μετ’
800 1890 881 1975 ἐμοῦ
910 1884 969 1953 τόν
1000 1883 1102 1970 άρτον

134 1992 257 2076 ἐπηρεν
276 1984 330 2056 ἐπ’
350 1987 406 2074 ἐμέ
423 1985 485 2074 τὴν
503 1989 650 2073 πτέρναν
668 1985 799 2057 αῦτοῦ.”
843 1991 890 2055 15.
919 1994 1020 2054 ποίαν
1038 1978 1101 2076 γάρ

106 2093 375 2176 ιπεπληροῖσθαι
393 2084 528 2174 γραφὴν
546 2092 583 2157 ἐν
600 2085 729 2168 τούτοις
749 2087 870 2176 ἐδήλου
894 2083 967 2156 ἄλλ’
995 2081 1016 2175 ἢ
1041 2085 1103 2176 τὴν

133 2193 194 2259 τοῦ
215 2186 296 2278 μετά
319 2205 432 2278 χεῖρας
459 2192 618 2277 Ψαλμοῦ,
646 2194 683 2259 έν
709 2180 737 2282 ᾦ
760 2200 887 2277 εἴρηται
904 2186 983 2257 “nal
1003 2186 1066 2278 γάρ
1085 2185 1142 2261 όεο

132 2289 311 2381 ἅνθρωπος
329 2295 387 2377 της
406 2288 540 2380 εἰρήνης
557 2320 635 2380 μου,
655 2286 710 2380 ἐφ’
730 2288 770 2362 δν
788 2289 925 2379 ἤλπισα,
944 2287 1102 2361 όέσθίων

133 2390 253 2477 άρτους
271 2422 336 2483 μου
355 2390 559 2482 ἐμεγάλυνεν
577 2389 630 2463 ἐπ’
652 2393 708 2482 ἐμὲ
726 2388 968 2481 πτερνισμόν;”
998 2396 1103 2479 φησὶν

133 2485 195 2565 οῦν
213 2490 494 2585 άρχόμενος“έγοδ
512 2495 607 2581 εἰπα,
631 2492 738 2579 κύριε,
767 2493 903 2582 ἐλέησόν
926 2523 983 2580 με,
1010 2505 1103 2563 ἰασαι

132 2594 194 2682 τὴν
212 2595 323 2685 ψυχήν
339 2625 416 2685 μου,
435 2594 485 2665 ότι
503 2592 651 2683 ἥμαρτόν
669 2618 721 2665 σοι
729 2592 757 2681 ,”
783 2599 839 2664 καὶ
865 2591 912 2664 δι’
940 2591 1020 2664 όλου
1043 2600 1103 2664 τοῦ

138 2702 294 2786 Ψαλμοῦ·
336 2703 385 2767 16.
415 2693 499 2782 άπερ
524 2700 731 2783 σαφέστερον
748 2693 765 2765 δ
785 2695 966 2785 Σύμμαχος
983 2699 1103 2765 τοῦτον
1116 2726 1142 2766 νε

135 2802 274 2880 ἐξέδωκε
299 2795 357 2867 τόν
388 2796 513 2887 τρόπον
536 2793 640 2886 “ἐμοῦ
664 2801 834 2885 λέγοντος,
863 2797 958 2884 κύριε
986 2804 1103 2867 οἰκτεί-

22 2944 24 2948 ,
133 2897 238 2986 ρησόν
255 2928 306 2987 με,
326 2909 417 2970 ἰασαι
434 2898 496 2988 τὴν
514 2897 628 2988 ψυχήν
643 2928 726 2988 μου,
750 2902 804 2968 καὶ
825 2907 855 2970 εἰ
872 2896 1021 2988 ἥμαρτόν
1037 2923 1103 2994 σοι,

66 3035 120 3090 129⁰]
135 3006 170 3070 οἰ
186 3005 304 3089 ἐχθροί
318 3030 382 3089 μου
402 3009 517 3090 ἔλεγον
535 3004 612 3090 περὶ
631 3004 713 3088 ἐμοῦ
725 2999 821 3088 κακά,
840 2999 919 3071 πότε
932 2998 1102 3089 άποθάνη,

109 3106 189 3172 ικαὶ
220 3098 392 3172 άπολεῑται
424 3103 460 3173 τό
490 3100 595 3192 όνομα
626 3100 750 3188 αὐτοῦ;
786 3105 842 3172 καί
874 3101 1102 3191 εἰσερχόμενος

134 3208 379 3286 ἐπισκέψασθαι
396 3202 517 3293 μάταια
536 3203 645 3276 ἐλάλει
664 3200 684 3293 ἡ
699 3211 822 3295 καρδία
841 3201 963 3292 αῦτοῦ,
982 3202 1102 3292 ἥθροι-
1115 3235 1142 3276 ω
