2326 3818
130 125 193 188 486
541 126 689 177 EUSEBII

132 269 168 335 ἐκ
186 268 294 353 φυλῆς
308 260 416 335 Ἰούδα
430 267 560 352 λέγεται
572 264 836 355 προελεύσεσθαι
847 261 925 334 οὐδ’
945 260 987 334 ύν
1006 275 1106 359 ζητη·

131 374 228 453 θείη,
252 371 298 457 τῷ
321 364 400 455 μηδ’
425 368 537 456 ἑτέρας
562 362 582 454 ἢ
605 373 662 455 τῆς
682 372 892 455 δηλωθείσης
914 374 1024 459 φυλῆς
1045 373 1105 441 καλ

132 463 235 538 αύτδν
253 467 338 539 εἶναι
356 466 415 538 τὸν
432 474 555 555 Λαβίδ.
591 469 720 554 γίνοιτο
739 464 773 536 δ’
793 463 836 537 ἂν
850 472 886 538 ἐκ
904 478 1117 559 περιουσίας·

129 570 184 639 καὶ
201 567 322 640 τούτου
340 567 586 658 παραστατικὸν
598 567 635 639 τὸ
650 568 738 660 παρὰ
749 577 869 639 Μωσεϊ
876 567 1001 657 λόγιον,
1020 576 1105 643 τοῦ-

128 699 186 741 του
205 678 281 760 ἔχον
298 669 356 741 τὸν
374 670 514 759 τρόπον·
1118 701 1131 742 ε

57 969 115 1023 (τεο)
440 930 520 1009 Ἀπὸ
538 942 594 1026 της
613 941 789 1019 Γενίσεως.

204 1078 254 1143 53.
277 1068 429 1162 “Ἰούδα,
454 1077 492 1144 σὲ
517 1075 712 1145 αίνὲσαισαν
736 1079 770 1145 ολ
792 1070 936 1164 ύδελφοί
956 1095 1036 1163 σου,
1066 1083 1106 1147 αι’

128 1177 235 1264 χεῖρές
258 1196 321 1245 σου
346 1178 399 1245 ἐπὶ
426 1174 534 1248 υω’του
557 1179 625 1246 τών
650 1179 782 1264 ἐχθρῶν
800 1197 878 1263 σου,
905 1175 1102 1265 προσκυνή-

129 1283 230 1346 σουσί
245 1298 297 1346 σοι
314 1281 349 1346 oc
370 1280 438 1348 υίοὶ
461 1284 521 1349 τοῦ
539 1275 662 1365 πατρός
680 1298 752 1347 σου.
795 1275 940 1366 σκύμνος
965 1280 1100 1360 λέοντος

124 1376 251 1467 Ἰούδα,
272 1382 308 1448 ἐκ
324 1382 467 1468 βλαστοῦ
492 1408 558 1467 μου
575 1379 629 1448 vib
646 1376 786 1467 ἀνέβης,
812 1377 991 1449 ιἰναπεσοδν
1010 1383 1099 1450 ἐκοι-
1113 1409 1137 1448 ιο

101 1479 241 1569 ιμήθης
259 1475 303 1562 οδς
321 1482 425 1566 λε’ων,
445 1483 500 1549 καὶ
519 1480 564 1560 ὡς
582 1478 737 1568 σκύμνος.
780 1486 830 1560 τίς
849 1483 958 1568 ἐγερεῖ
974 1478 1099 1566 αύτόν;

128 1580 190 1651 οὐκ
209 1585 354 1665 ἐκλείψει
372 1579 485 1669 ἅρχων
499 1586 531 1664 ἐξ
547 1577 666 1667 Ἰούδα,
685 1580 766 1651 οὐδὲ
779 1579 964 1670 ἡγούμενος
980 1584 1100 1653 ἐκτῶν

127 1690 243 1773 μηρῶν
261 1681 383 1770 αὐτοῦ,
408 1687 469 1763 ἕως
493 1677 535 1753 δν
554 1692 637 1773 ἔλθη
657 1672 684 1775 ᾦ
702 1679 890 1752 ἀπόκειται·
925 1684 980 1752 καὶ
999 1680 1100 1765 αύτὸς

129 1790 220 1853 ἔσται
238 1791 423 1872 προσδοκία
441 1780 587 1855 ἐθνῶν.”

195 1889 245 1954 54.
260 1881 616 1975 Λύδεκαφυλῶνπαρ’
629 1879 793 1972 Ἑβραίοις
804 1881 929 1970 οὐσῶν,
937 1882 981 1953 δι’
1002 1875 1050 1955 οἷν
1061 1884 1098 1956 τὸ
1113 1909 1136 1951 ιι

128 1992 196 2054 πᾶν
210 1993 310 2065 ἔθνος
328 1984 536 2073 συνεστήκει,
554 1992 631 2074 μιᾶς
644 1982 774 2054 τούτων
788 1983 966 2075 προπάτωρ
981 1988 1100 2073 γέγονε

59 2113 116 2165 [εει]
132 2087 187 2154 καὶ
201 2083 384 2174 ἆρχίφυλος
398 2081 415 2154 ὁ
431 2084 569 2172 Ἰούδας,
588 2084 671 2176 πρὸς
684 2082 724 2156 δν
737 2089 951 2156 τεθέσπισται
966 2084 1005 2155 τὰ
1018 2115 1099 2175 προ-

129 2194 276 2275 κείμενα,
297 2190 329 2270 ἐξ
348 2185 453 2256 αὐτοῦ
471 2186 529 2258 τόν
539 2187 683 2280 Χριστὸν
697 2186 964 2276 προελεύσεοθαι
978 2197 1102 2276 σημαί-

129 2317 238 2358 νοντα.
277 2298 308 2359 εί
323 2293 408 2377 γοῦν
426 2288 627 2377 συναγάγοις
647 2290 700 2357 ἐπὶ
718 2287 818 2358 ταυτδ
836 2291 893 2357 καὶ
911 2299 1101 2377 παραθείης

99 2431 111 2458 c
128 2397 168 2482 τῇ
186 2389 268 2479 μετὰ
285 2408 398 2483 χεῖρας
415 2390 473 2471 τὰς
493 2395 530 2461 ἐν
547 2407 615 2472 τοῖς
630 2387 782 2479 πρόσθεν
795 2397 951 2470 τεθείσας
968 2416 1098 2480 προφη-
1114 2418 1138 2458 ιο

129 2499 234 2581 τείας,
260 2491 370 2582 εὕροις
394 2488 436 2562 δν
459 2490 580 2580 ὁμοίως
599 2489 681 2562 κατύ
705 2520 736 2560 τι
754 2489 868 2561 κοινδν
885 2507 1023 2579 σημεῖον
1041 2489 1101 2562 τὸν

128 2591 233 2663 αὐτὸν
251 2591 505 2683 κηρυττόμενον.
548 2598 599 2662 55.
618 2588 639 2680 ἡ
657 2594 720 2682 μὲν
743 2592 807 2678 γὰρ
834 2600 926 2679 ἔλεγε
945 2594 1101 2679 περὶτοῦ

130 2699 166 2764 ἐκ
185 2700 274 2782 ῥίζης
288 2693 406 2764 Ἰεσσαὶ
424 2691 698 2782 ἆναστησομένου
721 2692 757 2762 τὸ
776 2691 856 2761 “καὶ
881 2699 972 2762 ἔσται
990 2688 1007 2761 ὁ
1026 2689 1102 2765 πνι·

130 2793 291 2881 στύμενος
309 2791 424 2883 ἄρχειν
443 2797 571 2883 ἐθνῶν,
597 2790 648 2865 ἐπ’
670 2791 759 2886 αύτῷ
779 2802 863 2882 ἔθνη
883 2791 1099 2865 ἐλπιοῦσιν“”

130 2893 150 2981 ἡ
171 2896 208 2964 δὲ
223 2898 301 2986 περὶ
317 2900 376 2965 τοῦ
390 2900 467 2966 υἱοῦ
481 2900 680 2986 Σολομῶνος
694 2896 730 2965 τδ
743 2892 1020 2986 “κατακυριεύσει
1034 2891 1099 2966 dud
1114 2921 1139 2962 ει

127 2994 304 3086 θαλάσσης
323 2995 585 3093 ἕωςιθαλύσσης,
604 3000 660 3068 καὶ
674 2994 739 3066 ἀπὸ
753 3003 902 3086 ποταμοῦ
913 3000 978 3080 ἕως
997 2995 1101 3086 περά-

128 3126 198 3168 των
215 3103 273 3188 της
291 3102 506 3188 οἰκουμένης,
535 3101 591 3169 καὶ
611 3096 934 3187 ἐνευλογηθήσονται
954 3103 990 3168 ἐν
1008 3094 1101 3190 αύτῷ

131 3197 291 3270 πάντατὰ
306 3209 390 3288 ἔθνη
399 3198 428 3232 ·”
450 3196 471 3290 ἡ
486 3201 523 3270 δὲ
537 3199 619 3289 μετὰ
636 3216 749 3290 χεῖρας
761 3205 1000 3292 παραπλησίως
1014 3194 1100 3280 “ἕως

200 3431 214 3478 7
235 3431 303 3483 Gen.
316 3433 359 3493 49,
371 3433 395 3480 8.
500 3434 533 3483 23
550 3432 597 3484 Es.
613 3433 708 3496 11,10.
811 3433 845 3483 25
862 3433 909 3486 Ps.
922 3432 964 3494 72,
976 3431 1001 3480 8.
