2326 3818
143 121 184 186 32
553 121 701 172 ευεεειι

143 264 199 332 καὶ
224 260 337 348 κύριος
360 257 596 351 άνηγόρευται,
621 263 851 350 μυσταγωγῶν
880 258 939 332 τὸν
961 268 1111 352 θεοφιλῆ

142 361 200 444 τάς
228 366 386 452 περὶτοῦ
415 362 537 453 πατρὸς
564 359 762 451 αῦθεντίας,
787 370 847 433 καί
863 392 938 433 τινα
962 357 1007 445 οῦς
1031 365 1112 455 περλ

144 468 258 554 ἑτέρου
281 467 370 534 θεοῦ
395 462 582 552 διδάσκων,
606 461 627 532 ά
652 467 708 534 καί
734 463 816 535 κατά
839 465 956 554 καιρὸν
975 469 1112 536 ἐπισπε-

143 563 285 655 ψόμεθα.
320 572 367 637 18.
387 563 471 636 άλλά
489 569 545 636 καὶ
558 571 604 659 τῷ
620 562 694 653 Ἰάιβ
712 560 872 654 οῦῦέυαῆ
890 570 1009 637 τοῦτον
1021 566 1114 639 εἶναι

142 666 201 738 τὸν
223 676 471 757 χρηματίσαντα
494 666 575 756 μετά
597 665 659 755 τὴν
686 663 833 756 αὐτάρκη
863 673 1140 757 ῦιαγυμνασίαυε

143 765 182 840 οῦ
200 766 339 858 θεμιτὸν
359 775 475 839 εἰπεῖν.
518 766 681 858 πρότερον
702 770 764 858 μὲν
788 768 850 857 γάρ
876 766 931 839 διά
949 776 1115 853 λαίλαπος

143 875 198 940 καὶ
215 875 332 958 νεφιῦυ
356 870 529 959 ἐπιφανεὶς
547 868 638 964 αὐτῷ
660 868 719 940 τὸν
740 875 809 940 τῶν
826 866 915 941 ῦλων
932 867 1016 942 θεὸν
1034 873 1115 942 ἑαυ-

142 971 201 1042 τὸν
214 969 294 1041 ὅντα
308 978 463 1061 παρίστη,
478 970 605 1060 προῖὼν
618 972 656 1041 δέ
671 974 744 1059 ἑξῆς
760 970 880 1042 ἑαυτὸν
891 975 1115 1063 ἐπιδείκνυσι,

117 1068 229 1142 εῦστε
253 1070 357 1161 φάναι
380 1071 438 1144 τόν
458 1069 531 1161 Ἰάβ
549 1068 718 1144 “άκουσον
743 1077 783 1144 δέ
798 1101 879 1162 μου,
911 1073 1022 1164 κύριε,
1053 1080 1116 1147 ἵνα

144 1171 235 1261 κάγῦ
253 1171 395 1262 λαλήσω.
433 1171 538 1263 άκοὴν
550 1176 611 1263 μέν
630 1182 745 1264 φωνῆς
759 1172 883 1264 ἤκουόν
897 1197 959 1246 σου
976 1175 1014 1246 τὸ
1031 1174 1115 1267 πρά-
1127 1202 1154 1245 τι

144 1303 256 1366 τερον,
276 1278 354 1346 νυνὶ
373 1277 411 1346 δὲ
427 1271 445 1345 ὁ
463 1274 640 1365 ὀφθαλμός
657 1306 722 1365 μου
741 1274 869 1366 ἑώρακέ
884 1273 954 1347 σε.”

221 1383 269 1446 19.
288 1384 334 1448 Ec
350 1379 388 1448 δέ
404 1378 449 1468 μὴ
467 1373 593 1448 οἷόντε
611 1376 669 1449 τόυ
688 1381 842 1449 ἐπέκεινα
858 1377 961 1466 θεόν,
978 1375 1038 1448 νῦν
1051 1376 1117 1452 &0¹-

143 1509 244 1568 ρατου
253 1482 309 1548 καὶ
321 1475 506 1568 ἀγέννητον
515 1485 571 1550 καὶ
582 1485 793 1570 παμβασιλέα
806 1483 874 1551 των
886 1478 986 1569 ῦλων,
999 1486 1116 1574 θνητῇ

142 1580 247 1670 φάναι
270 1593 478 1671 θεωρεῖσθαι
503 1581 622 1670 φύσει,
645 1588 696 1664 τίς
720 1576 763 1651 άν
786 1580 804 1651 ὁ
831 1580 1033 1671 ῦηλοῦμενος
1058 1595 1116 1674 εῖιγ

142 1679 231 1770 πλὴν
253 1684 314 1752 τοῦ
339 1681 422 1770 πρὸς
444 1679 540 1771 ἡμῶν
563 1682 644 1772 μετά
667 1681 726 1753 τὸν
743 1685 869 1771 πατέρα
892 1692 1154 1775 κυριολογου-ιι

142 1785 246 1870 μένου
268 1790 353 1853 θεοῦ
371 1781 488 1871 λόγου;
515 1787 571 1853 κᾶὶ
594 1791 630 1854 τί
651 1791 706 1855 δεῖ
729 1791 868 1855 πλείονα
893 1786 971 1876 περὶ
989 1784 1115 1859 τούτου

142 1900 367 1974 συναγαγεῖν,
387 1883 496 1976 παρὸν
515 1889 550 1956 ἐκ
567 1889 635 1955 των
655 1891 755 1974 ίεριῦν
765 1893 895 1974 βίβλων
907 1887 965 1967 τάς
981 1884 1116 1961 τούτων

143 1984 317 2067 συστάσεις
338 1984 537 2076 λαμβάνειν,
552 1983 591 2068 άς
609 1989 665 2056 καὶ
683 1984 780 2057 αῦτοὶ
797 1984 880 2057 κατά
897 1988 958 2078 τὴν
975 2014 1117 2077 προκει-

142 2088 248 2175 μένην
265 2082 431 2158 ῦπόθεσιν
450 2092 504 2158 ἐπὶ
517 2092 638 2177 σχολῆς
651 2086 893 2177 άναλεξόμεθα,
912 2096 960 2170 είς
977 2087 1115 2162 άπόθει·

142 2192 195 2270 ξιν
211 2195 271 2259 τοῦ
288 2189 373 2277 μηδὲ
391 2186 493 2260 άλλου
510 2187 530 2278 ἢ
548 2189 607 2261 τὸν
624 2194 684 2260 τοῦ
707 2192 794 2260 θεοῦ
816 2189 917 2279 λόγον
941 2190 1027 2260 εἶναι
1050 2191 1151 2266 vav»

141 2305 210 2370 τοῖς
228 2294 404 2379 θεοφιλέσι
428 2289 654 2381 προπάτορσιν
677 2294 885 2380 ἑωραμένον;
912 2297 964 2363 20.
983 2290 1115 2366 οῦκοῦν

83 2419 128 2472 (τε)
141 2390 223 2481 μετά
244 2389 307 2481 τὴν
330 2395 406 2481 περὶ
430 2401 490 2465 τοῦ
512 2397 581 2464 τῶν
606 2389 695 2464 ὅλων
710 2398 925 2483 δημιουργοῦ
951 2392 1115 2484 διάληψιν

141 2491 257 2564 καὶ
220 2524 260 2563 τα
283 2497 360 2584 περὶ
383 2502 442 2565 τοῦ
465 2503 612 2585 Χριστοῦ
635 2500 754 2577 κοιυιῦς
781 2493 863 2585 ἡμιν
883 2525 920 2567 τε
942 2492 1113 2582 νάκείνοις

142 2596 381 2716 παραδέδοται
402 2603 504 2666 ἔνθεν
517 2600 573 2666 καὶ
586 2596 751 2685 Χριστοῦς
764 2592 886 2677 αὐτοῦς
904 2595 947 2719 θη
961 2601 1114 2683 ἐκείνους
1152 2604 1157 2673 ἶ

141 2694 219 2775 τοῦς
238 2693 301 2781 πρὸ
319 2699 471 2778 Μωσέως
493 2707 683 2786 θεοφιλεῖς,
709 2720 820 2786 ωσπερ
844 2699 907 2768 οῦν
924 2694 1009 2788 ημάς
1026 2711 1114 2792 Χρι-
1124 2730 1150 2775 ι

143 2794 315 2883 στιανοῦς,
336 2794 443 2883 εὕροις
462 2794 504 2867 άν
521 2802 753 2922 κεκλημένους.
789 2802 954 2871 καὶτοῦτο
973 2800 1011 2870 ῦε
1029 2801 1113 2873 ἐπά-

142 2921 266 2967 κουσον
296 2896 339 2981 ῦς
362 2922 446 2988 φησι
472 2903 549 2990 περὶ
575 2898 685 2971 αῦτῦυ
711 2905 747 2971 έν
769 2911 920 3025 Ψαλμοῖς
942 2899 979 2972 τό
997 2901 1113 2993 λόγιον

139 2994 262 3069 “έυ
217 3028 263 3068 τω
283 3000 368 3070 εἶναι
387 2997 506 3083 αῦτοῦς
525 2994 659 3096 άριθμρῦ
672 3009 825 3093 βραχεῖς,
843 2999 1035 3092 ὀλιγοστοῦς
1054 3009 1114 3077 καὶ

141 3108 323 3191 παροίκους
343 3100 435 3172 ἐν’
397 3132 492 3192 αυτη,
485 3106 566 3172 καὶ
586 3108 729 3192 ῦιηλθον
748 3109 779 3189 ἐξ
799 3113 921 3187 ἔθνους
936 3111 983 3186 είς
998 3111 1113 3199 ἔθνος,

141 3206 197 3271 καὶ
221 3206 258 3273 έιι
282 3211 453 3291 βασιλείας
480 3211 526 3287 είς
550 3203 675 3275 λαὸν”
657 3234 790 3297 ετερον,
814 3205 876 3278 οῦκ
898 3205 1030 3296 άφῆκευ
1048 3205 1150 3281 άν-ιτ

141 3350 345 3361 “Qv—

210 3439 225 3485 9
246 3435 312 3486 Gen.
327 3438 368 3500 42,
381 3440 407 3490 4.
511 3439 543 3488 27
561 3440 607 3491 Ρε.
621 3441 679 3502 105,
694 3443 733 3490 12.
