2326 3818
135 108 200 170 434
543 108 692 158 Ευευειι

137 239 200 319 οῦν
218 249 274 316 καὶ
292 242 312 336 ή
331 255 466 334 ἔκβασις
485 251 703 336 ἐπιμαρτυρεῖ
719 252 785 316 τῶν
805 244 922 334 λόγων.
957 249 1011 315 ἐπὶ
1031 272 1109 336 σχο-

136 354 194 436 λής
221 350 261 417 δέ
282 377 329 429 τις
352 351 408 417 καὶ
432 357 573 417 πλεῖστα
596 350 692 437 ἕτερα
719 346 830 435 ῶσπερ
855 355 902 428 είς
918 343 1109 437 Ἀσσυρίων

136 449 316 542 πρόσωπον
344 453 380 519 ἐν
402 467 474 531 ταῖς
497 457 714 540 προφητείαις
745 452 903 538 εἰρημένα
934 447 1027 538 εῦροι
1064 447 1108 521 ἂν

138 549 356 640 ἐπιτηρήσας,
376 549 531 641 οὐδαμῶς
549 552 610 640 μὲν
628 569 696 632 τοῖς
710 549 898 639 Ἀσσυρίοις
918 550 1109 640 ἐφαρμόσαι

136 653 324 743 δυνάμενα,
355 658 395 743 τῇ
429 654 465 721 δέ
498 650 719 744 ἐπικρατοῦση
750 650 899 721 καθόλου
925 655 994 721 τῶν
1021 653 1134 726 κατάτ

135 756 275 845 χρόνους
295 759 407 824 ἐθνῶν
431 760 592 844 βασιλείᾳ.
634 759 684 822 69.
705 751 770 843 ήδη
793 758 877 841 γοῦν
896 756 951 822 καὶ
970 757 1107 845 Πέρσας

136 857 277 944 εῦρομεν
303 852 393 941 παρίι
417 853 580 944 Ἑβραίοις
604 850 799 943 Ἀσσυρίους
831 855 1106 944 ὠνομασμένους

106 957 187 1027 εδιό
206 960 261 1025 καλ
286 960 351 1025 νῦν
368 954 600 1045 ὑπειλήφαμεν
623 962 831 1039 αἰνίττεσθαι
847 955 905 1028 τόν
924 955 1024 1043 λόγον
1043 955 1108 1046 τήν

129 1057 299 1145 Ῥωμαίων
323 1053 436 1146 ἀρχήν.
480 1055 758 1128 κατευθύνουσαν
782 1055 845 1146 γῦρ
864 1060 919 1126 καλ
938 1071 1107 1129 κατευθυ-

135 1156 352 1247 νομένηνῦπὸ
366 1164 426 1227 τοῦ
440 1162 528 1229 θεοῦ
540 1155 621 1247 μετα
634 1156 695 1247 τήν
703 1163 762 1228 τοῦ
775 1163 922 1248 σωτῆρος
936 1157 1031 1248 ήμῶν
1042 1189 1106 1230 πα·
1121 1191 1144 1230 ιο

135 1267 275 1347 ρουσίαν
288 1258 426 1349 ὁρῶμεν.
460 1266 509 1330 70.
524 1263 640 1349 μηδεὶς
656 1261 694 1329 δέ
711 1257 975 1348 ὑπολαμβανέτω
995 1260 1107 1332 πάντα

134 1357 218 1451 ήμῦς
236 1364 346 1450 λέγειν
370 1359 409 1430 τα
434 1364 510 1451 περὶ
527 1358 712 1452 Ἀσσυρίων
732 1364 767 1430 ἐν
785 1379 856 1442 ταῖς
873 1370 984 1444 θείαις
1003 1362 1105 1451 φερό-

133 1493 217 1552 μενα
235 1478 380 1554 γραφαῖς
400 1465 453 1531 ἐπὶ
466 1461 646 1551 Ῥωμαίους
662 1459 850 1550 ῦνῦγεσθαι
868 1461 1021 1552 (ήλίθιον
1039 1464 1106 1555 γὰρ

134 1569 189 1635 καὶ
207 1562 342 1645 ἀναιδὲς
360 1563 484 1654 τοῦτο),
504 1561 587 1634 ῦλλῦ
600 1594 693 1645 τινας
708 1563 794 1633 εἶναι
811 1564 1016 1654 προφητικῶς
1034 1594 1106 1654 φω·

134 1665 193 1749 νῦς
217 1684 289 1746 ταῖς
313 1669 390 1751 περὶ
420 1670 480 1736 τοῦ
504 1669 652 1756 Χριστοῦ
675 1673 872 1755 μαρτυρίαις
898 1688 1103 1757 συμπεριπε·
1120 1697 1144 1736 ιε

133 1770 336 1856 πλεγμένας,
355 1765 394 1847 ῶς
412 1795 522 1855 φαμεν
536 1769 614 1856 περὶ
627 1765 804 1856 Ῥωμαίων
819 1774 1027 1838 αἰνίττεσθαι
1047 1769 1105 1839 διδι

133 1874 190 1957 τής
207 1872 275 1939 τῶν
288 1867 475 1959 Ἀσσυρίων
493 1876 727 1958 προσηγορίας,
747 1873 782 1937 ἐκ
793 1874 850 1956 τῆς
864 1872 924 1938 τοῦ
941 1865 1104 1957 ὀνόματος

134 1973 309 2060 ἑρμηνείας
333 1965 386 2037 ῦελ
411 1974 652 2059 συνισταμένης
676 1974 734 2057 τῆς
759 1969 841 2039 κατίι
864 1969 1006 2060 χρόνους
1031 1975 1104 2041 ἐπι-

133 2070 320 2159 κρατούσης
337 2075 406 2139 τῶν
425 2076 537 2140 ἐθνῶν
555 2078 744 2159 βασιλείας,
770 2065 813 2153 ῶς
833 2075 886 2140 ἐπὶ
905 2079 1025 2159 καιροῦ
1043 2079 1103 2143 τοῦ

133 2170 359 2261 προσήκοντος
377 2171 641 2262 παραστήσομεν,
676 2178 724 2241 71.
744 2175 799 2241 καὶ
818 2181 923 2260 ἔγωγε
937 2170 995 2242 τόν
1013 2183 1101 2261 λογι·
1117 2205 1143 2245 κο

134 2273 217 2362 σμδν
235 2281 291 2361 τής
317 2271 418 2363 αὐτῆς
436 2273 627 2356 ἀποδόσεως
652 2272 733 2364 πρὸς
757 2278 901 2363 ἐμαυτὸν
919 2273 1104 2363 διερευνῶ-

65 2405 118 2455 (323)
132 2404 231 2464 μενος
256 2375 346 2464 οἶμαι
371 2374 419 2445 δι’
441 2372 543 2446 οῦδὲν
567 2380 681 2465 ἕτερον
699 2375 743 2464 μή
768 2373 927 2464 ὀνομαστὶ
945 2380 1013 2445 τῶν
1026 2370 1101 2446 Ῥω-

132 2484 240 2567 μαίων
266 2485 495 2568 μνημονεῦσαι
525 2476 564 2546 τῦ
594 2474 782 2565 προφητικίι
812 2475 907 2564 λόγια
937 2471 959 2564 ἢ
984 2474 1039 2546 διδι
1064 2476 1102 2548 τό

131 2583 264 2667 μέλλειν
284 2583 336 2648 ἐπὶ
354 2583 411 2666 της
424 2576 595 2667 Ῥωμαίων
612 2585 783 2666 βασιλείας
801 2576 862 2666 τήν
875 2581 935 2648 τοῦ
952 2582 1102 2667 σωτῆρος

132 2678 225 2769 ήμῶν
240 2677 347 2768 Ἰησοῦ
367 2683 513 2770 Χριστοῦ
536 2678 736 2767 διαλάμπειν
754 2686 800 2759 είς
819 2678 945 2759 πάντας
962 2677 1099 2764 ἆνθρῶ-
1115 2710 1142 2750 τε

131 2809 214 2861 πους
241 2786 477 2867 διδασκαλίαν,
503 2783 557 2849 καὶ
582 2779 640 2861 τῶς
665 2780 871 2871 προφητικῶς
894 2777 1024 2871 γραφὰς
1043 2779 1098 2849 ἐπ’

132 2880 232 2970 αὐτῆς
250 2909 286 2950 τε
303 2886 361 2969 τῆς
374 2879 543 2972 Ῥωμαίων
568 2881 693 2963 πόλεως
712 2887 767 2952 καλ
787 2886 823 2953 ἐν
841 2887 923 2951 πᾶσι
947 2898 1015 2963 τοῖς
1033 2878 1102 2952 ῦπό

125 2979 304 3073 Ῥωμαίους
334 2992 449 3054 ἐθνεσι
477 2983 748 3074 δημοσιεῦεσθαι.
800 2989 848 3052 72.
874 2979 922 3053 ἵν’
948 2973 1010 3052 οῦν
1031 3000 1101 3066 τοῖς

132 3090 188 3174 τής
212 3082 314 3176 ῦρχής
340 3089 497 3172 κρατοῦσι
524 3088 763 3176 δυσαρέστησις
790 3092 934 3174 μηδεμία
965 3086 1102 3173 γένηται

133 3193 168 3256 ἐκ
192 3195 249 3276 τῆς
273 3186 444 3278 προδήλου
468 3193 544 3278 περὶ
569 3183 680 3257 αῦτῶν
698 3184 910 3274 ῦναγραφής,
936 3183 980 3254 δι’
1011 3193 1141 3255 αίνι-ιο

104 3318 117 3357 ι
131 3289 265 3375 γμῶτων
284 3285 301 3358 ὁ
321 3288 417 3377 λόγος
442 3288 651 3378 ἐπεκρύψατο
679 3297 717 3359 ἐν
738 3317 775 3358 τε
794 3290 917 3376 ἑτέροις
935 3293 1100 3376 πλείοσιν,

131 3388 171 3458 οῦ
189 3389 256 3478 μήν
274 3387 357 3458 ῦλλίι
376 3393 431 3460 καὶ
443 3395 479 3460 ἐν
493 3407 563 3472 ταῖς
577 3397 637 3461 τοῦ
646 3388 777 3478 Δανιήλ
794 3397 965 3481 θεωρίαις,
986 3385 1100 3479 ῶσπερ
