2326 3818
239 195 243 202 ¹
314 125 773 177 DEMONST.EVANG.V11.3.
964 123 1026 186 481

57 264 231 354 νήσεσθαι.
269 268 319 335 32.
340 261 390 332 ὅτι
411 263 447 332 δὲ
465 259 541 333 οὐδ’
564 257 618 350 ἐφ’
638 257 786 350 ἑτερονῆ
806 265 857 332 ε’πλ
874 261 931 334 τὸυ
950 263 1027 353 ἡμὲ·

57 396 153 454 τερον
178 369 311 453 σωτῆρα
341 363 399 434 τὸν
422 360 568 453 Χριστόν
597 369 656 433 τοῦ
686 369 770 432 θεοῦ
801 361 960 452 ἀνάγεται
988 363 1028 435 τό

59 465 265 555 δηλούμενα,
285 469 321 534 ἐκ
340 470 430 556 ῥίζης
448 462 754 553 γενόμενονΛαβίδ
772 493 807 533 τε
826 469 880 534 καλ
896 463 1027 554 Ἰεσσαί,

57 567 119 638 οὐκ
131 568 227 657 οἶμαί
241 596 316 637 τινα
334 565 569 656 ἆμφιβόλλειν,
589 565 809 652 ἐπιστήσαντα
823 571 862 655 τη
877 595 912 635 τε
929 572 1027 656 ἐπαγ-

31 678 153 792 εγελίηι
176 676 234 755 τῆς
260 667 474 757 προρρήσεως
498 665 768 758 φασκοόση“καὶ
793 674 883 736 ἔσται
907 668 927 756 ἡ
953 675 1024 759 ῥίζα
1045 708 1056 736 e
1115 741 1125 751 ς

57 778 116 840 τοῦ
137 767 273 857 Ἰεσσαί,
305 764 401 839 καὶ
385 798 402 839 0
427 768 644 901 ἆμιστρλμενος
668 765 783 856 όίρχειν
813 772 945 856 ἐθνῶν,
974 768 1024 838 ἐπ’

58 869 149 965 αότφ
138 876 254 960 ἔθνη
269 863 456 959 ἐλπιοῦσι,”
476 874 615 951 καὶτοῖς
634 872 687 940 ἐπί
701 877 760 939 τοῦ
774 877 921 989 σωτῆρος
933 868 1028 992 ἡμῶν

59 977 287 1097 δεικνυμένοις
318 970 570 1060 αἰποτελὲσμασι
613 977 663 1042 33.
689 973 789 1094 μόνος
818 975 901 1059 γοῦν
932 961 1028 1054 οὗτος

58 1104 139 1163 μετα
157 1075 218 1164 τὴν
237 1078 273 1143 ἐκ
291 1077 420 1162 νεκρῶν
438 1072 638 1161 ἀνάστασιν,
660 1067 739 1141 δι’
724 1101 768 1160 ην
786 1077 842 1142 καλ
860 1073 951 1162 οἶμαι
970 1070 1029 1142 αό

20 1209 44 1248 ιο
57 1174 116 1246 τόν
129 1173 352 1263 ἀνισταμενον
367 1177 615 1262 ἐπικεκλῆσθαι,
627 1203 667 1243 ου
658 1170 756 1243 ποῦ’
753 1181 922 1245 Ιουδαίων
934 1179 1028 1264 λαοῦ,

58 1273 142 1344 όιλλόι
160 1281 228 1346 τῶν
253 1277 365 1345 ἐθνῶν
388 1274 547 1345 ἁπάντων
564 1266 680 1365 ἦρξεν,
706 1273 751 1356 ῶς
774 1274 819 1363 μὴ
846 1282 1030 1365 δεδεῆσθαι

58 1377 94 1445 τὸ
113 1376 226 1464 λόγιον
251 1380 445 1464 ἑρμηνείας,
471 1380 586 1465 σαφῶς
609 1374 781 1497 πρρδήλου
808 1386 1029 1465 καθεστῶτος,

53 1505 146 1602 ρπως
166 1485 212 1558 είς
231 1475 336 1547 αὐτόν
353 1480 444 1558 τέλος
464 1488 580 1566 εἴληφε
593 1475 676 1566 μετόι
691 1483 758 1548 τῶν
784 1475 896 1547 ἄλλων
914 1478 1025 1548 καὶ
993 1508 1029 1548 το

53 1577 128 1647 “ε’π’
152 1575 240 1671 αότφ
231 1582 344 1667 ἔθνη
365 1577 568 1648 ἐλπιοῦσιν)
595 1584 646 1650 34.
665 1577 757 1648 παλδ’
780 1573 823 1659 ῶς
841 1582 918 1668 περὶ
938 1579 1030 1672 ζῴων

21 1713 45 1753 ιο
60 1681 115 1749 καὶ
132 1689 265 1769 θηρίων
283 1675 521 1768 ἡμερουμὲυων
534 1684 590 1750 καὶ
610 1678 646 1750 τό
659 1677 776 1799 ἄγριον
789 1671 873 1768 ἦθος
892 1680 978 1751 καλ’
962 1689 1030 1752 ατί-

58 1793 168 1851 θασου
198 1780 465 1871 αἰποθησομὲνωυ
496 1783 549 1851 ἑπλ
581 1789 621 1871 τῇ
652 1785 712 1851 τοῦ
734 1786 1031 1906 προφητευομενου

60 1886 219 1974 ἐπιδημίᾳ
238 1883 400 1971 λεγόμενα
418 1880 629 1971 ἆλληγοροῖτ’
649 1879 691 1953 α’ὶν
710 1886 763 1952 ἐπὶ
782 1882 925 1971 τρόπους
943 1881 1032 1971 όιπη-

59 2001 128 2066 νεῖς
153 1988 209 2053 καὶ
236 1984 374 2074 αἰγρίους
398 1987 454 2053 καλ
478 1982 547 2073 ἤθη
566 1983 702 2072 ἀνδρῶν
725 1986 879 2073 θηριῶδη
901 1984 955 2054 διδ
974 1993 1059 2074 τῆςι

59 2091 119 2153 τοῦ
138 2091 285 2172 Χριστοῦ
305 2092 521 2165 διδασκαλίας
538 2092 597 2172 τῆς
615 2083 749 2173 ἀλογίας
768 2088 822 2156 καὶ
841 2095 1029 2177 θηριωδίας

21 2220 45 2259 εο
59 2184 323 2273 μεταθησόμευα.
369 2191 419 2255 35.
440 2182 656 2273 οἷλληγοροϊτο
676 2185 707 2256 δ’
729 2184 772 2257 όν
790 2193 894 2257 ταῦτα
916 2195 1031 2277 σαφῶς

59 2282 182 2370 οὕτως,
206 2279 249 2355 ῶν
274 2290 329 2355 καλ
354 2284 415 2374 την
440 2289 651 2375 δηλουμένην
678 2287 733 2357 διόι
751 2292 809 2374 της
828 2298 1031 2378 προφητείας

61 2393 155 2478 ῥίζαν
169 2383 305 2474 Ἰεσσαὶ,
331 2389 387 2457 καὶ
405 2384 466 2474 τὴν
485 2387 629 2478 ῥάβδου,
654 2393 708 2456 καλ
732 2387 769 2456 τὸ
787 2386 892 2468 ῶνθος
910 2417 1032 2476 τροπο-

61 2492 170 2576 λογῶν
187 2518 237 2569 τις
256 2496 303 2558 ἑτι
323 2488 554 2579 ἑρμηνεύσειε,
575 2492 630 2558 καὶ
649 2484 692 2567 ῶς
711 2484 753 2557 όν
772 2491 966 2577 ἐπινοηθείη
982 2497 1030 2558 δι-

61 2589 223 2681 καιοσύνη
247 2591 310 2679 μὲν
332 2588 390 2671 τὰς
414 2589 560 2680 πλευρὰς
579 2587 803 2679 ζωννόμενος,
831 2587 974 2682 ἀληθείᾳ
995 2593 1031 2659 δὲ

22 2721 47 2761 ευ
61 2689 123 2781 την
140 2690 252 2781 ὀσφυν
272 2694 450 2781 είλημὲνος.
488 2699 537 2762 36.
559 2686 602 2773 ῶς
620 2691 683 2782 γὰρ
697 2688 737 2761 οό
752 2692 898 2761 δυνατόν
913 2697 1032 2779 ἑτέρως

60 2798 163 2862 ταῦτα
181 2790 202 2880 ἢ
221 2794 277 2862 διδ
295 2794 398 2883 μόνης
416 2792 635 2883 ἀλληγορικῆς
654 2792 845 2875 ἀποδόσεως
869 2792 1032 2883 ἑρμηνεύ-

62 2921 129 2980 ειν,
156 2892 214 2962 τὸν
233 2891 478 2982 αὐτὸντρόπον
497 2899 608 2965 ἕπεται
628 2897 683 2964 καὶ
702 2896 741 2965 τὰ
759 2898 836 2983 περὶ
854 2902 921 2965 τῶν
949 2895 1032 2964 κατὰ

60 2993 137 3075 τοὺς
154 2992 277 3074 τόπους
295 2992 547 3084 ὀνομαζομένων
565 2994 658 3088 ζςόων
677 3003 797 3088 χρῆναι
816 3003 892 3067 δεῖν
912 3002 1032 3085 ἐκλαμ-

62 3094 188 3185 βαίνειν.

114 3530 250 3566 zusssfflus
271 3532 316 3566 111.
