2326 3818
146 116 210 179 210
560 116 709 167 EUSEBH

147 259 208 325 τοῦ
225 262 401 342 θεολογίας
421 253 628 342 ἐφάψασθαι,
647 256 703 323 καί
721 244 780 324 τδν
793 252 877 324 θεὸν
890 251 1008 340 λόγον,
1026 249 1117 334 ὅστις

148 353 223 427 ποτ’
244 346 286 444 ἦν
303 352 321 425 5
336 355 391 426 διὰ
405 363 463 426 τοῦ
477 359 682 445 φαινομένου
696 353 819 444 ἀνδρὸς
831 354 888 435 τὰς
901 366 1117 444 θαυματουρ-

148 466 222 546 γίας
241 463 400 544 ἐκτελῶν,
420 461 629 528 ἐποπτεῦσαι.

533 759 734 767 ———

96 1054 137 1106 μα
343 1016 347 1025 ’
437 1039 592 1090 BIBAION
612 1039 831 1090 TETAPTION.

81 1200 136 1251 μμ)
224 1176 245 1236 1.
265 1160 399 1249 Ἐπειδὴ
423 1153 463 1230 τδι
486 1160 696 1251 προσήκοντα
720 1164 797 1249 περὶ
818 1165 876 1248 τῆς
895 1160 1145 1250 ἐνανθρωπή-ι

149 1289 233 1346 σεως
251 1268 310 1334 τοῦ
329 1267 475 1350 σωτῆρος
493 1261 587 1351 ἡμῶν
606 1267 643 1332 ἐν
660 1266 706 1355 τῷ
723 1261 788 1348 πρὸ
805 1261 925 1332 τοῦτον
944 1262 1118 1352 συγγράμ-

122 1395 245 1456 ςματι,
272 1374 371 1457 τρίτῳ
395 1363 467 1434 ῦντι
484 1369 541 1452 της
559 1362 787 1452 Εῦαγγελικης
801 1362 1034 1452 Ἀποδείξεως,
1054 1363 1118 1435 αῦ-

147 1466 275 1557 τῶρκως
293 1463 373 1555 ἡμῖν
392 1464 648 1553 διαπεπόνηται,
672 1462 786 1553 καιρὸς
804 1462 870 1554 ἤδη
894 1467 949 1534 καί
966 1462 1118 1556 ἀπορρη-

147 1575 291 1656 τοτέρων
311 1566 506 1654 ἐφάψασθαι
529 1565 639 1653 λόγων
661 1570 729 1636 τῶν
747 1569 899 1654 περὶτῆς
919 1562 993 1636 κατ’
1013 1563 1118 1640 αῦτὸν

147 1672 393 1759 μυστικωτέρας
410 1675 596 1755 θεολογίας.
625 1672 654 1736 2.
673 1666 691 1736 5
709 1668 771 1756 μὲν
785 1657 849 1737 οῦν
861 1670 1005 1754 περὶτοῦ
1023 1667 1116 1757 πρῶ·
1132 1692 1158 1732 ιο

147 1799 207 1840 του
226 1773 282 1839 καί
299 1766 431 1857 οἷίδίου,
450 1767 555 1858 μόνον
572 1795 608 1837 τε
626 1764 811 1856 ἄγεννήτου
833 1771 888 1838 καί
907 1771 961 1837 ἐπί
979 1767 1118 1841 πάντων

148 1879 256 1943 αίτίου
280 1875 347 1940 τῶν
370 1869 478 1956 ὅλων,
502 1867 732 1959 πανηγεμόνος
750 1897 786 1939 τε
808 1871 864 1939 καὶ
881 1873 1118 1959 παμβασιλέως

146 1978 233 2043 θεοῦ
256 1970 365 2051 κοινός
387 1970 511 2040 ἅπασιν
529 1966 721 2057 ἀνθρώποις
741 1973 810 2041 ἐστὶ
829 1969 940 2058 λόγος·
976 1978 1058 2051 ίδιος
1076 1973 1116 2041 δὲ

148 2077 203 2142 καλ
218 2071 328 2151 κοινὸς
348 2061 447 2153 αῦθις
462 2067 624 2161 Ἐβραίων
638 2074 693 2142 καί
707 2070 802 2160 ἡμῶν
819 2070 837 2142 5
857 2075 933 2159 περὶ
950 2075 1115 2162 Χριστοῦ

123 2171 188 2250 εδυ
214 2179 259 2260 πη
286 2173 348 2263 μὲν
374 2169 494 2262 ὁμοίως
516 2173 597 2263 ἡμῖν
620 2192 692 2255 ταῖς
715 2172 794 2261 παρ’
822 2171 935 2255 αὐτοῖς
960 2172 1115 2263 ἑπόμενοι
1131 2200 1156 2242 ιε

147 2293 292 2365 γραφαῖς
310 2283 357 2345 ἔτι
376 2282 440 2346 νῦν
466 2272 680 2365 ὁμολογοῦσι,
705 2279 752 2363 πῆ
778 2276 814 2345 δὲ
838 2271 969 2365 μακρῶν
991 2273 1118 2347 ἀποπί-

148 2402 279 2465 πτουσι,
298 2375 378 2467 μήτε
393 2377 456 2466 τὴν
467 2376 611 2466 θεότητα
624 2382 831 2464 συνορῶντες
846 2373 962 2463 αὐτοῦ,
980 2374 1062 2465 μήτε
1074 2377 1115 2447 τδι

148 2493 237 2551 αίτια
255 2485 313 2569 τῆς
331 2489 516 2566 παρουσίας
536 2477 677 2565 είδότες,
696 2477 777 2567 μήτε
794 2476 863 2567 μὴν
879 2478 956 2559 τοῦς
973 2475 1116 2567 χρόνους

148 2581 226 2652 καθ’
255 2577 312 2661 οῦς
337 2580 430 2666 ἥξειν
453 2579 625 2668 ἀνείρηται
643 2586 690 2660 είς
713 2577 916 2666 ἀνθρώπους
935 2586 1116 2669 περιδρασ-

148 2681 292 2771 σόμευοι.
338 2685 367 2751 3.
386 2686 421 2749 οί
444 2682 506 2769 μὲν
528 2679 591 2769 γὰρ
615 2688 663 2750 ἔτι
686 2682 740 2750 καὶ
761 2686 826 2750 νῦν
844 2680 935 2770 ἥξειν
952 2684 1114 2769 μέλλοντα
1128 2707 1155 2750 το

148 2788 398 2872 προσδοκῶσιν,
417 2779 510 2870 ἡμεῖς
530 2777 562 2851 δ’
581 2779 646 2870 ἤδη
664 2782 727 2870 μδν
745 2789 792 2862 είς
811 2779 897 2864 ἅπαξ
915 2779 1115 2854 ἄποδείκνυ·

148 2913 210 2974 μεν
229 2882 382 2969 ἐλθόντα,
401 2886 455 2953 καί
466 2887 631 2973 ,δευτέραν
649 2881 680 2953 δ’
702 2880 808 2953 αὐτοῦ
818 2882 900 2972 μετδι
916 2887 974 2971 τῆς
993 2887 1115 2955 ἐνθέου

150 2985 246 3074 δόξης
264 2993 453 3076 παρουσίαν
464 3002 536 3066 ταῖς
549 2989 617 3055 τῶν
628 2983 807 3073 θεοφόρειν
816 2990 998 3075 προφητῶν
1011 3013 1115 3079 προρ-

149 3087 268 3178 ρησεσί
287 3117 322 3158 τε
347 3091 401 3157 καὶ
427 3093 656 3166 διδασκαλίαις
682 3084 876 3175 πειθόμενοι
902 3092 990 3157 ίδεῑν
1016 3083 1115 3174 εῦγό-

122 3203 247 3277 ομεθα.
287 3194 398 3259 διττοῦ
417 3185 453 3258 δ’
478 3186 572 3269 ὄντος
590 3193 648 3258 τοῦ
672 3183 746 3258 κατ’
770 3184 873 3258 αὐτὸν
897 3183 998 3273 λόγου
1015 3181 1032 3254 5
1049 3186 1112 3273 μὲν
1126 3211 1153 3252 κε

149 3290 308 3378 νεώτερος
326 3287 368 3360 biv
382 3301 445 3377 είη,
464 3291 545 3378 χθὲς
562 3293 618 3360 καί
631 3289 749 3377 πρῶην
761 3296 808 3371 είς
826 3285 1028 3378 ῦνθρῶπους
1047 3293 1078 3357 εί
1098 3328 1112 3338 -

148 3393 304 3480 ηγμίνος·
337 3387 355 3460 ὁ
381 3392 418 3460 δὲ
447 3388 570 3472 παντὸς
594 3390 716 3481 χρόνον
741 3393 796 3460 καὶ
819 3390 955 3462 πάντων
980 3387 1114 3462 αίῶνοιν
