2326 3818
13 118 18 125 ,
117 96 157 158 12
524 92 672 144 ιιυειιειι

92 265 94 268 ⁴
116 235 270 324 ράσομαι,
290 235 345 302 καὶ
365 228 688 318 ἐνευλογηθήσονται
708 234 744 302 ἐν
767 232 821 301 σοὶ
838 235 942 302 πᾶσαι
967 236 1004 300 αί
1018 260 1082 318 φυ-

116 338 171 405 λαὶ
195 342 252 420 τῆς
277 329 371 421 γῆς.”
418 334 474 402 καὶ
497 329 599 401 πάλιν
624 332 642 401 δ
672 332 751 415 θεὸς
775 333 848 405 εἷπε
867 327 940 421 “μὴ
963 331 1082 422 κρύψω

117 436 181 523 ἐγώ
217 432 282 504 ἀπὸ
314 431 463 523 Ἀβραάμ
488 428 548 503 τού
581 432 699 516 παιδός
732 464 798 524 μου
830 432 851 504 ἃ
884 432 948 523 ἐγά
980 438 1081 518 ποιοῖς

111 534 259 627 Ἀβραάμ
298 536 335 606 δὲ
372 534 549 624 γενόμενος
580 541 670 605 ἔσται
702 543 748 617 είς
780 544 878 619 ἔθνος
912 537 996 626 μέγα
1027 539 1082 605 καὶ

116 638 201 709 πολύ
225 641 282 708 καὶ
306 634 631 725 ἐνευλογηθήσονται
650 641 687 707 ἐν
705 635 796 729 αὐτῷ
813 637 978 709 πάντατά
997 646 1109 725 ἒθνηῡ

115 744 173 829 τῆς
195 736 288 829 νῆε·”

196 898 243 959 13.
273 895 352 970 Πῶς
377 887 409 957 δ’
438 882 481 958 ἀν
505 896 643 977 ἔμελλον
666 893 711 982 τῷ
733 885 878 978 Ἀβραάμ
905 895 1082 980 ἐνευλογη-

117 991 286 1078 θήσεσθαι
317 988 427 1060 πάντα
449 986 489 1060 τά
514 998 598 1077 ἔθνη
628 994 683 1059 καὶ
712 995 815 1060 πᾶσαι
839 997 877 1060 αί
897 996 1002 1078 φυλαὶ
1025 997 1083 1081 τῆς

117 1098 193 1180 γῆς,
220 1097 250 1161 εί
266 1095 373 1180 μηδέν
391 1121 421 1160 τι
445 1089 668 1179 προσήκοντες
692 1087 842 1181 ὑπῆρχον
867 1089 975 1186 αύτῷ,
1001 1093 1082 1183 μήτε

117 1192 200 1262 κατά
218 1196 326 1282 ψυχῆς
351 1190 474 1282 τρόπον
498 1189 579 1281 μήτε
598 1191 680 1263 κατά
699 1193 848 1283 σώματος
867 1197 1081 1283 ουγγίνειαν;
1096 1217 1122 1252 10

116 1300 173 1383 τῆς
192 1323 227 1364 τε
245 1294 308 1384 γὰρ
327 1292 410 1365 κατά
428 1292 536 1384 σάρκα
559 1303 757 1383 συγγενείας
779 1302 829 1376 τίς
854 1287 896 1385 ἦν
919 1294 1000 1383 πρὸς
1024 1296 1082 1368 τὸν

114 1393 260 1486 Ἀβραάμ
279 1399 458 1487 συγγένεια
476 1395 648 1486 Σκύθαις,
673 1400 755 1487 φέρε
780 1404 905 1486 εἰπεῖν,
930 1392 951 1485 ἢ
977 1406 1079 1487 Λίγυ-

116 1507 235 1586 πτίοις,
255 1497 274 1587 ἡ
294 1507 471 1586 Αἰθίοψιν,
491 1494 653 1586 ἢΊνδοῐς,
672 1493 693 1588 ἢ
711 1511 921 1586 Βρεττανοῖς,
940 1494 1081 1588 ἢἹσπα-

116 1618 206 1686 νοῑς;
232 1597 252 1687 ἢ
276 1605 345 1681 πῶς
369 1595 411 1668 ἀν
435 1604 537 1669 ταῦτα
563 1600 603 1669 τὰ
627 1609 712 1688 ἔθνη
742 1603 796 1670 καὶ
822 1599 862 1670 τά
882 1609 929 1671 ἔτι
953 1600 1081 1672 τούτων

115 1699 333 1796 ἀπῳκισμένα
351 1703 408 1788 τῆς
427 1699 509 1787 πρὸς
528 1699 585 1770 τόν
602 1697 749 1790 Ἀβραάμ
769 1700 851 1770 κατά
876 1701 984 1791 σάρκα
1001 1725 1078 1791 συγ·
1095 1725 1122 1761 1⁵

116 1814 246 1892 γενείας
260 1801 358 1893 χάριν
374 1811 511 1891 ἔμελλον
519 1799 827 1890 εύλογηθήσεσθαι;
850 1808 896 1873 14.
912 1799 986 1873 ἀλλ’
1001 1801 1080 1874 οὐδὲ

114 1909 172 1993 τῆς
197 1905 278 1975 κατὰ
303 1901 415 1993 ψυχὴν
440 1899 592 1992 εὐλογίας
618 1901 703 1986 είκδς
728 1895 770 1992 ἦν
794 1903 1014 1994 κοινωνήσειν
1036 1913 1081 1997 τῷ

111 2004 260 2094 Ἀβραάμ
279 2004 387 2076 πάντα
404 2004 444 2075 τά
464 1996 558 2092 ἔθνη.
595 2011 665 2086 πῶς
683 2003 765 2096 γάρ,
795 2003 850 2076 ὅτε
875 2005 914 2075 τά
938 2008 1001 2096 μὲν
1019 2005 1082 2076 αύ-

61 2139 102 2189 (ιι)
117 2113 185 2177 τῶν
203 2111 378 2195 ἐκθέσμοις
396 2113 635 2197 μητρογαμίαις
654 2110 709 2176 καὶ
732 2111 1021 2197 θυγατρομιξίαις,
1042 2108 1080 2178 τά

117 2205 149 2278 δ’
174 2205 368 2288 ἀκολάστοις
391 2203 534 2298 ὁμιλίαις
558 2204 710 2298 ἀρρένων
734 2209 815 2298 πρὸς
839 2207 981 2298 ἀρρενας
1005 2209 1078 2280 ἀνε·
1094 2229 1122 2268 ²⁰

114 2309 256 2399 φύρετο,
287 2308 328 2379 τά
352 2310 390 2380 δὲ
412 2307 475 2398 τὴν
499 2308 673 2398 εὐσέβειαν
714 2315 750 2381 ἐν
779 2307 1080 2401 ἀνθρωποθυσίαις

115 2416 170 2482 καλ
189 2411 282 2507 ζῴων
299 2410 431 2501 ἀλόγων
449 2421 653 2499 θεοποιίαις,
680 2411 812 2501 ἀψύχου
830 2441 865 2483 τε
883 2410 965 2501 ύλιχς
984 2412 1081 2499 ίδρύ-

114 2536 213 2600 μασι,
237 2517 293 2582 καὶ
324 2512 525 2602 πνευμάτων
556 2518 782 2582 πολυπλανῶν
806 2519 1080 2602 δεισιδαιμονίαις

114 2610 363 2702 ἀνετίθετο,τά
383 2619 419 2682 δε
439 2617 561 2697 ζῶντας
584 2619 777 2683 κατακαίειν
800 2611 877 2693 τούς
901 2613 1080 2703 γεγηρακό·

114 2743 183 2802 τας,
201 2712 241 2783 τά
261 2714 299 2784 δὲ
316 2717 394 2800 περὶ
411 2711 489 2797 τούς
507 2712 686 2800 φιλτάτους
711 2713 951 2805 παραδιδόναι,
976 2715 1016 2785 τά
1041 2719 1078 2786 δὲ
1093 2736 1121 2776 25

115 2820 169 2885 καὶ
194 2823 323 2904 νεκράν
351 2812 581 2904 ἀπογεύεσθαι
605 2814 706 2886 καλόν
740 2817 825 2887 εἶναι
854 2820 910 2887 καὶ
941 2813 1079 2908 εύσεβδς

113 2913 243 3006 ἡγεῖτο;
264 2921 313 2986 15.
324 2920 394 3001 πῶς
412 2909 475 2987 οὖν
490 2915 566 2999 τούς
580 2921 616 2989 ἐν
627 2921 675 3011 τῷ
686 2917 825 3013 τοιούτῳ
837 2918 1000 3009 θηριώδει
1014 2929 1078 3013 βίῳ

113 3021 344 3109 προηγμένους
367 3023 425 3107 τῆς
449 3025 508 3090 τοῦ
533 3023 713 3109 θεοφιλοῦς
738 3039 914 3112 μετασχεῖν
941 3019 1013 3092 οἷόν
1043 3050 1078 3091 τε

113 3111 155 3208 ἦν
174 3117 342 3209 εύλογιάς,
369 3128 400 3191 εί
416 3117 537 3210 μήποτ’
557 3119 622 3211 ἀρα
645 3127 701 3212 τῆς
724 3129 911 3214 θηριωδίας
935 3131 1081 3213 μεταβα-

112 3305 313 3312 ——-—-..-.

181 3390 195 3435 2
216 3387 282 3436 Gen.
300 3389 392 3449 18,17.
