2326 3818
303 119 487 171 οοιιοαεό.
504 119 638 174 EVANG.
649 121 682 171 v.
699 121 809 174 οι--οι,
911 162 915 175 .
963 117 1025 181 345

359 289 438 362 Ἀπό
456 296 515 362 τοῦ
534 301 711 382 Ζαχαρίου.

58 423 102 482 ,Ως
115 417 129 474 ὁ
142 415 214 481 θεὸς
226 416 309 490 λόγος
321 414 418 487 κύριος
431 415 470 473 ἀν
481 415 552 487 πρὸς
564 421 615 473 τοῦ
624 421 753 488 μείζονος
762 415 945 474 ἀπεστάλθαι
958 415 1024 489 ὁμο-

442 490 643 554 λογεῖκορίου.

138 609 226 669 XXV.
249 589 268 616 “
277 593 365 665 Τάδε
390 597 478 682 λέγει
501 591 616 684 κύριος
634 593 890 685 παντοκράτωρ,
917 594 1053 664 ὀπίσωε

31 695 155 785 εθύξγς
186 695 373 766 ἀπέσταλκέ
400 725 440 785 με
472 698 526 765 ἐπὶ
555 693 596 764 τά
620 702 705 785 ἔθνη
728 692 768 765 τά
794 694 1024 766 σκυλεύσαντα

56 794 176 886 ὑμᾶς.”
215 795 275 868 εἶτ’
300 800 449 886 ἐπιφέρει
472 794 553 886 μετά
577 799 701 887 βραχέα
718 800 826 886 λέγων
841 792 918 867 “nal
936 796 1025 884 γυά-

57 912 160 970 σεσθε
182 895 233 968 ὅτι
258 898 372 987 κύριος
395 895 633 989 παντοκράτωρ
663 895 850 969 ἀπέσταλκέ
877 893 951 988 με.”
996 905 1027 967 εί

56 998 152 1070 καὶὸ
178 995 391 1069 ἀποστέλλων
414 998 528 1090 κύριός
553 1003 622 1070 ἐστι
646 999 901 1092 παντοκράτωρ,
926 1002 981 1069 καὶ
1006 994 1023 1068 ὁ

55 1099 264 1171 ἀπεστάλθαι
283 1102 390 1223 λέγῳυ
409 1096 583 1186 ωσαύτως,
603 1099 665 1171 δύο
689 1099 763 1191 ἀρα.
806 1106 921 1190 σαῳως
946 1102 982 1171 δὲ
1007 1095 1024 1169 5

16 1229 41 1268 ιο
55 1197 301 1290 ἀπεσταλμένος
312 1199 425 1291 κύριος
436 1200 673 1289 παντοκράτωρ
689 1205 743 1271 ἐπὶ
753 1202 792 1271 τά
804 1205 1023 1290 ἔθυη,φησὶυ,

55 1300 243 1371 ἀπέσταλκέ
257 1330 308 1390 με.

133 1415 234 1475 XXVI.
258 1397 418 1491 “Τε’ρπου
448 1405 502 1472 και
534 1400 720 1492 εὐφραίνου
743 1358 890 1490 θύγατερ
918 1401 1052 1530 Σιῳν,ἀ

57 1500 142 1573 διότι
171 1501 247 1573 ίθού
272 1503 380 1590 ἐγωέ
379 1532 498 1593 ρχομαι
521 1506 577 1572 καὶ
600 1503 845 1592 κατασκηνάσω
871 1509 907 1572 έν
934 1507 1024 1596 μέσῳ

56 1627 135 1691 σου,
160 1608 248 1691 λέγει
273 1602 395 1693 κύριος.
439 1606 495 1673 καὶ
520 1603 785 1693 καταφεύξονται
809 1612 894 1692 ε”θνη
918 1602 1025 1674 πολλὰ

16 1731 42 1770 ιε
57 1707 110 1774 ἐπί
128 1703 186 1774 τὸν
204 1703 323 1795 κύριον
342 1710 378 1775 ἐν
395 1708 435 1795 τῇ
453 1703 559 1796 ἡμέρῳ
575 1709 698 1796 ἐκείνῃ,
718 1708 773 1775 καὶ
788 1713 920 1775 ἔσονται
935 1703 1024 1798 αύτῷ

56 1813 102 1886 είς
120 1804 218 1892 λαὸν,
237 1809 293 1876 καὶ
311 1805 557 1894 κατασκηνάσω
577 1811 721 1899 ἐνμέσῳ
740 1827 820 1893 σου,
840 1808 895 1875 καί
910 1805 1024 1897 γνώσῃ

53 1905 103 1976 ὅτι
133 1905 248 1997 κύριος
279 1907 516 1998 παντοκράτωρ
549 1909 770 1991 ἐξαπέσταλκέ
789 1937 830 1997 με
857 1907 939 1996 πρός
965 1905 1023 1977 σε”

54 2011 110 2077 καὶ
128 2007 168 2077 τά
188 2012 270 2097 ἑξῆς.
307 2005 356 2088 οἷς
370 2007 448 2097 μεθ’
471 2012 567 2096 ἕτερα
581 2012 725 2097 ἐπιλέγει
738 2004 816 2079 “nal
836 2008 1024 2097 κατισχύσω

55 2104 176 2188 αύτούς
196 2113 232 2178 ἐν
250 2116 356 2201 κυρίῳ
374 2114 446 2202 θεῷ
464 2108 591 2195 αὐτων,
619 2115 674 2180 καὶ
693 2115 793 2204 ἐντῷ
811 2108 948 2199 ὀνόματι
967 2109 1024 2179 αὐ-

16 2233 41 2272 το
56 2213 115 2278 τού
132 2207 373 2297 καυχήσονται,
393 2212 483 2298 λέγει
501 2207 649 2298 κύριος.”

131 2315 160 2379 2.
180 2312 248 2378 Καί
265 2314 370 2379 ταῦτα
387 2328 456 2391 τοῖς
474 2313 645 2398 προτέροις
663 2307 776 2398 ὅμοια,
794 2311 855 2398 τὴν
872 2316 933 2380 τού
946 2323 1024 2400 Χρι-

55 2414 116 2479 σού
142 2399 188 2491 είς
212 2408 415 2500 ἀνθρωπους
440 2419 646 2498 παρουσίαν,
677 2415 734 2480 καὶ
756 2410 817 2497 τὴν
841 2414 1024 2498 γενομένην

54 2515 122 2580 των
137 2514 249 2581 ἐθνωυ
264 2511 428 2600 σωτήριον
442 2507 487 2582 δι’
509 2511 613 2581 αὐτοῦ
632 2509 785 2612 κλῆσιν’
768 2539 1022 2599 αναφωυουυτα
1039 2530 1092 2580 (2⁵2)

55 2611 120 2699 ἐγω
137 2603 259 2701 μὲν
217 2642 280 2683 ουν
307 2604 405 2695 αύτὸς
429 2609 579 2703 ὁκύριος
597 2611 681 2701 ἥξω,
707 2614 829 2701 φησίν,
858 2615 911 2681 ἐπὶ
931 2614 967 2682 δε
984 2617 1026 2703 τῇ

15 2719 117 2802 λόἑμγγ
103 2718 305 2806 παρουσία
323 2710 442 2785 ούκεθ’
463 2711 602 2785 ὁπάλατ
616 2710 763 2803 Ἱσραηλ,
788 2710 864 2782 ἀλλ’
887 2709 1003 2783 ούδε“
986 2744 1025 2785 ευ

54 2812 159 2900 μόνον
178 2817 231 2883 ἐπὶ
255 2820 314 2903 γῆς
334 2823 450 2902 ἔθνος,
477 2824 562 2903 ἔθνη
583 2817 620 2885 δὲ
637 2814 744 2885 πολλὰ
762 2813 1025 2902 καταφεύξουται

56 2914 109 2982 ἐπὶ
128 2910 186 2984 τὸν
204 2922 376 3001 κρείττονα
394 2919 450 2985 καὶ
467 2919 572 3005 μέγαν
586 2914 721 3006 κύριον,
739 2913 799 2986 τόν
812 2920 892 3005 ἐμοῦ
910 2943 946 2985 τε
964 2913 1025 2986 αύ-

53 3018 114 3084 τού
131 3017 187 3083 καὶ
200 3020 268 3086 τῶν
281 3013 370 3086 ὅλων
382 3014 477 3105 θεὸν,
497 3016 551 3105 ἐφ’
572 3014 611 3087 ὃν
624 3017 663 3086 τὰ
678 3015 930 3104 καταφεύγοντα
940 3023 1024 3104 ἔθνη

54 3114 216 3203 τοσαύτης
234 3117 382 3200 τεύξεται
401 3113 605 3207 εὐεργεσίας,
625 3113 670 3199 ἀς
683 3120 739 3187 καί
753 3126 951 3208 χρηματίσαι
969 3121 1025 3186 καί

15 3252 41 3290 ιο
55 3220 214 3304 γενέσθαι
233 3217 315 3289 λαὸν
331 3222 435 3308 θεοῦ,
461 3223 659 3307 κατοικῆσαί
671 3249 708 3290 τε
731 3222 874 3311 ἐνμέσῳ
892 3225 950 3305 τῆς
968 3247 1024 3287 κα-

122 3420 139 3465 4
156 3419 239 3472 Zach.
254 3421 279 3482 λ,
294 3421 333 3471 10.
