2326 3818
130 112 193 176 346
235 164 240 177 ,
540 109 692 160 Ευεεειι

131 253 294 340 λουμένης
311 246 479 337 θυγατρὸς
498 245 601 318 Σιών.
643 243 730 317 οῦτω
755 247 792 316 δὲ
815 245 876 334 τήν
895 248 950 316 ἐπὶ
967 252 1030 336 γῆς
1050 253 1104 321 ἐκ·

104 379 117 418 b
132 359 273 441 κλησίαν
286 354 346 422 τοῦ
358 353 454 437 θεοῦ,
469 347 581 439 ὥσπερ
596 347 670 418 τινὰ
681 348 853 438 θυγατέρα
864 346 1105 437 τυγχάνουσαν

132 457 189 543 της
208 457 429 542 ἐπουρανίου,
447 467 516 532 τοῖς
535 456 636 536 ἱεροῖς
654 447 823 538 γράμμασι
840 446 1025 521 ἀποκαλεῖν
1043 462 1105 539 φί-

132 564 200 625 λον.
236 559 265 624 3.
285 553 410 641 ταύτην
434 553 471 621 δὲ
494 554 550 621 καὶ
569 549 810 638 εὐαγγελίζεται
834 548 870 619 τὸ
893 547 1027 639 φάσκον
1044 552 1104 623 λό-

131 686 217 744 γιον,
235 672 329 746 χαῖρε
347 656 403 724 καὶ
421 648 608 744 εὐφραίνου
629 650 778 740 θύγατερ
793 650 898 738 Σιών,
919 649 1006 722 διότι
1025 652 1129 725 ίδοῦε

132 766 267 847 ἔρχομαι
280 757 335 825 καλ
354 752 601 877 κατασκηνώσει
621 755 657 823 ἐν
673 756 764 846 μέσφ
778 775 849 823 σου.
879 754 1023 848 ἐνμέσῳ
1037 755 1103 879 γάρ

131 863 188 946 της
204 854 426 944 ἐκκλησίας
393 884 451 925 τον
464 852 548 924 θεὸν
562 852 662 941 λόγον
680 858 911 943 πατασκηνοῦν
924 857 1105 927 πεπιστεύ-

33 957 36 960 ’
132 976 252 1047 καμεν
289 952 333 1038 ῦς
359 960 444 1044 γοῦν
472 957 527 1025 καὶ
553 953 750 1083 ἐπήγγελται
776 954 886 1045 φήσας
911 949 1052 1026 “ίδοῦ’
1035 956 1104 1045 εγώ

131 1056 211 1147 μεθ’
241 1053 337 1147 ῦμῶν
361 1059 427 1146 είμὶ
450 1055 557 1138 πάσας
580 1054 637 1138 τάς
654 1050 797 1146 ἡμέρας,
821 1085 881 1138 εως
905 1062 963 1144 τῆς
981 1056 1104 1145 συντε-

132 1166 222 1240 λείας
240 1187 298 1229 του
287 1155 527 1240 αίοῦνος.”4
506 1154 665 1227 4.“καλ“
646 1183 732 1227 οπου
757 1151 863 1228 ῦῦο”
842 1186 862 1245 η
886 1175 976 1248 τρεῖς
994 1181 1103 1248 συνη-
1116 1188 1140 1228 ιο

106 1260 248 1348 ιγμένοι
273 1263 359 1331 είσιν
384 1267 431 1340 είς
457 1257 493 1330 τῦ
519 1256 639 1347 έμόν”
620 1287 742 1348 ονομα,
769 1263 839 1328 ἐκεῖ
861 1261 928 1346 εἰμὶ
953 1262 1102 1355 ἐνμέσῳ

133 1359 275 1432 αῦτοῦν.”
304 1359 440 1431 ἐπειδάν
450 1362 487 1431 δὲ
497 1357 572 1448 έγῦ,
587 1362 703 1449 φησὶν,
718 1356 817 1441 αῦτὸς
831 1358 848 1429 ὁ
863 1357 978 1450 κῦριος
989 1358 1103 1432 ἐλθάν

132 1460 377 1551 κατασκηνάσω
398 1465 434 1531 ἐν
448 1464 538 1553 μέσφ
553 1481 626 1548 σου,
644 1468 778 1550 μείζονα
795 1459 869 1531 τότε
881 1465 1010 1549 γνοῦσιν
1023 1465 1103 1551 περὶ

132 1569 191 1634 τοῦ
210 1570 294 1634 θεοῦ
312 1569 371 1634 τοῦ
389 1559 653 1650 παντοκράτορος
670 1560 845 1652 ἀναλήψη,
865 1566 946 1651 ἐμοῦ
963 1567 1025 1633 τοῦ
1043 1592 1101 1634 κν-

133 1671 208 1756 ρίου
225 1664 287 1753 τήν
311 1670 421 1734 αἰτίαν
444 1667 502 1752 τῆς
520 1670 568 1743 είς
585 1659 789 1749 ἀνθρώπους
812 1661 998 1752 ἀποστολῆς
1016 1660 1101 1734 ἀνα·
1114 1692 1138 1733 ιτ

132 1767 284 1847 τιθέντος
306 1772 352 1858 τῷ
378 1768 649 1848 ἐξαποστείλαντί
669 1791 710 1852 με
728 1771 836 1853 πατρί.
879 1769 908 1834 5.
929 1763 1045 1857 γνάση
1065 1766 1127 1857 δὲ,

130 1862 181 1936 ὅτι
204 1864 318 1956 κῦριος
341 1863 577 1956 παντοκράτωρ
601 1859 786 1935 άπέσταλκέ
801 1893 842 1954 με
860 1864 942 1957 πρός
961 1890 1008 1937 σε.
1045 1869 1101 1936 καὶ

134 1971 208 2055 ἕξής
226 1968 337 2054 περὶ
321 1970 435 2057 ετέρου
453 1972 573 2053 κυρίου
593 1967 649 2034 καὶ
671 1973 756 2035 θεοῦ
781 1957 850 2036 ῦῦέ
870 1994 940 2048 πως
966 1962 1099 2048 αῦτόςὸ

133 2064 246 2153 κῦριος
266 2064 427 2155 έπιλέγει“
430 2064 498 2136 ‘nal
517 2064 704 2156 κατισχῦσαι
719 2065 840 2148 αῦτοῦς
855 2073 892 2138 έν
904 2076 1012 2162 κυρίφ
1028 2071 1102 2163 θεφ

134 2162 261 2255 αῦτων,
282 2169 337 2236 καὶ
357 2172 456 2263 ἐντῷ
474 2165 610 2258 ὀνόματι
629 2163 732 2237 αῦτοῦ
751 2167 992 2258 καυχήσουται,
1011 2138 1100 2257 λέγει
1114 2196 1139 2237 ιο

106 2265 269 2358 οκῦριοςῖ
273 2264 413 2350 ’τίνες
438 2265 519 2340 δε“
498 2300 541 2339 αν
568 2269 636 2339 εἷεν
659 2273 695 2337 οί
716 2273 816 2338 ἐν
769 2299 815 2364 τφ
839 2276 944 2364 κυρίφ
968 2268 1102 2359 καυχιά-

131 2397 241 2460 μενοι;

210 2486 322 2546 XXVII.
346 2467 436 2542 “Kal
456 2475 562 2556 έδειξέ
576 2502 632 2562 μοι
655 2469 767 2561 κῦριος
782 2469 912 2559 Ἰησοῦν
929 2469 989 2541 τὸν
1008 2475 1102 2563 ἱερέα

132 2573 189 2643 τὸν
214 2576 335 2661 μέγαν,
362 2576 488 2642 ἑστῦτα
512 2570 575 2661 πρὸ
599 2572 780 2663 προσώπου
803 2570 946 2661 ἀγγέλου
968 2580 1098 2663 κυρίου.

133 2677 187 2743 καὶ
206 2673 223 2743 ὁ
243 2671 397 2759 διάβολος
424 2671 568 2762 εἱστήκει
593 2677 628 2743 ἐκ
647 2677 766 2756 δεξιῶν
785 2672 905 2763 αὐτοῦ,
928 2677 989 2744 τοῦ
1005 2670 1099 2746 ἀντι-
1112 2700 1138 2741 2⁵

66 2799 119 2851 [με]
135 2786 269 2843 κεῖσθαι
294 2769 393 2865 αὐτῷ.
436 2777 491 2843 καὶ
516 2773 588 2845 είπε
611 2772 724 2864 κῦριος
747 2773 829 2865 πρὸς
852 2775 910 2845 τὸν
929 2774 1099 2864 διάβολον,

134 2870 323 2962 έπιτιμήσαι
346 2871 460 2965 κῦριος
487 2878 523 2946 έν
546 2878 619 2964 σοὶ,
651 2873 805 2965 διάβολε,
829 2879 884 2946 καὶ
911 2873 1101 2966 έπιτιμήσαι

65 3003 120 3051 (253)
135 2971 247 3065 κῦριος
266 2977 302 3043 ἐν
320 2979 389 3064 σοὶ,
408 2971 425 3046 ὁ
445 2973 657 3067 ἐκλεξάμενος
675 2975 736 3065 τήν
749 2971 997 3068 Ἱερουσαλήμ.”

209 3081 239 3146 2.
263 3074 374 3147 Πάλιν
397 3080 452 3148 καὶ
484 3075 672 3149 ἐνταῦθαὸ
704 3075 817 3167 κῦριος
841 3082 956 3169 ἕτερον
981 3075 1101 3170 κῦριον

134 3175 340 3268 ἐπιτιμήσειν
357 3182 404 3273 τῷ
419 3178 563 3274 διαβόλῳ
577 3181 693 3270 φησίν,
712 3175 774 3249 οῦκ
788 3175 918 3261 αῦτὸςὸ
937 3185 1100 3271 προσδια-
1114 3206 1139 3246 so

201 3411 217 3458 8
235 3410 332 3460 Matth.
346 3414 387 3476 28,
401 3414 444 3462 20.
540 3413 572 3461 10
589 3411 690 3461 Matth.
705 3412 745 3474 18,
759 3413 800 3465 20.
887 3414 920 3462 23
938 3412 1023 3465 Zaeh.
1036 3414 1061 3474 3,
1076 3414 1099 3461 1.
