2326 3818
125 130 189 196 580
525 129 674 182 υυεεειι

126 269 322 360 λαμβάνειν.
364 273 467 340 ταῦτα
490 276 575 358 γοῦν
597 265 742 357 ἡγοῦμαι
767 285 835 351 τοῖς
858 271 917 339 τόν
936 268 1096 358 Ἰωάννην

125 371 228 461 δρῶσι
252 376 366 460 θαῦμα
392 373 470 456 περὶ
494 367 600 442 αὐτοῦ
617 387 818 460 παρασχεῖν
853 370 906 440 διὸ
924 374 977 439 καί
999 372 1096 440 συνέ·

126 502 245 563 τρεχον
262 471 476 562 πανταχόθεν
501 476 556 543 ἐπὶ
573 470 635 560 τὴν
653 471 698 541 δι’
726 471 829 542 αὐτοῦ
847 476 1096 561 κηρυττομάιην

59 606 114 657 (τοι,
126 580 184 663 τῆς
202 579 309 664 ψυχῆς
327 573 503 661 κάθαρσιν.
539 580 587 643 15.
607 574 767 662 μέμνηται
782 575 886 660 δἐτῆς
900 571 971 643 κατ’
992 572 1097 644 αὐτόν

127 683 273 765 ἱστορίας
293 674 449 765 Ἰιόσηπος
478 679 514 746 ἐν
536 672 809 767 ὀκτωκαιδεκάτῳ
832 680 890 763 τῆς
912 673 1121 764 Ἰουδαϊκῆςι

121 778 369 870 Ἀρχαιολογίας
395 782 516 846 τοῦτον
545 773 686 864 γράφων
715 777 775 846 τὸν
801 774 927 863 τρόπον
945 773 1035 847 “noi
1061 779 1098 846 δὲ

126 886 194 953 τῶν
208 878 382 951 Ἰουδαίων
400 876 510 947 ἐδόκει
522 875 683 947 ὀλωλέναι
696 877 755 947 τόν
769 873 943 948 Ἰουδαίων
956 878 1100 966 στρατόν

127 980 194 1050 ὑπό
220 985 280 1050 τοῦ
307 982 407 1067 θεον,
435 982 490 1048 καί
515 976 604 1068 μάλα
629 984 767 1058 δικαίως
789 983 991 1068 τιννυμένου
1014 980 1098 1050 κατὰ

128 1080 251 1169 ποινην
263 1077 419 1151 Ἰωάννου
436 1084 497 1151 τοῦ
512 1085 722 1170 καλουμένου
740 1084 932 1168 βαπτιστοῦ.
975 1088 1099 1151 κτείνει

128 1179 192 1271 γάρ
210 1186 329 1253 τοῦτον
342 1181 491 1271 Ἡρώδης
509 1179 641 1270 άγαθόν
658 1178 784 1270 ἄνδρα,
802 1185 858 1251 καί
875 1199 944 1262 τοῖς
959 1178 1098 1253 Ἰουδαί·
1111 1215 1136 1255 ιο

129 1313 178 1367 οις
202 1281 382 1354 κελεύοντα
405 1282 527 1372 όρετὴν
553 1288 735 1354 ἐπασκοῦσι
757 1286 813 1352 καὶ
836 1286 879 1372 τῇ
895 1280 977 1371 πρός
996 1281 1100 1372 άλλη-

129 1395 208 1467 λους
232 1384 428 1475 δικαιοσύνη
453 1389 509 1456 καὶ
532 1382 648 1471 πρός
638 1381 722 1455 θεόν
745 1381 890 1476 ευσεβεί
879 1415 900 1454 α
918 1388 1100 1473 χρωμένοις

128 1495 303 1580 βαπτισμῷ
322 1492 484 1558 συνιέναι.
527 1485 616 1556 οὕτω
634 1485 697 1574 γάρ
722 1485 763 1572 δη
782 1485 895 1554 καί
861 1515 923 1574 την
940 1485 1099 1573 βάπτισιν

103 1618 115 1655 ι
129 1585 318 1676 άποδεκτην
335 1587 426 1658 αὐτω
444 1584 661 1676 φαίνεσθαιῩ

470 1853 549 1927 Ἀπὸ
566 1863 626 1926 τοῦ
645 1852 773 1942 αὐτου.Ι
1113 1873 1139 1912 1⁵

104 2037 115 2064 c
208 1991 263 2061 Vl,
286 1987 534 2080 ’Ἕόφράνθητι
559 1997 678 2078 ἕρημος
703 1995 850 2078 διψῶσα,
881 1989 1099 2078 άγαλλιάσθω

130 2101 268 2182 ἔρημος,
287 2094 342 2160 καὶ
360 2088 508 2161 άνθείτω
527 2089 570 2173 ὡς
589 2099 723 2179 κρίνον,
748 2094 803 2161 καὶ
823 2091 1018 2181 ἐξανθήσει,
1043 2096 1099 2162 καί

129 2191 364 2283 άγαλλιάσεται
381 2191 421 2262 τά
440 2201 545 2317 ἔρημα
558 2198 619 2264 τοῦ
631 2190 811 2282 Ἰορδάνου,
830 2197 885 2262 καὶ
904 2192 924 2281 ἡ
943 2192 1023 2276 δόξα
1041 2199 1103 2266 του

132 2294 283 2385 Λιβάνου
302 2294 406 2384 ἐδόθη
425 2292 528 2418 αὕτη,
547 2294 640 2365 καὶ
621 2323 642 2382 η
660 2295 737 2384 τιμὴ
755 2323 816 2364 του
801 2294 1025 2384 Καρμηλου,
1044 2300 1101 2366 καί

129 2397 146 2469 6
166 2397 244 2480 λαός
261 2427 326 2488 μου
339 2396 455 2479 ὄψεται
469 2397 531 2484 τὴν
545 2396 647 2481 δόξαν
659 2393 815 2485 κυρίου.”
839 2402 867 2465 2.
887 2393 937 2478 οἷς
956 2400 1101 2485 ἐπιλέγει
1115 2430 1142 2469 20

125 2496 307 2590 “ίσχόσατε
330 2516 437 2589 χεῖρες
469 2495 641 2588 άνειμίναι
676 2500 731 2567 καὶ
761 2497 885 2586 γόνατα
911 2507 1099 2586 παραλελυ-

129 2606 230 2690 μίνα,
249 2602 553 2688 παρακαλέσατεοί
567 2597 773 2724 όλιγόυυγοι
778 2628 819 2688 τη
805 2606 970 2670 διανοία
978 2598 1103 2688 ,ἰσχυ-

131 2724 227 2790 σατε,
245 2701 290 2790 μὴ
308 2708 483 2790 φοβεῖσθε.
521 2697 633 2769 ίδούό
659 2699 738 2781 θεός
756 2698 852 2788 ἡμων
869 2676 1018 2789 κρίσιν’
999 2729 1103 2771 αντα-

104 2835 116 2872 ι
132 2808 297 2872 ποδίδωσι
327 2805 383 2871 καὶ
407 2797 646 2871 άνταποδάσει.
692 2800 791 2883 αὐτὸς
817 2799 888 2889 ἥξει
918 2807 974 2872 καὶ
998 2801 1103 2873 σώσει

131 2902 225 2992 ἡμᾶς.
252 2901 326 2973 τότε
346 2901 605 2992 άνοιχθήσονται
618 2900 789 2993 ὀφθαλμοὶ
808 2910 946 2993 τυφλῶν
963 2907 1019 2974 καὶ
1034 2894 1103 2975 αότα
1117 2937 1143 2976 ετ

133 3008 258 3095 κωφῶν
276 3000 491 3076 άκοόσονται·
511 3004 585 3076 τότε
602 3004 730 3076 ἆλεῖται
748 3000 792 3086 τός
810 3013 931 3094 ἔλαφος
949 3005 967 3076 6
985 3006 1102 3096 χωλὸς,

133 3110 188 3178 καί
212 3104 317 3195 τρανὴ
343 3115 433 3178 ἔσται
458 3112 592 3195 γλῶσσα
616 3105 819 3197 μογιλάλον·
853 3105 903 3178 ότι
922 3106 1045 3197 ἐρράγη
1065 3113 1103 3179 ἐν

133 3217 172 3299 τῇ
195 3208 306 3303 ἐρήμην
324 3208 419 3297 ὕδωρ
438 3212 493 3278 καὶ
511 3208 642 3298 φάραγξ
662 3212 699 3279 ἐν
716 3215 758 3299 γῇ
778 3205 941 3300 διψάση.”

201 3443 217 3490 δ
234 3440 345 3506 Ioseph.
358 3442 422 3490 Ant.
436 3442 538 3492 XIIII.
552 3444 576 3500 5,
591 3444 614 3490 2.
721 3441 752 3490 16
771 3441 818 3490 Es.
832 3444 874 3504 35,
890 3445 912 3491 1.
