<?xml version="1.0" encoding="UTF-8"?>
<!DOCTYPE html PUBLIC "-//W3C//DTD XHTML 1.0 Transitional//EN"
    "http://www.w3.org/TR/xhtml1/DTD/xhtml1-transitional.dtd">
<html xmlns="http://www.w3.org/1999/xhtml" xml:lang="en" lang="en">
 <head>
  <title>
</title>
<meta http-equiv="Content-Type" content="text/html;charset=utf-8" />
  <meta name='ocr-system' content='tesseract 3.04.00' />
  <meta name='ocr-capabilities' content='ocr_page ocr_carea ocr_par ocr_line ocrx_word'/>
</head>
<body>
  <div class='ocr_page' id='page_1' title='image "./eusebiicaesarie01dindgoog/eusebiicaesarie01dindgoog_0193.png"; bbox 0 0 2326 3818; ppageno 0'>
   <div class='ocr_carea' id='block_1_1' title="bbox 113 114 670 179">
    <p class='ocr_par' dir='ltr' id='par_1_1' title="bbox 113 114 670 179">
     <span class='ocr_line' id='line_1_1' title="bbox 113 114 670 179; baseline 0.002 -14"><span class='ocrx_word' id='word_1_1' title='bbox 113 114 174 179; x_wconf 78' lang='lat'><strong><em>132</em></strong></span> <span class='ocrx_word' id='word_1_2' title='bbox 520 114 670 168; x_wconf 75' lang='grc' dir='ltr'><strong><em>ευεεειι</em></strong></span> 
     </span>
    </p>
   </div>
   <div class='ocr_carea' id='block_1_2' title="bbox 61 250 1113 751">
    <p class='ocr_par' dir='ltr' id='par_1_2' title="bbox 61 250 1113 751">
     <span class='ocr_line' id='line_1_2' title="bbox 61 250 1084 346; baseline 0.003 -21"><span class='ocrx_word' id='word_1_3' title='bbox 61 284 100 336; x_wconf 83' lang='lat'><strong>[55]</strong></span> <span class='ocrx_word' id='word_1_4' title='bbox 115 260 173 343; x_wconf 78' lang='grc' dir='ltr'><strong><em>τῆς</em></strong></span> <span class='ocrx_word' id='word_1_5' title='bbox 192 259 250 343; x_wconf 77' lang='grc' dir='ltr'><strong><em>γῆς</em></strong></span> <span class='ocrx_word' id='word_1_6' title='bbox 270 258 306 324; x_wconf 87' lang='grc' dir='ltr'><strong><em>ἔν</em></strong></span> <span class='ocrx_word' id='word_1_7' title='bbox 323 258 363 344; x_wconf 79' lang='grc' dir='ltr'><strong><em>τῇ</em></strong></span> <span class='ocrx_word' id='word_1_8' title='bbox 384 252 427 323; x_wconf 78' lang='grc' dir='ltr'><strong><em>δι’</em></strong></span> <span class='ocrx_word' id='word_1_9' title='bbox 450 250 562 325; x_wconf 72' lang='grc' dir='ltr'><strong><em>αὐτοῖν</em></strong></span> <span class='ocrx_word' id='word_1_10' title='bbox 579 257 721 346; x_wconf 84' lang='grc' dir='ltr'><strong><em>ἐσομένη</em></strong></span> <span class='ocrx_word' id='word_1_11' title='bbox 739 253 854 344; x_wconf 79' lang='grc' dir='ltr'><strong><em>κλήσει</em></strong></span> <span class='ocrx_word' id='word_1_12' title='bbox 870 258 939 326; x_wconf 79' lang='grc' dir='ltr'><strong><em>τῶν</em></strong></span> <span class='ocrx_word' id='word_1_13' title='bbox 958 256 1084 328; x_wconf 77' lang='grc' dir='ltr'><strong><em>ἐθνῶν.</em></strong></span> 
     </span>
     <span class='ocr_line' id='line_1_3' title="bbox 116 354 1086 445; baseline 0.005 -21"><span class='ocrx_word' id='word_1_14' title='bbox 116 361 186 426; x_wconf 77' lang='grc'><strong>164.</strong></span> <span class='ocrx_word' id='word_1_15' title='bbox 207 354 337 444; x_wconf 82' lang='grc' dir='ltr'><strong><em>οὐκέτι,</em></strong></span> <span class='ocrx_word' id='word_1_16' title='bbox 361 359 482 444; x_wconf 82' lang='grc' dir='ltr'><strong><em>φησὶν,</em></strong></span> <span class='ocrx_word' id='word_1_17' title='bbox 510 358 663 445; x_wconf 83' lang='grc' dir='ltr'><strong><em>ε’ρούσιν,</em></strong></span> <span class='ocrx_word' id='word_1_18' title='bbox 681 356 821 444; x_wconf 85' lang='grc' dir='ltr'><strong><em>κιβωτὸς</em></strong></span> <span class='ocrx_word' id='word_1_19' title='bbox 841 354 1006 445; x_wconf 75' lang='grc' dir='ltr'><strong><em>διαθήκης</em></strong></span> <span class='ocrx_word' id='word_1_20' title='bbox 1025 386 1086 429; x_wconf 87' lang='grc' dir='ltr'><strong><em>κο·</em></strong></span> 
     </span>
     <span class='ocr_line' id='line_1_4' title="bbox 114 455 1086 548; baseline 0.004 -21"><span class='ocrx_word' id='word_1_21' title='bbox 114 464 199 548; x_wconf 88' lang='grc' dir='ltr'><strong><em>ρίου,</em></strong></span> <span class='ocrx_word' id='word_1_22' title='bbox 241 456 352 528; x_wconf 86' lang='grc' dir='ltr'><strong><em>οὐκέτι</em></strong></span> <span class='ocrx_word' id='word_1_23' title='bbox 380 456 444 547; x_wconf 78' lang='grc' dir='ltr'><strong><em>γὰρ</em></strong></span> <span class='ocrx_word' id='word_1_24' title='bbox 469 459 523 527; x_wconf 85' lang='grc' dir='ltr'><strong><em>ἐπὶ</em></strong></span> <span class='ocrx_word' id='word_1_25' title='bbox 548 455 606 538; x_wconf 78' lang='grc' dir='ltr'><strong><em>τὰς</em></strong></span> <span class='ocrx_word' id='word_1_26' title='bbox 630 459 782 538; x_wconf 80' lang='grc' dir='ltr'><em>Μωσέως</em></span> <span class='ocrx_word' id='word_1_27' title='bbox 809 455 1086 547; x_wconf 77' lang='grc' dir='ltr'><strong><em>ιἰναὸραμοῦνται</em></strong></span> 
     </span>
     <span class='ocr_line' id='line_1_5' title="bbox 114 556 1087 650; baseline 0.003 -22"><span class='ocrx_word' id='word_1_28' title='bbox 114 560 386 650; x_wconf 84' lang='grc' dir='ltr'><strong><em>σωματικωτέρας</em></strong></span> <span class='ocrx_word' id='word_1_29' title='bbox 403 564 606 648; x_wconf 77' lang='grc' dir='ltr'><strong><em>θρησκείας,</em></strong></span> <span class='ocrx_word' id='word_1_30' title='bbox 624 556 681 630; x_wconf 81' lang='grc' dir='ltr'><strong><em>ἅτε</em></strong></span> <span class='ocrx_word' id='word_1_31' title='bbox 699 563 816 648; x_wconf 79' lang='grc' dir='ltr'><strong><em>καινῆς</em></strong></span> <span class='ocrx_word' id='word_1_32' title='bbox 836 557 1002 648; x_wconf 79' lang='grc' dir='ltr'><strong><em>διαθήκης</em></strong></span> <span class='ocrx_word' id='word_1_33' title='bbox 1020 559 1087 632; x_wconf 84' lang='grc' dir='ltr'><strong><em>αύ-</em></strong></span> 
     </span>
     <span class='ocr_line' id='line_1_6' title="bbox 113 663 1113 751; baseline 0.003 -21"><span class='ocrx_word' id='word_1_34' title='bbox 113 677 182 743; x_wconf 82' lang='grc' dir='ltr'><strong><em>τοῑς</em></strong></span> <span class='ocrx_word' id='word_1_35' title='bbox 200 663 534 751; x_wconf 79' lang='grc' dir='ltr'><strong><em>παραδοθησομένης.</em></strong></span> <span class='ocrx_word' id='word_1_36' title='bbox 1098 692 1113 733; x_wconf 84' lang='grc' dir='ltr'><strong><em>ε</em></strong></span> 
     </span>
    </p>
   </div>
   <div class='ocr_carea' id='block_1_3' title="bbox 60 876 1124 2424">
    <p class='ocr_par' dir='ltr' id='par_1_3' title="bbox 60 876 1124 2424">
     <span class='ocr_line' id='line_1_7' title="bbox 60 876 783 962; baseline -0.004 -9"><span class='ocrx_word' id='word_1_37' title='bbox 60 914 99 962; x_wconf 70' lang='grc' dir='ltr'><strong><em>με)</em></strong></span> <span class='ocrx_word' id='word_1_38' title='bbox 402 877 464 949; x_wconf 83' lang='grc' dir='ltr'><strong><em>νε’.</em></strong></span> <span class='ocrx_word' id='word_1_39' title='bbox 498 876 578 948; x_wconf 61' lang='lat' dir='ltr'><strong><em>&#39;And</em></strong></span> <span class='ocrx_word' id='word_1_40' title='bbox 591 883 652 949; x_wconf 83' lang='grc' dir='ltr'><strong><em>τοῦ</em></strong></span> <span class='ocrx_word' id='word_1_41' title='bbox 670 876 783 950; x_wconf 81' lang='grc' dir='ltr'><strong><em>αὐτού.</em></strong></span> 
     </span>
     <span class='ocr_line' id='line_1_8' title="bbox 175 1012 1086 1109; baseline 0.008 -29"><span class='ocrx_word' id='word_1_42' title='bbox 175 1012 520 1109; x_wconf 24' lang='grc' dir='ltr'><strong><em>’165.“Ἐπλήθυναν</em></strong></span> <span class='ocrx_word' id='word_1_43' title='bbox 542 1012 697 1102; x_wconf 82' lang='grc' dir='ltr'><strong><em>ἀσεβείας</em></strong></span> <span class='ocrx_word' id='word_1_44' title='bbox 724 1012 853 1102; x_wconf 74' lang='grc' dir='ltr'><strong><em>αύτοῖν,</em></strong></span> <span class='ocrx_word' id='word_1_45' title='bbox 878 1024 1022 1104; x_wconf 76' lang='grc' dir='ltr'><strong><em>ἴσχυσαν</em></strong></span> <span class='ocrx_word' id='word_1_46' title='bbox 1047 1019 1086 1087; x_wconf 88' lang='grc' dir='ltr'><strong><em>ἔν</em></strong></span> 
     </span>
     <span class='ocr_line' id='line_1_9' title="bbox 114 1113 1083 1207; baseline 0.003 -22"><span class='ocrx_word' id='word_1_47' title='bbox 114 1129 187 1195; x_wconf 79' lang='grc' dir='ltr'><strong><em>ταῖς</em></strong></span> <span class='ocrx_word' id='word_1_48' title='bbox 214 1113 442 1204; x_wconf 80' lang='grc' dir='ltr'><strong><em>ἀποστροφαῖς</em></strong></span> <span class='ocrx_word' id='word_1_49' title='bbox 465 1113 587 1185; x_wconf 77' lang='grc' dir='ltr'><strong><em>αὐτῶν.</em></strong></span> <span class='ocrx_word' id='word_1_50' title='bbox 630 1123 709 1207; x_wconf 84' lang='grc' dir='ltr'><strong><em>ποίᾳ</em></strong></span> <span class='ocrx_word' id='word_1_51' title='bbox 734 1113 863 1186; x_wconf 88' lang='grc' dir='ltr'><strong><em>τούτων</em></strong></span> <span class='ocrx_word' id='word_1_52' title='bbox 885 1121 983 1197; x_wconf 78' lang='grc' dir='ltr'><strong><em>ἵλεως</em></strong></span> <span class='ocrx_word' id='word_1_53' title='bbox 1007 1121 1083 1188; x_wconf 87' lang='grc' dir='ltr'><strong><em>ἔσο-</em></strong></span> 
     </span>
     <span class='ocr_line' id='line_1_10' title="bbox 114 1214 1086 1306; baseline 0.002 -20"><span class='ocrx_word' id='word_1_54' title='bbox 114 1225 177 1306; x_wconf 89' lang='grc' dir='ltr'><strong><em>μαί</em></strong></span> <span class='ocrx_word' id='word_1_55' title='bbox 191 1237 259 1304; x_wconf 70' lang='grc' dir='ltr'><strong><em>σοις</em></strong></span> <span class='ocrx_word' id='word_1_56' title='bbox 278 1221 351 1286; x_wconf 76' lang='grc' dir='ltr'><strong><em>υἱοί</em></strong></span> <span class='ocrx_word' id='word_1_57' title='bbox 366 1241 428 1287; x_wconf 89' lang='grc' dir='ltr'><strong><em>σου</em></strong></span> <span class='ocrx_word' id='word_1_58' title='bbox 447 1216 662 1305; x_wconf 88' lang='grc' dir='ltr'><strong><em>ἐγκατέλιπόν</em></strong></span> <span class='ocrx_word' id='word_1_59' title='bbox 674 1244 726 1305; x_wconf 85' lang='grc' dir='ltr'><strong><em>με,</em></strong></span> <span class='ocrx_word' id='word_1_60' title='bbox 745 1220 801 1286; x_wconf 84' lang='grc' dir='ltr'><strong><em>καὶ</em></strong></span> <span class='ocrx_word' id='word_1_61' title='bbox 815 1214 950 1306; x_wconf 73' lang='grc' dir='ltr'><strong><em>ὤμνυον</em></strong></span> <span class='ocrx_word' id='word_1_62' title='bbox 965 1221 1001 1287; x_wconf 83' lang='grc' dir='ltr'><strong><em>ἐν</em></strong></span> <span class='ocrx_word' id='word_1_63' title='bbox 1014 1233 1086 1300; x_wconf 71' lang='grc' dir='ltr'><strong><em>τοις</em></strong></span> 
     </span>
     <span class='ocr_line' id='line_1_11' title="bbox 114 1310 1124 1410; baseline 0.002 -21"><span class='ocrx_word' id='word_1_64' title='bbox 114 1317 176 1389; x_wconf 85' lang='grc' dir='ltr'><strong><em>οὐκ</em></strong></span> <span class='ocrx_word' id='word_1_65' title='bbox 194 1310 269 1388; x_wconf 84' lang='grc' dir='ltr'><strong><em>οὖσι</em></strong></span> <span class='ocrx_word' id='word_1_66' title='bbox 287 1331 398 1407; x_wconf 79' lang='grc' dir='ltr'><strong><em>θεοῖς,</em></strong></span> <span class='ocrx_word' id='word_1_67' title='bbox 417 1321 473 1388; x_wconf 83' lang='grc' dir='ltr'><strong><em>καὶ</em></strong></span> <span class='ocrx_word' id='word_1_68' title='bbox 492 1316 652 1409; x_wconf 86' lang='grc' dir='ltr'><strong><em>ἐχόρτασα</em></strong></span> <span class='ocrx_word' id='word_1_69' title='bbox 665 1315 802 1404; x_wconf 84' lang='grc' dir='ltr'><strong><em>αύτούς,</em></strong></span> <span class='ocrx_word' id='word_1_70' title='bbox 821 1320 877 1388; x_wconf 81' lang='grc' dir='ltr'><strong><em>καὶ</em></strong></span> <span class='ocrx_word' id='word_1_71' title='bbox 891 1322 1084 1410; x_wconf 69' lang='grc' dir='ltr'><strong><em>ἐμοιχοὶντο,</em></strong></span> <span class='ocrx_word' id='word_1_72' title='bbox 1099 1341 1124 1383; x_wconf 81' lang='lat'><strong><em>1⁰</em></strong></span> 
     </span>
     <span class='ocr_line' id='line_1_12' title="bbox 115 1418 1086 1510; baseline 0.001 -20"><span class='ocrx_word' id='word_1_73' title='bbox 115 1422 170 1490; x_wconf 84' lang='grc' dir='ltr'><strong><em>καὶ</em></strong></span> <span class='ocrx_word' id='word_1_74' title='bbox 190 1424 226 1490; x_wconf 89' lang='grc' dir='ltr'><strong><em>ἐν</em></strong></span> <span class='ocrx_word' id='word_1_75' title='bbox 244 1432 347 1502; x_wconf 74' lang='grc' dir='ltr'><strong><em>οἴκοις</em></strong></span> <span class='ocrx_word' id='word_1_76' title='bbox 361 1423 497 1510; x_wconf 72' lang='grc' dir='ltr'><strong><em>πορνοῐν</em></strong></span> <span class='ocrx_word' id='word_1_77' title='bbox 509 1418 725 1490; x_wconf 88' lang='grc' dir='ltr'><strong><em>κατελύοσαν.</em></strong></span> <span class='ocrx_word' id='word_1_78' title='bbox 760 1424 856 1490; x_wconf 71' lang='grc' dir='ltr'><strong><em>ἵπποι</em></strong></span> <span class='ocrx_word' id='word_1_79' title='bbox 875 1431 1086 1509; x_wconf 79' lang='grc' dir='ltr'><strong><em>θηλυμαυετς</em></strong></span> 
     </span>
     <span class='ocr_line' id='line_1_13' title="bbox 114 1521 1087 1611; baseline 0.004 -20"><span class='ocrx_word' id='word_1_80' title='bbox 114 1521 343 1611; x_wconf 76' lang='grc' dir='ltr'><strong><em>ἐγενήθησαν,</em></strong></span> <span class='ocrx_word' id='word_1_81' title='bbox 367 1525 503 1604; x_wconf 83' lang='grc' dir='ltr'><strong><em>ἔκαστος</em></strong></span> <span class='ocrx_word' id='word_1_82' title='bbox 527 1524 581 1592; x_wconf 87' lang='grc' dir='ltr'><strong><em>ἐπὶ</em></strong></span> <span class='ocrx_word' id='word_1_83' title='bbox 604 1521 667 1609; x_wconf 85' lang='grc' dir='ltr'><strong><em>τήν</em></strong></span> <span class='ocrx_word' id='word_1_84' title='bbox 690 1536 834 1610; x_wconf 78' lang='grc' dir='ltr'><strong><em>γυναῖκα</em></strong></span> <span class='ocrx_word' id='word_1_85' title='bbox 856 1524 918 1590; x_wconf 83' lang='grc' dir='ltr'><strong><em>τού</em></strong></span> <span class='ocrx_word' id='word_1_86' title='bbox 939 1529 1087 1610; x_wconf 80' lang='grc' dir='ltr'><strong><em>πλησίον</em></strong></span> 
     </span>
     <span class='ocr_line' id='line_1_14' title="bbox 115 1620 1086 1713; baseline 0.004 -22"><span class='ocrx_word' id='word_1_87' title='bbox 115 1626 327 1713; x_wconf 78' lang='grc' dir='ltr'><strong><em>ἐχρεμέτιζον.</em></strong></span> <span class='ocrx_word' id='word_1_88' title='bbox 370 1623 415 1712; x_wconf 83' lang='grc' dir='ltr'><strong><em>μή</em></strong></span> <span class='ocrx_word' id='word_1_89' title='bbox 435 1625 489 1693; x_wconf 78' lang='grc' dir='ltr'><strong><em>ἐπὶ</em></strong></span> <span class='ocrx_word' id='word_1_90' title='bbox 506 1621 635 1704; x_wconf 79' lang='grc' dir='ltr'><strong><em>τούτοις</em></strong></span> <span class='ocrx_word' id='word_1_91' title='bbox 654 1620 717 1692; x_wconf 91' lang='grc' dir='ltr'><strong><em>ούκ</em></strong></span> <span class='ocrx_word' id='word_1_92' title='bbox 741 1625 973 1710; x_wconf 71' lang='grc' dir='ltr'><strong><em>ἔπισκέψομαις</em></strong></span> <span class='ocrx_word' id='word_1_93' title='bbox 992 1626 1086 1713; x_wconf 80' lang='grc' dir='ltr'><strong><em>λέγει</em></strong></span> 
     </span>
     <span class='ocr_line' id='line_1_15' title="bbox 73 1718 1086 1817; baseline 0.002 -26"><span class='ocrx_word' id='word_1_94' title='bbox 73 1761 75 1764; x_wconf 94' lang='grc'><strong><em>·</em></strong></span> <span class='ocrx_word' id='word_1_95' title='bbox 115 1724 246 1813; x_wconf 82' lang='grc' dir='ltr'><strong><em>κύριος,</em></strong></span> <span class='ocrx_word' id='word_1_96' title='bbox 265 1718 286 1811; x_wconf 83' lang='grc' dir='ltr'><strong><em>ή</em></strong></span> <span class='ocrx_word' id='word_1_97' title='bbox 305 1728 342 1794; x_wconf 91' lang='grc' dir='ltr'><strong><em>ἐν</em></strong></span> <span class='ocrx_word' id='word_1_98' title='bbox 361 1731 455 1795; x_wconf 89' lang='grc' dir='ltr'><strong><em>ἔθνει</em></strong></span> <span class='ocrx_word' id='word_1_99' title='bbox 472 1728 519 1816; x_wconf 76' lang='grc' dir='ltr'><strong><em>τῷ</em></strong></span> <span class='ocrx_word' id='word_1_100' title='bbox 535 1722 673 1817; x_wconf 76' lang='grc' dir='ltr'><strong><em>τοιούτῳ</em></strong></span> <span class='ocrx_word' id='word_1_101' title='bbox 692 1721 754 1794; x_wconf 90' lang='grc' dir='ltr'><strong><em>ούκ</em></strong></span> <span class='ocrx_word' id='word_1_102' title='bbox 768 1721 935 1812; x_wconf 78' lang='grc' dir='ltr'><strong><em>ἐκδικήσει</em></strong></span> <span class='ocrx_word' id='word_1_103' title='bbox 952 1722 973 1813; x_wconf 82' lang='grc' dir='ltr'><em>ἡ</em></span> <span class='ocrx_word' id='word_1_104' title='bbox 992 1724 1086 1816; x_wconf 74' lang='grc' dir='ltr'><strong><em>ψυχή</em></strong></span> 
     </span>
     <span class='ocr_line' id='line_1_16' title="bbox 113 1822 1122 1916; baseline 0.003 -21"><span class='ocrx_word' id='word_1_105' title='bbox 113 1854 194 1914; x_wconf 71' lang='grc' dir='ltr'><strong><em>μους</em></strong></span> <span class='ocrx_word' id='word_1_106' title='bbox 214 1822 360 1915; x_wconf 80' lang='grc' dir='ltr'><strong><em>ἀνάβητε</em></strong></span> <span class='ocrx_word' id='word_1_107' title='bbox 374 1829 428 1896; x_wconf 77' lang='grc' dir='ltr'><strong><em>ἔπὶ</em></strong></span> <span class='ocrx_word' id='word_1_108' title='bbox 446 1824 524 1908; x_wconf 84' lang='grc' dir='ltr'><strong><em>τούς</em></strong></span> <span class='ocrx_word' id='word_1_109' title='bbox 541 1830 760 1916; x_wconf 80' lang='grc' dir='ltr'><strong><em>προμαχῶνας</em></strong></span> <span class='ocrx_word' id='word_1_110' title='bbox 774 1823 888 1914; x_wconf 82' lang='grc' dir='ltr'><strong><em>αὐτῆς,</em></strong></span> <span class='ocrx_word' id='word_1_111' title='bbox 906 1826 962 1895; x_wconf 86' lang='grc' dir='ltr'><strong><em>καὶ</em></strong></span> <span class='ocrx_word' id='word_1_112' title='bbox 979 1854 1085 1898; x_wconf 88' lang='grc' dir='ltr'><strong><em>κατα·</em></strong></span> <span class='ocrx_word' id='word_1_113' title='bbox 1097 1844 1122 1889; x_wconf 77' lang='lat'><strong><em>1⁸</em></strong></span> 
     </span>
     <span class='ocr_line' id='line_1_17' title="bbox 88 1925 1085 2017; baseline 0.005 -21"><span class='ocrx_word' id='word_1_114' title='bbox 88 1925 280 2016; x_wconf 77' lang='grc' dir='ltr'><strong><em>ισφύξοιτε,</em></strong></span> <span class='ocrx_word' id='word_1_115' title='bbox 304 1931 500 1998; x_wconf 78' lang='grc' dir='ltr'><strong><em>συντέλειαν</em></strong></span> <span class='ocrx_word' id='word_1_116' title='bbox 525 1929 562 1997; x_wconf 80' lang='grc' dir='ltr'><strong><em>δέ</em></strong></span> <span class='ocrx_word' id='word_1_117' title='bbox 578 1925 624 2017; x_wconf 86' lang='grc' dir='ltr'><strong><em>μή</em></strong></span> <span class='ocrx_word' id='word_1_118' title='bbox 647 1925 819 2015; x_wconf 81' lang='grc' dir='ltr'><strong><em>ποιήσητε·</em></strong></span> <span class='ocrx_word' id='word_1_119' title='bbox 855 1925 1085 2001; x_wconf 82' lang='grc' dir='ltr'><strong><em>ὑπολείπεσθε</em></strong></span> 
     </span>
     <span class='ocr_line' id='line_1_18' title="bbox 114 2026 1052 2119; baseline 0.003 -23"><span class='ocrx_word' id='word_1_120' title='bbox 114 2027 154 2096; x_wconf 83' lang='grc' dir='ltr'><strong><em>τὰ</em></strong></span> <span class='ocrx_word' id='word_1_121' title='bbox 171 2027 444 2118; x_wconf 82' lang='grc' dir='ltr'><strong><em>ὑποστηρίγματα</em></strong></span> <span class='ocrx_word' id='word_1_122' title='bbox 462 2029 580 2117; x_wconf 83' lang='grc' dir='ltr'><strong><em>αύτής,</em></strong></span> <span class='ocrx_word' id='word_1_123' title='bbox 598 2026 648 2098; x_wconf 84' lang='grc' dir='ltr'><strong><em>ὅτι</em></strong></span> <span class='ocrx_word' id='word_1_124' title='bbox 666 2031 727 2098; x_wconf 82' lang='grc' dir='ltr'><strong><em>τού</em></strong></span> <span class='ocrx_word' id='word_1_125' title='bbox 744 2037 864 2119; x_wconf 83' lang='grc' dir='ltr'><strong><em>κυρίου</em></strong></span> <span class='ocrx_word' id='word_1_126' title='bbox 883 2027 1001 2099; x_wconf 87' lang='grc' dir='ltr'><strong><em>είσίν.”</em></strong></span> <span class='ocrx_word' id='word_1_127' title='bbox 1047 2084 1052 2091; x_wconf 86' lang='grc'><em>.</em></span> 
     </span>
     <span class='ocr_line' id='line_1_19' title="bbox 194 2128 1085 2220; baseline 0.006 -23"><span class='ocrx_word' id='word_1_128' title='bbox 194 2135 263 2200; x_wconf 84' lang='grc'><strong>166.</strong></span> <span class='ocrx_word' id='word_1_129' title='bbox 283 2133 351 2199; x_wconf 76' lang='grc' dir='ltr'><strong><em>Καὶ</em></strong></span> <span class='ocrx_word' id='word_1_130' title='bbox 370 2134 407 2200; x_wconf 92' lang='grc' dir='ltr'><strong><em>ἔν</em></strong></span> <span class='ocrx_word' id='word_1_131' title='bbox 429 2129 557 2211; x_wconf 83' lang='grc' dir='ltr'><strong><em>τούτοις</em></strong></span> <span class='ocrx_word' id='word_1_132' title='bbox 574 2128 658 2220; x_wconf 79' lang='grc' dir='ltr'><strong><em>ὁμοῦ</em></strong></span> <span class='ocrx_word' id='word_1_133' title='bbox 683 2138 863 2220; x_wconf 84' lang='grc' dir='ltr'><strong><em>κατηγορία</em></strong></span> <span class='ocrx_word' id='word_1_134' title='bbox 880 2136 940 2201; x_wconf 85' lang='grc' dir='ltr'><strong><em>τοῦ</em></strong></span> <span class='ocrx_word' id='word_1_135' title='bbox 959 2130 1085 2216; x_wconf 76' lang='grc' dir='ltr'><strong><em>παντὸς</em></strong></span> 
     </span>
     <span class='ocr_line' id='line_1_20' title="bbox 115 2230 1086 2322; baseline 0.004 -22"><span class='ocrx_word' id='word_1_136' title='bbox 115 2238 238 2312; x_wconf 77' lang='grc' dir='ltr'><strong><em>ἔθνους</em></strong></span> <span class='ocrx_word' id='word_1_137' title='bbox 262 2230 375 2303; x_wconf 82' lang='grc' dir='ltr'><strong><em>αύτῶν</em></strong></span> <span class='ocrx_word' id='word_1_138' title='bbox 398 2231 498 2320; x_wconf 82' lang='grc' dir='ltr'><strong><em>κοιέή</em></strong></span> <span class='ocrx_word' id='word_1_139' title='bbox 527 2236 736 2321; x_wconf 86' lang='grc' dir='ltr'><strong><em>μετελθούσα</em></strong></span> <span class='ocrx_word' id='word_1_140' title='bbox 760 2231 881 2314; x_wconf 83' lang='grc' dir='ltr'><strong><em>αὐτούς</em></strong></span> <span class='ocrx_word' id='word_1_141' title='bbox 907 2240 1086 2322; x_wconf 81' lang='grc' dir='ltr'><strong><em>πολιορκία</em></strong></span> 
     </span>
     <span class='ocr_line' id='line_1_21' title="bbox 115 2331 1123 2424; baseline 0 -21"><span class='ocrx_word' id='word_1_142' title='bbox 115 2337 291 2422; x_wconf 78' lang='grc' dir='ltr'><strong><em>δηλοῦται,</em></strong></span> <span class='ocrx_word' id='word_1_143' title='bbox 310 2337 367 2404; x_wconf 82' lang='grc' dir='ltr'><strong><em>καὶ</em></strong></span> <span class='ocrx_word' id='word_1_144' title='bbox 391 2332 492 2405; x_wconf 76' lang='grc' dir='ltr'><strong><em>πάλιν</em></strong></span> <span class='ocrx_word' id='word_1_145' title='bbox 516 2333 552 2404; x_wconf 88' lang='grc' dir='ltr'><strong><em>τὸ</em></strong></span> <span class='ocrx_word' id='word_1_146' title='bbox 572 2333 792 2424; x_wconf 80' lang='grc' dir='ltr'><strong><em>κατύλειμμα,</em></strong></span> <span class='ocrx_word' id='word_1_147' title='bbox 817 2332 899 2422; x_wconf 80' lang='grc' dir='ltr'><strong><em>ὅπερ</em></strong></span> <span class='ocrx_word' id='word_1_148' title='bbox 918 2331 1123 2424; x_wconf 57' lang='grc' dir='ltr'><strong><em>στήριγμα»</em></strong></span> 
     </span>
    </p>
   </div>
   <div class='ocr_carea' id='block_1_4' title="bbox 112 2427 1085 2821">
    <p class='ocr_par' dir='ltr' id='par_1_4' title="bbox 112 2427 1085 2821">
     <span class='ocr_line' id='line_1_22' title="bbox 113 2427 1085 2527; baseline 0.002 -23"><span class='ocrx_word' id='word_1_149' title='bbox 113 2433 216 2524; x_wconf 76' lang='grc' dir='ltr'><strong><em>αὐτῆς</em></strong></span> <span class='ocrx_word' id='word_1_150' title='bbox 239 2435 392 2526; x_wconf 77' lang='grc' dir='ltr'><strong><em>ὀνομάζει</em></strong></span> <span class='ocrx_word' id='word_1_151' title='bbox 414 2441 474 2508; x_wconf 83' lang='grc' dir='ltr'><strong><em>τοῦ</em></strong></span> <span class='ocrx_word' id='word_1_152' title='bbox 498 2442 618 2527; x_wconf 90' lang='grc' dir='ltr'><strong><em>κυρίου</em></strong></span> <span class='ocrx_word' id='word_1_153' title='bbox 640 2434 815 2526; x_wconf 81' lang='grc' dir='ltr'><strong><em>τυγχάνον.</em></strong></span> <span class='ocrx_word' id='word_1_154' title='bbox 856 2439 953 2505; x_wconf 85' lang='grc' dir='ltr'><strong><em>τούτο</em></strong></span> <span class='ocrx_word' id='word_1_155' title='bbox 978 2427 1085 2525; x_wconf 78' lang='grc' dir='ltr'><strong><em>ιλέήυ</em></strong></span> 
     </span>
     <span class='ocr_line' id='line_1_23' title="bbox 112 2535 1085 2627; baseline 0.003 -22"><span class='ocrx_word' id='word_1_156' title='bbox 112 2535 149 2605; x_wconf 85' lang='grc' dir='ltr'><strong><em>τὸ</em></strong></span> <span class='ocrx_word' id='word_1_157' title='bbox 170 2536 225 2606; x_wconf 74' lang='grc' dir='ltr'><strong><em>διὰ</em></strong></span> <span class='ocrx_word' id='word_1_158' title='bbox 243 2541 301 2624; x_wconf 80' lang='grc' dir='ltr'><strong><em>τῆς</em></strong></span> <span class='ocrx_word' id='word_1_159' title='bbox 321 2546 367 2618; x_wconf 85' lang='grc' dir='ltr'><strong><em>είς</em></strong></span> <span class='ocrx_word' id='word_1_160' title='bbox 390 2538 449 2609; x_wconf 87' lang='grc' dir='ltr'><strong><em>τὸν</em></strong></span> <span class='ocrx_word' id='word_1_161' title='bbox 467 2535 612 2627; x_wconf 82' lang='grc' dir='ltr'><strong><em>Χριστὸν</em></strong></span> <span class='ocrx_word' id='word_1_162' title='bbox 634 2540 694 2608; x_wconf 86' lang='grc' dir='ltr'><strong><em>τού</em></strong></span> <span class='ocrx_word' id='word_1_163' title='bbox 710 2541 795 2607; x_wconf 80' lang='grc' dir='ltr'><strong><em>θεοῦ</em></strong></span> <span class='ocrx_word' id='word_1_164' title='bbox 813 2544 956 2618; x_wconf 87' lang='grc' dir='ltr'><strong><em>πίστεως</em></strong></span> <span class='ocrx_word' id='word_1_165' title='bbox 975 2542 1085 2608; x_wconf 74' lang='grc' dir='ltr'><strong><em>δυνα-</em></strong></span> 
     </span>
     <span class='ocr_line' id='line_1_24' title="bbox 113 2634 1082 2729; baseline 0.005 -24"><span class='ocrx_word' id='word_1_166' title='bbox 113 2638 230 2724; x_wconf 81' lang='grc' dir='ltr'><strong><em>μωθέν</em></strong></span> <span class='ocrx_word' id='word_1_167' title='bbox 248 2641 304 2707; x_wconf 86' lang='grc' dir='ltr'><strong><em>καὶ</em></strong></span> <span class='ocrx_word' id='word_1_168' title='bbox 322 2638 531 2729; x_wconf 79' lang='grc' dir='ltr'><strong><em>στερροιθέν,</em></strong></span> <span class='ocrx_word' id='word_1_169' title='bbox 552 2637 596 2719; x_wconf 78' lang='grc' dir='ltr'><strong><em>ὡς</em></strong></span> <span class='ocrx_word' id='word_1_170' title='bbox 613 2640 699 2727; x_wconf 72' lang='grc' dir='ltr'><strong><em>μηδὲ</em></strong></span> <span class='ocrx_word' id='word_1_171' title='bbox 716 2636 756 2708; x_wconf 76' lang='grc' dir='ltr'><strong><em>τοὶ</em></strong></span> <span class='ocrx_word' id='word_1_172' title='bbox 772 2634 869 2727; x_wconf 81' lang='grc' dir='ltr'><strong><em>ὅμοια</em></strong></span> <span class='ocrx_word' id='word_1_173' title='bbox 887 2637 1082 2728; x_wconf 74' lang='grc' dir='ltr'><strong><em>ὑπομείναι,</em></strong></span> 
     </span>
     <span class='ocr_line' id='line_1_25' title="bbox 114 2733 765 2821; baseline 0.003 -15"><span class='ocrx_word' id='word_1_174' title='bbox 114 2733 163 2819; x_wconf 85' lang='grc' dir='ltr'><strong><em>οἷς</em></strong></span> <span class='ocrx_word' id='word_1_175' title='bbox 181 2738 217 2807; x_wconf 86' lang='grc' dir='ltr'><strong><em>τὸ</em></strong></span> <span class='ocrx_word' id='word_1_176' title='bbox 237 2741 305 2808; x_wconf 78' lang='grc' dir='ltr'><strong><em>πᾶν</em></strong></span> <span class='ocrx_word' id='word_1_177' title='bbox 324 2744 424 2821; x_wconf 85' lang='grc' dir='ltr'><strong><em>ἔθνος</em></strong></span> <span class='ocrx_word' id='word_1_178' title='bbox 442 2737 557 2810; x_wconf 78' lang='grc' dir='ltr'><strong><em>αύτῶν</em></strong></span> <span class='ocrx_word' id='word_1_179' title='bbox 576 2738 765 2811; x_wconf 87' lang='grc' dir='ltr'><strong><em>ἐπεπόνθει.</em></strong></span> 
     </span>
    </p>
   </div>
   <div class='ocr_carea' id='block_1_5' title="bbox 381 2955 1120 3048">
    <p class='ocr_par' dir='ltr' id='par_1_5' title="bbox 381 2955 1120 3048">
     <span class='ocr_line' id='line_1_26' title="bbox 381 2955 1120 3048; baseline 0 -20"><span class='ocrx_word' id='word_1_180' title='bbox 381 2955 442 3040; x_wconf 78' lang='grc' dir='ltr'><strong><em>νς’.</em></strong></span> <span class='ocrx_word' id='word_1_181' title='bbox 475 2957 556 3029; x_wconf 82' lang='grc' dir='ltr'><strong><em>Ἀπὸ</em></strong></span> <span class='ocrx_word' id='word_1_182' title='bbox 574 2961 635 3030; x_wconf 82' lang='grc' dir='ltr'><strong><em>τού</em></strong></span> <span class='ocrx_word' id='word_1_183' title='bbox 649 2957 808 3048; x_wconf 78' lang='grc' dir='ltr'><strong><em>Ἱεζεκιήλ.</em></strong></span> <span class='ocrx_word' id='word_1_184' title='bbox 882 2982 884 2987; x_wconf 86' lang='grc'><strong><em>·</em></strong></span> <span class='ocrx_word' id='word_1_185' title='bbox 1093 2996 1120 3036; x_wconf 66' lang='grc' dir='ltr'><strong><em>τε</em></strong></span> 
     </span>
    </p>
   </div>
   <div class='ocr_carea' id='block_1_6' title="bbox 88 3090 1081 3290">
    <p class='ocr_par' dir='ltr' id='par_1_6' title="bbox 88 3090 1081 3290">
     <span class='ocr_line' id='line_1_27' title="bbox 189 3090 1081 3187; baseline 0.008 -26"><span class='ocrx_word' id='word_1_186' title='bbox 189 3090 365 3163; x_wconf 75' lang='lat' dir='ltr'><strong><em>167.“1(a2</em></strong></span> <span class='ocrx_word' id='word_1_187' title='bbox 384 3097 562 3165; x_wconf 77' lang='grc' dir='ltr'><strong><em>πεσοῦνται</em></strong></span> <span class='ocrx_word' id='word_1_188' title='bbox 585 3102 783 3184; x_wconf 88' lang='grc' dir='ltr'><strong><em>τραυματίαι</em></strong></span> <span class='ocrx_word' id='word_1_189' title='bbox 807 3098 952 3187; x_wconf 76' lang='grc' dir='ltr'><strong><em>ἐνμέσῳ</em></strong></span> <span class='ocrx_word' id='word_1_190' title='bbox 969 3094 1081 3185; x_wconf 69' lang='grc' dir='ltr'><strong><em>ὑμῶν,</em></strong></span> 
     </span>
     <span class='ocr_line' id='line_1_28' title="bbox 88 3191 1081 3290; baseline 0.009 -30"><span class='ocrx_word' id='word_1_191' title='bbox 88 3234 97 3260; x_wconf 71' lang='lat' dir='ltr'>c</span> <span class='ocrx_word' id='word_1_192' title='bbox 112 3198 167 3265; x_wconf 85' lang='grc' dir='ltr'><strong><em>καὶ</em></strong></span> <span class='ocrx_word' id='word_1_193' title='bbox 185 3193 416 3282; x_wconf 76' lang='grc' dir='ltr'><strong><em>ἐπιγνώσεσθε</em></strong></span> <span class='ocrx_word' id='word_1_194' title='bbox 438 3191 488 3266; x_wconf 83' lang='grc' dir='ltr'><strong><em>ὅτι</em></strong></span> <span class='ocrx_word' id='word_1_195' title='bbox 507 3195 571 3284; x_wconf 76' lang='grc' dir='ltr'><strong><em>ἐγὼ</em></strong></span> <span class='ocrx_word' id='word_1_196' title='bbox 589 3195 723 3286; x_wconf 84' lang='grc' dir='ltr'><strong><em>κύριος,</em></strong></span> <span class='ocrx_word' id='word_1_197' title='bbox 749 3200 849 3290; x_wconf 78' lang='grc' dir='ltr'><strong><em>ἐντῷ</em></strong></span> <span class='ocrx_word' id='word_1_198' title='bbox 867 3199 1027 3284; x_wconf 83' lang='grc' dir='ltr'><strong><em>γενέσθαι</em></strong></span> <span class='ocrx_word' id='word_1_199' title='bbox 1046 3200 1081 3281; x_wconf 77' lang='grc' dir='ltr'><strong><em>ἐξ</em></strong></span> 
     </span>
    </p>
   </div>
   <div class='ocr_carea' id='block_1_7' title="bbox 180 3428 686 3492">
    <p class='ocr_par' dir='ltr' id='par_1_7' title="bbox 180 3428 686 3492">
     <span class='ocr_line' id='line_1_29' title="bbox 180 3428 686 3492; baseline 0.01 -15"><span class='ocrx_word' id='word_1_200' title='bbox 180 3430 194 3476; x_wconf 81' lang='grc'><strong>7</strong></span> <span class='ocrx_word' id='word_1_201' title='bbox 213 3428 271 3477; x_wconf 89' lang='lat' dir='ltr'>Jer.</span> <span class='ocrx_word' id='word_1_202' title='bbox 285 3430 310 3492; x_wconf 79' lang='grc' dir='ltr'><strong><em>ὅ,</em></strong></span> <span class='ocrx_word' id='word_1_203' title='bbox 324 3429 348 3480; x_wconf 86' lang='grc'><strong><em>6.</em></strong></span> <span class='ocrx_word' id='word_1_204' title='bbox 455 3430 487 3478; x_wconf 81' lang='lat'><strong><em>26</em></strong></span> <span class='ocrx_word' id='word_1_205' title='bbox 506 3429 607 3480; x_wconf 80' lang='lat' dir='ltr'>Ezeeh.</span> <span class='ocrx_word' id='word_1_206' title='bbox 622 3431 647 3492; x_wconf 89' lang='grc'><strong><em>6,</em></strong></span> <span class='ocrx_word' id='word_1_207' title='bbox 663 3433 686 3482; x_wconf 81' lang='grc'><strong><em>7.</em></strong></span> 
     </span>
    </p>
   </div>
   <div class='ocr_carea' id='block_1_8' title="bbox 0 0 1168 3818">
    <p class='ocr_par' dir='ltr' id='par_1_8' title="bbox 0 0 1168 3818">
     <span class='ocr_line' id='line_1_30' title="bbox 0 0 1168 3818; baseline 0 0"><span class='ocrx_word' id='word_1_208' title='bbox 0 0 1168 3818; x_wconf 95' lang='lat' dir='ltr'><strong><em> </em></strong></span> 
     </span>
    </p>
   </div>
  </div>
 </body>
</html>
