2326 3818
558 121 707 174 EUSEBII

451 427 531 502 Ἀπὸ
549 432 610 501 τοῦ
628 437 805 521 Ζαχαρίου.

130 609 141 637 e
235 581 281 642 IV.
315 565 334 591 ‘³
352 569 482 658 Τέρπου
511 569 568 637 καὶ
599 561 803 658 εύφραίνου,
833 563 981 657 θύγατερ
1007 567 1117 659 Σιών,

148 667 232 740 διότι
256 668 331 739 ἰδού
359 668 423 758 έγιδ
447 675 600 761 ἔρχομαι,
625 671 681 738 καί
705 666 950 756 κατασκηνάσω
970 673 1117 766 ἐνμέσῳ

147 796 227 860 σου,
254 772 342 859 λέγει
367 768 498 860 κύριος,
530 772 585 840 καὶ
610 767 875 859 καταφεύξονται
899 778 983 860 ἔθνη
1008 773 1117 844 πολλά

87 901 140 954 [τοι]
153 874 207 944 έπί
225 871 284 943 τὸν
301 868 420 962 κύριον
438 876 475 943 έν
487 879 527 963 τῇ
545 866 651 964 ἡμέρᾳ
670 876 800 961 ἐκείνη,
827 875 882 942 καὶ
901 881 1033 945 ἔσονται
1051 871 1144 946 αύ-5

147 981 194 1068 τῷ
214 980 262 1054 εἰς
281 970 382 1069 λαόν,
401 975 457 1044 καί
471 970 789 1063 κατασκηυύσουσιν
804 977 841 1043 έν
858 975 948 1068 μέσην
966 996 1039 1063 σου,
1058 980 1118 1048 καὶ

148 1072 318 1166 ἐπιγνοίση
342 1071 393 1146 ὅτι
422 1072 535 1166 κύριος
560 1071 800 1167 παντοκράτωρ
831 1077 1051 1158 έξαπέσταλκέ
1073 1107 1117 1167 με

148 1174 244 1346 πρός2
249 1172 323 1246 σέ.”

224 1281 358 1351 2.Καί
392 1274 475 1368 μεθ’
512 1282 608 1369 ἔτερα
643 1286 783 1349 πλείστα
817 1276 939 1367 μεταξύ
972 1282 1117 1368 ἐπιλέγει

117 1408 131 1449 d
153 1375 258 1472 ’χαῖρε
281 1378 430 1472 σφόδρα,
454 1378 604 1503 θύγατερ
630 1379 741 1469 Σιὼν,
774 1379 940 1469 κήρυσσε,
964 1378 1115 1471 θύγατερ
1130 1414 1155 1453 10

141 1481 373 1614 Ἱερουσαλημ,
400 1476 510 1606 ἰδρδ
495 1511 512 1552 ο
526 1478 684 1570 βασιλευς
698 1502 760 1552 σου
774 1487 909 1571 ἔρχεταί
918 1504 971 1553 σοι
987 1488 1023 1552 δί
1009 1492 1116 1566 ἰκαιος

146 1587 202 1654 καὶ
220 1581 354 1673 στάζων,
374 1580 474 1666 αύτὸς
492 1581 601 1676 πραύς
618 1585 675 1654 καὶ
694 1582 900 1672 έπιβεβηκως
920 1586 974 1655 έπί
992 1579 1115 1670 ὑποζύ-

145 1715 220 1773 γιον
244 1689 300 1756 καί
324 1691 437 1757 πῶλον
459 1690 553 1758 νέον·
584 1687 639 1757 καί
655 1682 946 1776 ,έξολοθρεύσει”
925 1715 1056 1775 αρματα
1081 1691 1115 1770 ἐξ

144 1783 302 1878 Ἐφραίμ,
327 1790 383 1858 καὶ
408 1794 512 1858 ἵππον
539 1791 572 1871 ἐξ
586 1784 801 1879 Ἰερουσαλὴμ
808 1841 818 1876 ,
844 1790 901 1858 καὶ
919 1792 1115 1874 ἐξολοθρευ-

146 1890 288 1978 θήσεται
317 1887 413 1973 τόξον
444 1887 640 1978 πολεμικὸν,
671 1891 728 1958 καί
758 1892 888 1977 πλῆθος
919 1887 1053 1979 εἰρήνης
1079 1892 1113 1972 ἐξ
1128 1920 1154 1960 15

148 1994 270 2060 ἐθνῶν.
307 1993 363 2059 καί
388 1988 540 2080 κατάρξει
565 1986 630 2060 άπὸ
647 1986 820 2079 θαλάσσης
847 1995 908 2073 έως
926 1987 1113 2081 θαλάσσης,

150 2092 206 2159 καί
225 2088 290 2159 άπὸ
303 2095 467 2180 ποταμῶν
486 2088 532 2162 δι’
555 2090 692 2181 ἐκβολάς
710 2089 803 2182 γῆς.”

222 2195 251 2261 3.
278 2195 389 2262 Ταῦτα
406 2195 483 2285 περὶ
500 2199 558 2283 τῆς
576 2201 635 2266 τού
649 2197 796 2283 σωτῆρος
814 2189 910 2284 ἡμῶν
927 2202 1114 2284 παρουσίας

149 2300 314 2377 θεσπίσας
338 2298 395 2366 καὶ
418 2299 485 2367 νύν
515 2292 533 2367 ὁ
565 2295 680 2386 λόγος,
704 2294 781 2386 μεθ’
822 2300 918 2386 ἕτερα
947 2299 1024 2386 περὶ
1055 2300 1115 2385 τῆς

150 2394 287 2486 ἐσχάτης
306 2397 502 2488 ἐρημώσεως
520 2403 578 2488 τῆς
592 2393 817 2489 Ἰερουσαλὴμ,
836 2398 909 2468 τοτὲ
925 2399 987 2487 μὲν
1006 2402 1114 2470 ε’πικε-
1128 2427 1153 2468 νο

148 2504 345 2589 κρνμμένως
363 2502 418 2570 καί
445 2496 491 2570 δι’
512 2499 734 2590 αἰνιγμάτων,
761 2500 835 2569 τοτὲ
854 2500 891 2569 δὲ·
915 2495 1114 2583 άκαλύπτως

82 2626 134 2678 (τοι)
148 2598 337 2690 άναφωνεί·
364 2601 408 2670 δι’
435 2600 640 2692 αἰνιγμάτων
663 2601 725 2691 μὲν
744 2605 780 2671 έν
798 2596 848 2682 οἷς
866 2621 949 2690 φησι
963 2596 1115 2673 “διάνοι-

146 2704 203 2784 ξον
221 2700 238 2771 ὁ
259 2708 407 2789 Λίβανος
425 2700 483 2783 τάς
500 2702 609 2783 πύλας
627 2725 709 2791 σου,
734 2705 790 2772 καί
808 2707 1026 2791 καταφαγέτω
1045 2708 1114 2795 πῦρ

146 2799 204 2882 τάς
223 2804 363 2894 κέδρους
388 2827 458 2874 σου.
496 2801 683 2889 όλολυξάτω
707 2811 822 2894 πίτυς,
851 2802 936 2874 διότι
960 2809 1114 2876 πέπτωκε

146 2904 281 2994 κέδρος,
315 2902 401 2976 διότι
423 2905 575 2997 μεγάλως
606 2910 801 2997 μεγιστᾶνες
827 2904 1111 2997 ἐταλαιπώρησαν.
1127 2933 1152 2975 εε

146 3002 324 3089 ὀλολύξατε
349 3006 450 3100 δρύες
476 3013 534 3098 τῆς
557 3014 796 3097 Βασανίτιδος,
821 3003 871 3078 ότι
895 3005 1113 3097 κατεσπάσθη

145 3104 163 3176 ὁ
183 3107 307 3200 δρυμὸς
324 3107 342 3180 ὁ
361 3108 542 3200 σύμφυτος.
579 3108 676 3201 φωνὴ
693 3107 916 3201 θρηνούντων
933 3114 1114 3199 ποιμένων,

145 3205 196 3279 ότι
224 3210 515 3303 τεταλαιπωρηκεν
542 3211 562 3302 ἡ
592 3210 813 3303 μεγαλωσύνη
845 3211 973 3281 αὐτόν·
1015 3208 1113 3300 φωνὴ

152 3359 346 3368 *wo-m...-

211 3443 425 3509 2Zaoh.2,10.
531 3449 562 3498 10
579 3443 702 3511 Zaeh.'9‚
717 3447 741 3497 9.
845 3443 1074 3509 22zach.11,1.
