2326 3818
158 104 200 168 38
573 103 724 156 EUSEBH

232 249 283 315 23.
317 240 451 327 Τούτοις
480 246 622 332 ἐπιλέγει
635 238 761 333 “xvim
786 244 845 315 τδν
869 243 1049 336 ὀφθαλμόν
1067 243 1133 320 οὐκ

159 348 297 433 ἐξέτηξα.
336 352 368 415 εί
385 346 421 414 δέ
440 347 494 414 καὶ
512 343 570 415 τὸν
588 344 708 435 ψωμόν
720 374 785 436 μου
796 353 923 435 ἔφαγον
940 345 1053 437 μόνος,
1073 353 1133 421 καὶ

156 445 231 538 οὐχὶ
244 443 384 541 ὀρφανῷ
395 453 583 536 μετέδωκα,
603 455 635 517 εί
652 448 689 517 δὲ
703 450 758 517 καλ
773 447 865 520 είδον
878 448 1007 538 γυμνὸν
1024 448 1132 522 άπολ-

158 548 318 639 λύμενον,
339 551 395 618 καὶ
412 545 474 619 οὐκ
492 545 674 637 ήμφίεσα.”

234 656 285 721 24.
305 653 372 721 Καὶ
391 648 493 720 πάλιν
510 649 640 737 ὑποβὰς
658 651 746 738 λέγει
761 644 817 720 “el
834 651 870 721 δὲ
888 654 944 721 καὶ
962 659 1051 746 λίθῳ
1069 681 1156 729 τεο-τ

156 763 290 823 λυτελεῑ
313 756 538 840 ἐπεποίθησα,
568 758 598 821 εί
622 751 659 821 δὲ
684 753 741 820 καλ
765 750 970 844 ηὐφράνθην
1002 760 1132 828 πολλοῦ

156 853 303 925 πλούτου
326 881 382 943 μοι
400 856 600 942 γενομένου,
628 860 660 923 εί
677 854 714 923 δέ
733 855 787 923 καλ
813 853 865 924 ἐπ’
887 851 1130 946 άναρνθμήτοις

158 959 285 1045 ἐθέμην
303 951 397 1043 χεῖρά
415 949 517 1042 μου.”

232 1061 283 1127 25.
304 1060 371 1125 Καὶ
389 1055 447 1125 τὸν
461 1054 619 1145 λογισμὸν
633 1045 734 1138 αὖθις
750 1060 893 1145 ἐπιλέγει
902 1052 945 1146 “ή
963 1053 1027 1150 οὐχ
1044 1058 1128 1149 ὁροῖ·

104 1185 145 1238 (16)
155 1187 217 1247 μευ
235 1155 330 1244 ήλιον
349 1156 599 1245 ἐπιφαόσκοντα
617 1161 672 1227 καὶ
687 1161 893 1247 ἐκλείποντα,
912 1162 967 1229 καὶ
981 1160 1129 1253 σελήνην
1142 1195 1163 1231 ιι

158 1261 196 1329 δὲ
214 1254 448 1350 φθίνουσαν;”

230 1367 282 1432 96.
303 1362 387 1433 Εἶτα
405 1360 506 1430 πάλιν
521 1363 577 1450 τής
594 1358 809 1452 εὐαγγελικής
824 1366 1042 1444 διδασκαλίας
1059 1394 1129 1454 φη-

154 1463 258 1553 σάσης
271 1459 419 1554 ’δέρρέθη
437 1480 507 1545 τοῖς
525 1460 688 1554 ἀρχαίοις,
707 1461 891 1551 ἀγαπήσεις
905 1462 964 1534 τὸν
982 1475 1128 1553 πλησίον

155 1587 235 1654 σου,
268 1567 322 1635 καὶ
353 1563 504 1653 μισήσεις
530 1563 589 1635 τὸν
617 1565 739 1654 ἐχθρόν
766 1586 837 1636 σου.
889 1564 952 1654 ἐγώ
978 1567 1127 1657 δὲλέγω

155 1665 252 1754 ὑμῖν,
271 1662 419 1754 άγαποῐτε
437 1664 514 1746 τούς
534 1664 674 1755 ἐχθροὺς
692 1662 823 1755 ὑμῶν,”
846 1662 1012 1757 αὖτοφυεί
1028 1675 1153 1740 διδα-ι

155 1775 275 1859 σκαλίρι
299 1763 479 1892 πρρλαβοδν
502 1761 727 1856 ὁθαυμάσιος
751 1764 895 1856 τοῦργον
913 1768 1125 1893 άπεπλήρου·

156 1866 208 1940 διό
226 1867 350 1961 φησιν
355 1863 438 1938 είδ
387 1870 528 1938 ίδδκαὶ
547 1865 705 1957 ἐπιχαρὴς
724 1866 884 1959 ἐγενόμην
903 1873 957 1941 ἐπὶ
976 1871 1127 1997 πτώματι

156 1976 280 2060 ἐχθροῦ
298 1999 374 2059 μου,
394 2000 450 2040 και
439 1965 599 2040 εἷπεν’
581 2001 602 2060 η
621 1977 742 2060 καρδία
759 2001 840 2061 μου,
861 1963 962 2063 εὖγε,
982 1972 1123 2046 ἀκούσαι

124 2069 218 2162 κάρα
236 2070 272 2142 τὸ
292 2062 350 2152 οὖς
368 2102 433 2160 μου
451 2072 513 2161 τήν
530 2069 678 2161 κατάραν
694 2069 791 2164 μου.”

229 2178 281 2242 27.
301 2175 369 2244 Καὶ
387 2169 550 2264 ἐπιλέγει
552 2172 627 2258 ’ἔξω
653 2171 777 2246 δὲόυκ
795 2171 944 2263 ηὐλίζετο
968 2178 1123 2267 ξένος,“η
1143 2214 1161 2242 ἰ

151 2276 193 2344 δὲ
210 2273 302 2368 θύρα
319 2305 384 2365 μου
402 2279 503 2348 παντὶ
522 2275 655 2348 ἐλθόντι
675 2272 857 2372 άνέρνκτο,”
877 2281 948 2348 ἐπεὶ
965 2279 1010 2369 μή
1029 2275 1125 2349 άλλό-

152 2407 242 2469 τριος
256 2381 316 2450 τοῦ
329 2377 498 2469 φήσαντος
511 2374 626 2463 “ξε’νος
638 2377 738 2470 ήμην,
757 2382 812 2450 καλ
831 2378 1038 2467 συνηγάγετέ
1053 2376 1123 2468 με.”

152 2487 204 2553 28.
225 2478 278 2552 οἶα
298 2483 335 2552 δὲ
353 2481 458 2554 αὐτοῦ
478 2482 590 2552 καὶτὰ
610 2485 686 2568 περὶ
705 2484 771 2550 τοῖν
789 2479 960 2548 ἀκουσίων
977 2489 1124 2566 πλημμε-

153 2582 309 2670 λημάτων
342 2581 529 2653 ἐπάκουσον
559 2583 711 2668 λέγοντος
737 2575 795 2646 “el
822 2579 858 2646 δὲ
884 2580 940 2646 καὶ
968 2577 1125 2668 ἁμαρτών

149 2680 319 2764 ἀκουσίως
338 2687 467 2773 ἔκρυψα
484 2680 546 2770 τήν
563 2679 729 2770 ἁμαρτίαν
745 2707 827 2767 μου,
852 2673 892 2749 οὐ
910 2676 973 2771 γάρ
992 2679 1150 2770 διετράε

155 2809 223 2871 πηυ
242 2791 446 2873 πολυοχλίαν
464 2779 635 2871 πλήθους,
660 2784 719 2850 τοῦ
743 2778 788 2868 μή
808 2783 1022 2874 ἐξαγορεῦσαι
1041 2781 1124 2854 ἐνά-

150 2911 232 2955 πιου
251 2882 372 2955 αὐτῶν.
409 2892 441 2955 εί
459 2885 496 2957 δὲ
514 2886 569 2953 καὶ
588 2895 683 2965 είασα
697 2879 866 2954 ἀδύνατον
881 2887 1031 2967 ἐξελθεῖν
1051 2884 1124 2977 [τήν

148 2983 269 3078 θύραν
287 2985 363 3078 μου]
384 2984 496 3079 κόλπῳ
515 2988 619 3078 κενῷ,
638 3001 732 3077 χεῖρα
752 2985 789 3057 δὲ
807 2994 927 3077 κυρίου
942 2996 972 3059 εί
987 2989 1033 3078 μή
1054 2992 1124 3058 ἐδε-

150 3096 299 3179 δοίκειν,
325 3086 526 3182 συγγραφήν
551 3083 655 3178 δδήν
684 3087 774 3178 είχον
801 3086 885 3161 κατά
906 3119 996 3173 τινος
1022 3098 1054 3160 εί
1078 3087 1123 3180 μή

1137 3220 1149 3259 3

224 3292 237 3337 1
255 3290 427 3354 Job.31,16.
566 3289 581 3338 5
599 3288 661 3339 Job.
675 3290 716 3350 31,
729 3290 771 3342 ει.
909 3294 925 3341 3
943 3291 1006 3342 τοι.
1026 3293 1066 3351 31,
1081 3293 1122 3342 26.

156 3359 187 3404 13
206 3356 305 3406 Matth.
318 3360 342 3419 ε,
355 3361 398 3409 43.
538 3359 570 3408 ιι
587 3355 652 3410 τοι).
664 3359 706 3420 31,
720 3358 761 3408 νο.
899 3361 933 3409 νο
950 3360 1012 3410 τοι),
1026 3361 1067 3421 31,
1082 3360 1122 3408 32.

154 3425 187 3472 τε
206 3423 306 3477 Matth.
319 3426 361 3489 τε,
374 3426 416 3478 35.
521 3425 555 3474 ει
571 3424 634 3478 τοι.
647 3425 691 3488 31,
704 3426 746 3474 σε.
