<?xml version="1.0" encoding="UTF-8"?>
<!DOCTYPE html PUBLIC "-//W3C//DTD XHTML 1.0 Transitional//EN"
    "http://www.w3.org/TR/xhtml1/DTD/xhtml1-transitional.dtd">
<html xmlns="http://www.w3.org/1999/xhtml" xml:lang="en" lang="en">
 <head>
  <title>
</title>
<meta http-equiv="Content-Type" content="text/html;charset=utf-8" />
  <meta name='ocr-system' content='tesseract 3.04.00' />
  <meta name='ocr-capabilities' content='ocr_page ocr_carea ocr_par ocr_line ocrx_word'/>
</head>
<body>
  <div class='ocr_page' id='page_1' title='image "./eusebiicaesarie01dindgoog/eusebiicaesarie01dindgoog_0570.png"; bbox 0 0 2326 3818; ppageno 0'>
   <div class='ocr_carea' id='block_1_1' title="bbox 311 153 1025 219">
    <p class='ocr_par' dir='ltr' id='par_1_1' title="bbox 311 153 1025 219">
     <span class='ocr_line' id='line_1_1' title="bbox 311 153 1025 219; baseline 0.007 -14"><span class='ocrx_word' id='word_1_1' title='bbox 311 154 494 207; x_wconf 79' lang='lat' dir='ltr'><strong>DEMONS&#39;I&#39;.</strong></span> <span class='ocrx_word' id='word_1_2' title='bbox 512 154 645 208; x_wconf 79' lang='lat' dir='ltr'>EVANG.</span> <span class='ocrx_word' id='word_1_3' title='bbox 665 155 742 208; x_wconf 88' lang='lat' dir='ltr'><strong>VIII.</strong></span> <span class='ocrx_word' id='word_1_4' title='bbox 761 157 785 205; x_wconf 90' lang='lat'><em>1.</em></span> <span class='ocrx_word' id='word_1_5' title='bbox 961 153 1025 219; x_wconf 78' lang='grc'><em>505</em></span> 
     </span>
    </p>
   </div>
   <div class='ocr_carea' id='block_1_2' title="bbox 19 280 1059 3116">
    <p class='ocr_par' dir='ltr' id='par_1_2' title="bbox 19 280 1059 3116">
     <span class='ocr_line' id='line_1_2' title="bbox 57 280 1024 386; baseline -0.001 -19"><span class='ocrx_word' id='word_1_6' title='bbox 57 293 204 386; x_wconf 81' lang='grc' dir='ltr'><em>Χριστὸν</em></span> <span class='ocrx_word' id='word_1_7' title='bbox 227 299 287 365; x_wconf 92' lang='grc' dir='ltr'><em>τοῦ</em></span> <span class='ocrx_word' id='word_1_8' title='bbox 316 297 402 365; x_wconf 90' lang='grc' dir='ltr'><em>θεοῦ</em></span> <span class='ocrx_word' id='word_1_9' title='bbox 426 291 609 382; x_wconf 80' lang='grc' dir='ltr'><em>ἐγίνωσκῦν</em></span> <span class='ocrx_word' id='word_1_10' title='bbox 639 280 675 366; x_wconf 69' lang='grc' dir='ltr'><em>τε</em></span> <span class='ocrx_word' id='word_1_11' title='bbox 704 297 759 364; x_wconf 79' lang='grc' dir='ltr'><em>καὶ</em></span> <span class='ocrx_word' id='word_1_12' title='bbox 792 292 1024 383; x_wconf 78' lang='grc' dir='ltr'><em>προσεκύνουν</em></span> 
     </span>
     <span class='ocr_line' id='line_1_3' title="bbox 56 393 1024 486; baseline 0 -20"><span class='ocrx_word' id='word_1_13' title='bbox 56 394 257 486; x_wconf 76' lang='grc' dir='ltr'><em>ἀλλόφυλοι,</em></span> <span class='ocrx_word' id='word_1_14' title='bbox 277 401 309 479; x_wconf 86' lang='grc' dir='ltr'><em>ἐξ</em></span> <span class='ocrx_word' id='word_1_15' title='bbox 327 393 500 465; x_wconf 80' lang='grc' dir='ltr'><em>ἀνατολῶν</em></span> <span class='ocrx_word' id='word_1_16' title='bbox 519 393 717 476; x_wconf 87' lang='grc' dir='ltr'><em>ἐπιστάντες.</em></span> <span class='ocrx_word' id='word_1_17' title='bbox 759 393 884 465; x_wconf 84' lang='grc' dir='ltr'><em>οὐκοῦν</em></span> <span class='ocrx_word' id='word_1_18' title='bbox 908 405 1024 485; x_wconf 79' lang='grc' dir='ltr'><em>σαφῶς</em></span> 
     </span>
     <span class='ocr_line' id='line_1_4' title="bbox 59 491 1023 587; baseline -0.001 -19"><span class='ocrx_word' id='word_1_19' title='bbox 59 497 114 568; x_wconf 88' lang='grc' dir='ltr'><em>διά</em></span> <span class='ocrx_word' id='word_1_20' title='bbox 131 494 258 568; x_wconf 82' lang='grc' dir='ltr'><em>τούτων</em></span> <span class='ocrx_word' id='word_1_21' title='bbox 275 499 367 577; x_wconf 88' lang='grc' dir='ltr'><em>τέλος</em></span> <span class='ocrx_word' id='word_1_22' title='bbox 378 503 498 585; x_wconf 83' lang='grc' dir='ltr'><em>ἔχουσα</em></span> <span class='ocrx_word' id='word_1_23' title='bbox 512 501 571 567; x_wconf 89' lang='grc' dir='ltr'><em>τοῦ</em></span> <span class='ocrx_word' id='word_1_24' title='bbox 585 495 704 584; x_wconf 82' lang='grc' dir='ltr'><em>Ἰακεδβ</em></span> <span class='ocrx_word' id='word_1_25' title='bbox 717 491 737 585; x_wconf 80' lang='grc' dir='ltr'><strong><em>ἡ</em></strong></span> <span class='ocrx_word' id='word_1_26' title='bbox 749 504 935 587; x_wconf 78' lang='grc' dir='ltr'><em>προφητεία</em></span> <span class='ocrx_word' id='word_1_27' title='bbox 954 503 1023 567; x_wconf 86' lang='grc' dir='ltr'><em>δεί-</em></span> 
     </span>
     <span class='ocr_line' id='line_1_5' title="bbox 57 593 1027 688; baseline -0.001 -19"><span class='ocrx_word' id='word_1_28' title='bbox 57 628 194 686; x_wconf 86' lang='grc' dir='ltr'><em>κνυται,</em></span> <span class='ocrx_word' id='word_1_29' title='bbox 220 596 271 668; x_wconf 84' lang='grc' dir='ltr'><em>ἐπ’</em></span> <span class='ocrx_word' id='word_1_30' title='bbox 300 596 438 688; x_wconf 80' lang='grc' dir='ltr'><em>ἐσχάτου</em></span> <span class='ocrx_word' id='word_1_31' title='bbox 461 602 520 688; x_wconf 78' lang='grc' dir='ltr'><em>της</em></span> <span class='ocrx_word' id='word_1_32' title='bbox 550 597 739 678; x_wconf 75' lang='grc' dir='ltr'><em>συστάσεως</em></span> <span class='ocrx_word' id='word_1_33' title='bbox 769 602 828 669; x_wconf 91' lang='grc' dir='ltr'><em>τοῦ</em></span> <span class='ocrx_word' id='word_1_34' title='bbox 851 593 1027 668; x_wconf 74' lang='grc' dir='ltr'><em>Ἰουδαίων</em></span> 
     </span>
     <span class='ocr_line' id='line_1_6' title="bbox 33 691 1024 790; baseline 0.001 -23"><span class='ocrx_word' id='word_1_35' title='bbox 33 708 180 781; x_wconf 83' lang='grc' dir='ltr'><em>εέθνους</em></span> <span class='ocrx_word' id='word_1_36' title='bbox 198 697 479 787; x_wconf 75' lang='grc' dir='ltr'><em>ἀποτελεσθεῖσα,</em></span> <span class='ocrx_word' id='word_1_37' title='bbox 498 698 610 790; x_wconf 75' lang='grc' dir='ltr'><em>ὥσπερ</em></span> <span class='ocrx_word' id='word_1_38' title='bbox 628 691 690 771; x_wconf 90' lang='grc' dir='ltr'><em>οῦν</em></span> <span class='ocrx_word' id='word_1_39' title='bbox 704 697 803 781; x_wconf 87' lang='grc' dir='ltr'><em>αῦτός</em></span> <span class='ocrx_word' id='word_1_40' title='bbox 816 716 883 781; x_wconf 80' lang='grc' dir='ltr'><em>τοῖς</em></span> <span class='ocrx_word' id='word_1_41' title='bbox 902 703 1024 769; x_wconf 84' lang='grc' dir='ltr'><em>ἑαυτοῦ</em></span> 
     </span>
     <span class='ocr_line' id='line_1_7' title="bbox 57 795 1026 891; baseline -0.001 -19"><span class='ocrx_word' id='word_1_42' title='bbox 57 804 175 874; x_wconf 58' lang='grc' dir='ltr'><em>παισὶν</em></span> <span class='ocrx_word' id='word_1_43' title='bbox 194 803 373 872; x_wconf 71' lang='grc' dir='ltr'><em>ἐθέσπισεν</em></span> <span class='ocrx_word' id='word_1_44' title='bbox 398 799 503 870; x_wconf 81' lang='grc' dir='ltr'><em>είπάν</em></span> <span class='ocrx_word' id='word_1_45' title='bbox 515 795 741 891; x_wconf 78' lang='grc' dir='ltr'><em>“σννάχθητε,</em></span> <span class='ocrx_word' id='word_1_46' title='bbox 760 807 816 873; x_wconf 75' lang='grc' dir='ltr'><em>ἵνα</em></span> <span class='ocrx_word' id='word_1_47' title='bbox 833 796 1026 890; x_wconf 86' lang='grc' dir='ltr'><em>ἀπαγγείλω</em></span> 
     </span>
     <span class='ocr_line' id='line_1_8' title="bbox 56 898 1055 994; baseline -0.003 -20"><span class='ocrx_word' id='word_1_48' title='bbox 56 898 138 994; x_wconf 83' lang='grc' dir='ltr'><em>ῦμῑν</em></span> <span class='ocrx_word' id='word_1_49' title='bbox 155 910 191 974; x_wconf 91' lang='grc' dir='ltr'><em>τί</em></span> <span class='ocrx_word' id='word_1_50' title='bbox 208 901 414 993; x_wconf 84' lang='grc' dir='ltr'><em>συμβήσεται</em></span> <span class='ocrx_word' id='word_1_51' title='bbox 433 901 516 992; x_wconf 80' lang='grc' dir='ltr'><em>ὑμῖν</em></span> <span class='ocrx_word' id='word_1_52' title='bbox 536 898 588 972; x_wconf 90' lang='grc' dir='ltr'><em>ἐπ’</em></span> <span class='ocrx_word' id='word_1_53' title='bbox 610 901 749 992; x_wconf 82' lang='grc' dir='ltr'><em>ἐσχάτου</em></span> <span class='ocrx_word' id='word_1_54' title='bbox 768 907 836 973; x_wconf 76' lang='grc' dir='ltr'><em>τοῦν</em></span> <span class='ocrx_word' id='word_1_55' title='bbox 851 898 1055 993; x_wconf 71' lang='grc' dir='ltr'><em>ἡμεροῦν·”ο</em></span> 
     </span>
     <span class='ocr_line' id='line_1_9' title="bbox 57 1000 1026 1096; baseline 0.001 -22"><span class='ocrx_word' id='word_1_56' title='bbox 57 1002 197 1096; x_wconf 61' lang='grc' dir='ltr'><em>ἐσχάτας</em></span> <span class='ocrx_word' id='word_1_57' title='bbox 219 1000 343 1095; x_wconf 76' lang='grc' dir='ltr'><em>ἡμέρας</em></span> <span class='ocrx_word' id='word_1_58' title='bbox 367 1002 538 1076; x_wconf 88' lang='grc' dir='ltr'><em>νοοῦντων</em></span> <span class='ocrx_word' id='word_1_59' title='bbox 564 1001 659 1094; x_wconf 76' lang='grc' dir='ltr'><em>ἡμῶν</em></span> <span class='ocrx_word' id='word_1_60' title='bbox 684 1003 723 1074; x_wconf 82' lang='grc' dir='ltr'><em>τά</em></span> <span class='ocrx_word' id='word_1_61' title='bbox 749 1011 869 1094; x_wconf 79' lang='grc' dir='ltr'><em>ἔσχατα</em></span> <span class='ocrx_word' id='word_1_62' title='bbox 887 1010 944 1094; x_wconf 82' lang='grc' dir='ltr'><em>της</em></span> <span class='ocrx_word' id='word_1_63' title='bbox 964 1025 1026 1075; x_wconf 85' lang='grc' dir='ltr'><em>συ-</em></span> 
     </span>
     <span class='ocr_line' id='line_1_10' title="bbox 58 1104 1027 1194; baseline 0.001 -18"><span class='ocrx_word' id='word_1_64' title='bbox 58 1106 204 1188; x_wconf 82' lang='grc' dir='ltr'><em>στάσεως</em></span> <span class='ocrx_word' id='word_1_65' title='bbox 231 1111 292 1176; x_wconf 92' lang='grc' dir='ltr'><em>τοῦ</em></span> <span class='ocrx_word' id='word_1_66' title='bbox 311 1104 485 1177; x_wconf 76' lang='grc' dir='ltr'><em>Ἰουδαίων</em></span> <span class='ocrx_word' id='word_1_67' title='bbox 509 1111 640 1186; x_wconf 81' lang='grc' dir='ltr'><em>ἔθνους.</em></span> <span class='ocrx_word' id='word_1_68' title='bbox 683 1110 735 1176; x_wconf 82' lang='grc'><em>49.</em></span> <span class='ocrx_word' id='word_1_69' title='bbox 754 1112 790 1174; x_wconf 92' lang='grc' dir='ltr'><em>τί</em></span> <span class='ocrx_word' id='word_1_70' title='bbox 811 1110 894 1194; x_wconf 73' lang='grc' dir='ltr'><em>δῆτα</em></span> <span class='ocrx_word' id='word_1_71' title='bbox 912 1104 1027 1186; x_wconf 82' lang='grc' dir='ltr'><em>αὐτοῖς</em></span> 
     </span>
     <span class='ocr_line' id='line_1_11' title="bbox 20 1203 1027 1296; baseline 0.004 -23"><span class='ocrx_word' id='word_1_72' title='bbox 20 1235 45 1274; x_wconf 90' lang='lat'><em>10</em></span> <span class='ocrx_word' id='word_1_73' title='bbox 58 1204 210 1279; x_wconf 81' lang='grc' dir='ltr'><em>ἀπαντᾶν</em></span> <span class='ocrx_word' id='word_1_74' title='bbox 229 1215 383 1295; x_wconf 81' lang='grc' dir='ltr'><em>ἐμελλεν;</em></span> <span class='ocrx_word' id='word_1_75' title='bbox 402 1213 547 1290; x_wconf 76' lang='grc' dir='ltr'><em>ἔκλειψις</em></span> <span class='ocrx_word' id='word_1_76' title='bbox 564 1207 626 1294; x_wconf 77' lang='grc' dir='ltr'><em>μὲν</em></span> <span class='ocrx_word' id='word_1_77' title='bbox 640 1209 697 1296; x_wconf 84' lang='grc' dir='ltr'><em>τῆς</em></span> <span class='ocrx_word' id='word_1_78' title='bbox 711 1204 813 1296; x_wconf 77' lang='grc' dir='ltr'><em>ἀρχῆς</em></span> <span class='ocrx_word' id='word_1_79' title='bbox 828 1203 950 1296; x_wconf 84' lang='grc' dir='ltr'><em>Ἰούδα,</em></span> <span class='ocrx_word' id='word_1_80' title='bbox 969 1210 1027 1277; x_wconf 76' lang='grc' dir='ltr'><em>καί</em></span> 
     </span>
     <span class='ocr_line' id='line_1_12' title="bbox 57 1303 1027 1395; baseline -0.001 -18"><span class='ocrx_word' id='word_1_81' title='bbox 57 1311 116 1379; x_wconf 91' lang='grc' dir='ltr'><em>τοῦ</em></span> <span class='ocrx_word' id='word_1_82' title='bbox 133 1305 256 1388; x_wconf 78' lang='grc' dir='ltr'><em>παντὸς</em></span> <span class='ocrx_word' id='word_1_83' title='bbox 275 1314 398 1388; x_wconf 82' lang='grc' dir='ltr'><em>ἔθνους</em></span> <span class='ocrx_word' id='word_1_84' title='bbox 417 1303 529 1378; x_wconf 84' lang='grc' dir='ltr'><em>αῦτιῦν</em></span> <span class='ocrx_word' id='word_1_85' title='bbox 547 1316 761 1395; x_wconf 76' lang='grc' dir='ltr'><em>καθαίρεσις,</em></span> <span class='ocrx_word' id='word_1_86' title='bbox 787 1307 898 1378; x_wconf 88' lang='grc' dir='ltr'><em>παῦλά</em></span> <span class='ocrx_word' id='word_1_87' title='bbox 915 1337 951 1378; x_wconf 89' lang='grc' dir='ltr'><em>τε</em></span> <span class='ocrx_word' id='word_1_88' title='bbox 969 1312 1027 1378; x_wconf 76' lang='grc' dir='ltr'><em>καὶ</em></span> 
     </span>
     <span class='ocr_line' id='line_1_13' title="bbox 57 1403 1025 1498; baseline 0.001 -20"><span class='ocrx_word' id='word_1_89' title='bbox 57 1413 147 1496; x_wconf 81' lang='grc' dir='ltr'><em>ληξις</em></span> <span class='ocrx_word' id='word_1_90' title='bbox 171 1413 239 1478; x_wconf 76' lang='grc' dir='ltr'><em>τῶν</em></span> <span class='ocrx_word' id='word_1_91' title='bbox 262 1403 461 1497; x_wconf 79' lang='grc' dir='ltr'><em>ἡγουμένων</em></span> <span class='ocrx_word' id='word_1_92' title='bbox 485 1406 615 1496; x_wconf 73' lang='grc' dir='ltr'><em>αῦτοῦν,</em></span> <span class='ocrx_word' id='word_1_93' title='bbox 639 1412 696 1479; x_wconf 81' lang='grc' dir='ltr'><em>καὶ</em></span> <span class='ocrx_word' id='word_1_94' title='bbox 718 1416 775 1498; x_wconf 80' lang='grc' dir='ltr'><em>τῆς</em></span> <span class='ocrx_word' id='word_1_95' title='bbox 794 1414 903 1498; x_wconf 77' lang='grc' dir='ltr'><em>φυλῆς</em></span> <span class='ocrx_word' id='word_1_96' title='bbox 921 1405 1025 1479; x_wconf 81' lang='grc' dir='ltr'><em>αὐτοῦ</em></span> 
     </span>
     <span class='ocr_line' id='line_1_14' title="bbox 57 1506 1025 1599; baseline 0.001 -19"><span class='ocrx_word' id='word_1_97' title='bbox 57 1515 116 1581; x_wconf 89' lang='grc' dir='ltr'><em>τοῦ</em></span> <span class='ocrx_word' id='word_1_98' title='bbox 134 1515 310 1599; x_wconf 83' lang='grc' dir='ltr'><em>βασιλικοῦ</em></span> <span class='ocrx_word' id='word_1_99' title='bbox 324 1512 380 1579; x_wconf 82' lang='grc' dir='ltr'><em>καὶ</em></span> <span class='ocrx_word' id='word_1_100' title='bbox 393 1507 532 1598; x_wconf 85' lang='grc' dir='ltr'><em>ἀρχικοῦ</em></span> <span class='ocrx_word' id='word_1_101' title='bbox 546 1506 727 1599; x_wconf 79' lang='grc' dir='ltr'><em>ἀξιώματος</em></span> <span class='ocrx_word' id='word_1_102' title='bbox 745 1507 936 1596; x_wconf 87' lang='grc' dir='ltr'><em>κατάλυσις,</em></span> <span class='ocrx_word' id='word_1_103' title='bbox 947 1521 1025 1598; x_wconf 86' lang='grc' dir='ltr'><em>Χρι-</em></span> 
     </span>
     <span class='ocr_line' id='line_1_15' title="bbox 58 1608 1026 1701; baseline -0.002 -19"><span class='ocrx_word' id='word_1_104' title='bbox 58 1615 138 1682; x_wconf 86' lang='grc' dir='ltr'><em>στοῦ</em></span> <span class='ocrx_word' id='word_1_105' title='bbox 166 1611 204 1683; x_wconf 70' lang='grc' dir='ltr'><em>δὲ</em></span> <span class='ocrx_word' id='word_1_106' title='bbox 229 1609 394 1701; x_wconf 78' lang='grc' dir='ltr'><em>ἀρχὴκαὶ</em></span> <span class='ocrx_word' id='word_1_107' title='bbox 418 1617 587 1699; x_wconf 82' lang='grc' dir='ltr'><em>βασιλεία,</em></span> <span class='ocrx_word' id='word_1_108' title='bbox 618 1608 660 1681; x_wconf 92' lang='grc' dir='ltr'><em>ου’</em></span> <span class='ocrx_word' id='word_1_109' title='bbox 684 1616 744 1683; x_wconf 93' lang='grc' dir='ltr'><em>τοῦ</em></span> <span class='ocrx_word' id='word_1_110' title='bbox 766 1609 916 1701; x_wconf 78' lang='grc' dir='ltr'><em>Ἰσραὴλ,</em></span> <span class='ocrx_word' id='word_1_111' title='bbox 941 1608 1026 1681; x_wconf 88' lang='grc' dir='ltr'><em>ἀλλά</em></span> 
     </span>
     <span class='ocr_line' id='line_1_16' title="bbox 19 1707 1031 1802; baseline -0.002 -19"><span class='ocrx_word' id='word_1_112' title='bbox 19 1737 44 1776; x_wconf 75' lang='lat'><em>1⁵</em></span> <span class='ocrx_word' id='word_1_113' title='bbox 58 1717 125 1783; x_wconf 74' lang='grc' dir='ltr'><em>τάν</em></span> <span class='ocrx_word' id='word_1_114' title='bbox 150 1715 262 1784; x_wconf 75' lang='grc' dir='ltr'><em>ε’θνοῦν</em></span> <span class='ocrx_word' id='word_1_115' title='bbox 285 1709 445 1783; x_wconf 79' lang='grc' dir='ltr'><em>ἁπάντων</em></span> <span class='ocrx_word' id='word_1_116' title='bbox 468 1708 634 1802; x_wconf 86' lang='grc' dir='ltr'><em>ἀρχουσα,</em></span> <span class='ocrx_word' id='word_1_117' title='bbox 663 1711 746 1783; x_wconf 85' lang='grc' dir='ltr'><em>κατά</em></span> <span class='ocrx_word' id='word_1_118' title='bbox 769 1710 805 1782; x_wconf 84' lang='grc' dir='ltr'><em>τῦ</em></span> <span class='ocrx_word' id='word_1_119' title='bbox 823 1707 901 1783; x_wconf 66' lang='lat' dir='ltr'><em>“nal</em></span> <span class='ocrx_word' id='word_1_120' title='bbox 926 1709 1031 1794; x_wconf 60' lang='grc' dir='ltr'><em>αὐτὸςΥ</em></span> 
     </span>
     <span class='ocr_line' id='line_1_17' title="bbox 58 1808 1026 1905; baseline 0 -21"><span class='ocrx_word' id='word_1_121' title='bbox 58 1821 243 1905; x_wconf 88' lang='grc' dir='ltr'><em>προσδοκία</em></span> <span class='ocrx_word' id='word_1_122' title='bbox 268 1809 413 1884; x_wconf 76' lang='grc' dir='ltr'><em>ἐθνῶν.”</em></span> <span class='ocrx_word' id='word_1_123' title='bbox 458 1818 509 1885; x_wconf 79' lang='grc'><em>50.</em></span> <span class='ocrx_word' id='word_1_124' title='bbox 535 1823 584 1896; x_wconf 90' lang='grc' dir='ltr'><em>τίς</em></span> <span class='ocrx_word' id='word_1_125' title='bbox 608 1811 638 1884; x_wconf 91' lang='grc' dir='ltr'><em>δ’</em></span> <span class='ocrx_word' id='word_1_126' title='bbox 665 1813 728 1886; x_wconf 83' lang='grc' dir='ltr'><em>οὐκ</em></span> <span class='ocrx_word' id='word_1_127' title='bbox 751 1808 794 1884; x_wconf 86' lang='grc' dir='ltr'><em>ἀν</em></span> <span class='ocrx_word' id='word_1_128' title='bbox 812 1809 1026 1902; x_wconf 80' lang='grc' dir='ltr'><em>ὁμολογήσειε</em></span> 
     </span>
     <span class='ocr_line' id='line_1_18' title="bbox 56 1914 1029 2007; baseline -0.001 -22"><span class='ocrx_word' id='word_1_129' title='bbox 56 1923 161 1986; x_wconf 90' lang='grc' dir='ltr'><em>ταῦτα</em></span> <span class='ocrx_word' id='word_1_130' title='bbox 185 1914 272 1986; x_wconf 89' lang='grc' dir='ltr'><em>οῦτω</em></span> <span class='ocrx_word' id='word_1_131' title='bbox 296 1917 413 2004; x_wconf 70' lang='grc' dir='ltr'><em>σαφοῦς</em></span> <span class='ocrx_word' id='word_1_132' title='bbox 436 1916 489 1984; x_wconf 84' lang='grc' dir='ltr'><em>ἐπὶ</em></span> <span class='ocrx_word' id='word_1_133' title='bbox 512 1922 553 2007; x_wconf 76' lang='grc' dir='ltr'><em>τῇ</em></span> <span class='ocrx_word' id='word_1_134' title='bbox 576 1922 635 1987; x_wconf 90' lang='grc' dir='ltr'><em>τοῦ</em></span> <span class='ocrx_word' id='word_1_135' title='bbox 664 1920 812 2006; x_wconf 76' lang='grc' dir='ltr'><em>σωτῆρος</em></span> <span class='ocrx_word' id='word_1_136' title='bbox 835 1914 930 2005; x_wconf 78' lang='grc' dir='ltr'><em>ἡμῶν</em></span> <span class='ocrx_word' id='word_1_137' title='bbox 955 1919 1029 1985; x_wconf 88' lang='grc' dir='ltr'><em>ἐπι-</em></span> 
     </span>
     <span class='ocr_line' id='line_1_19' title="bbox 57 2014 1059 2111; baseline 0 -24"><span class='ocrx_word' id='word_1_138' title='bbox 57 2026 181 2110; x_wconf 77' lang='grc' dir='ltr'><em>φανείᾳ</em></span> <span class='ocrx_word' id='word_1_139' title='bbox 199 2015 462 2107; x_wconf 65' lang='grc' dir='ltr'><em>πεπληρῶσθαι,</em></span> <span class='ocrx_word' id='word_1_140' title='bbox 479 2015 534 2086; x_wconf 81' lang='grc' dir='ltr'><em>ὅτε</em></span> <span class='ocrx_word' id='word_1_141' title='bbox 553 2021 587 2088; x_wconf 82' lang='grc' dir='ltr'><em>οί</em></span> <span class='ocrx_word' id='word_1_142' title='bbox 603 2014 706 2088; x_wconf 87' lang='grc' dir='ltr'><em>πάλαι</em></span> <span class='ocrx_word' id='word_1_143' title='bbox 723 2015 789 2108; x_wconf 86' lang='grc' dir='ltr'><em>πρὸ</em></span> <span class='ocrx_word' id='word_1_144' title='bbox 805 2022 863 2107; x_wconf 81' lang='grc' dir='ltr'><em>τῆς</em></span> <span class='ocrx_word' id='word_1_145' title='bbox 875 2020 934 2111; x_wconf 85' lang='grc' dir='ltr'><em>τοῦ</em></span> <span class='ocrx_word' id='word_1_146' title='bbox 948 2027 1025 2106; x_wconf 89' lang='grc' dir='ltr'><em>Χρι·</em></span> <span class='ocrx_word' id='word_1_147' title='bbox 1046 2054 1059 2081; x_wconf 80' lang='lat' dir='ltr'><strong>e</strong></span> 
     </span>
     <span class='ocr_line' id='line_1_20' title="bbox 59 2111 1027 2208; baseline 0 -20"><span class='ocrx_word' id='word_1_148' title='bbox 59 2121 142 2188; x_wconf 88' lang='grc' dir='ltr'><em>στοῦ</em></span> <span class='ocrx_word' id='word_1_149' title='bbox 164 2121 327 2205; x_wconf 87' lang='grc' dir='ltr'><em>γενέσεως</em></span> <span class='ocrx_word' id='word_1_150' title='bbox 352 2111 406 2186; x_wconf 84' lang='grc' dir='ltr'><em>ἐπ’</em></span> <span class='ocrx_word' id='word_1_151' title='bbox 432 2123 566 2199; x_wconf 81' lang='grc' dir='ltr'><em>οἰκείοις</em></span> <span class='ocrx_word' id='word_1_152' title='bbox 591 2115 731 2208; x_wconf 84' lang='grc' dir='ltr'><em>ἀρχουσι</em></span> <span class='ocrx_word' id='word_1_153' title='bbox 755 2121 811 2189; x_wconf 82' lang='grc' dir='ltr'><em>καὶ</em></span> <span class='ocrx_word' id='word_1_154' title='bbox 828 2120 1027 2208; x_wconf 81' lang='grc' dir='ltr'><em>ἡγουμένοις</em></span> 
     </span>
     <span class='ocr_line' id='line_1_21' title="bbox 19 2215 1027 2309; baseline 0.007 -27"><span class='ocrx_word' id='word_1_155' title='bbox 19 2243 44 2282; x_wconf 80' lang='grc' dir='ltr'><em>νο</em></span> <span class='ocrx_word' id='word_1_156' title='bbox 58 2223 114 2288; x_wconf 78' lang='grc' dir='ltr'><em>καὶ</em></span> <span class='ocrx_word' id='word_1_157' title='bbox 137 2233 289 2299; x_wconf 81' lang='grc' dir='ltr'><em>συνετοῖς</em></span> <span class='ocrx_word' id='word_1_158' title='bbox 319 2224 387 2287; x_wconf 77' lang='grc' dir='ltr'><em>νῦν</em></span> <span class='ocrx_word' id='word_1_159' title='bbox 409 2225 518 2288; x_wconf 89' lang='grc' dir='ltr'><em>θείων</em></span> <span class='ocrx_word' id='word_1_160' title='bbox 546 2215 819 2307; x_wconf 83' lang='grc' dir='ltr'><em>ἀναγνωσμάτων</em></span> <span class='ocrx_word' id='word_1_161' title='bbox 849 2218 1027 2309; x_wconf 75' lang='grc' dir='ltr'><em>ἀκροαταῖς</em></span> 
     </span>
     <span class='ocr_line' id='line_1_22' title="bbox 57 2317 1027 2410; baseline 0 -22"><span class='ocrx_word' id='word_1_162' title='bbox 57 2325 238 2406; x_wconf 81' lang='grc' dir='ltr'><em>βασιλεῦσί</em></span> <span class='ocrx_word' id='word_1_163' title='bbox 263 2346 299 2388; x_wconf 92' lang='grc' dir='ltr'><em>τε</em></span> <span class='ocrx_word' id='word_1_164' title='bbox 331 2323 429 2398; x_wconf 87' lang='grc' dir='ltr'><em>ίδίοις</em></span> <span class='ocrx_word' id='word_1_165' title='bbox 462 2320 518 2386; x_wconf 84' lang='grc' dir='ltr'><em>καὶ</em></span> <span class='ocrx_word' id='word_1_166' title='bbox 542 2317 732 2408; x_wconf 76' lang='grc' dir='ltr'><em>ἀρχιερεῦσι</em></span> <span class='ocrx_word' id='word_1_167' title='bbox 761 2322 816 2388; x_wconf 78' lang='grc' dir='ltr'><em>καὶ</em></span> <span class='ocrx_word' id='word_1_168' title='bbox 841 2318 1027 2410; x_wconf 83' lang='grc' dir='ltr'><em>προφήταις</em></span> 
     </span>
     <span class='ocr_line' id='line_1_23' title="bbox 58 2414 1027 2510; baseline -0.002 -21"><span class='ocrx_word' id='word_1_169' title='bbox 58 2417 345 2510; x_wconf 88' lang='grc' dir='ltr'><em>λαμπρυνόμενοι,</em></span> <span class='ocrx_word' id='word_1_170' title='bbox 364 2416 450 2507; x_wconf 79' lang='grc' dir='ltr'><em>αὐτή</em></span> <span class='ocrx_word' id='word_1_171' title='bbox 467 2445 503 2487; x_wconf 88' lang='grc' dir='ltr'><em>τε</em></span> <span class='ocrx_word' id='word_1_172' title='bbox 520 2414 542 2507; x_wconf 79' lang='grc' dir='ltr'><em>ἡ</em></span> <span class='ocrx_word' id='word_1_173' title='bbox 559 2424 619 2490; x_wconf 92' lang='grc' dir='ltr'><em>τοῦ</em></span> <span class='ocrx_word' id='word_1_174' title='bbox 633 2417 742 2490; x_wconf 88' lang='grc' dir='ltr'><em>Ἰοῦδα</em></span> <span class='ocrx_word' id='word_1_175' title='bbox 760 2419 851 2507; x_wconf 81' lang='grc' dir='ltr'><em>φυλὴ</em></span> <span class='ocrx_word' id='word_1_176' title='bbox 870 2420 1027 2507; x_wconf 85' lang='grc' dir='ltr'><em>βασιλικὴ</em></span> 
     </span>
     <span class='ocr_line' id='line_1_24' title="bbox 58 2511 1028 2610; baseline 0 -19"><span class='ocrx_word' id='word_1_177' title='bbox 58 2511 154 2609; x_wconf 89' lang='grc' dir='ltr'><em>οῦσα,</em></span> <span class='ocrx_word' id='word_1_178' title='bbox 173 2526 241 2592; x_wconf 84' lang='grc' dir='ltr'><em>τῦν</em></span> <span class='ocrx_word' id='word_1_179' title='bbox 256 2524 389 2610; x_wconf 76' lang='grc' dir='ltr'><em>ἐχθρῶν</em></span> <span class='ocrx_word' id='word_1_180' title='bbox 402 2522 458 2590; x_wconf 82' lang='grc' dir='ltr'><em>καὶ</em></span> <span class='ocrx_word' id='word_1_181' title='bbox 471 2525 641 2610; x_wconf 86' lang='grc' dir='ltr'><em>πολεμίων</em></span> <span class='ocrx_word' id='word_1_182' title='bbox 655 2523 890 2610; x_wconf 86' lang='grc' dir='ltr'><em>ἐπικρατοῦσα,</em></span> <span class='ocrx_word' id='word_1_183' title='bbox 904 2519 1028 2609; x_wconf 88' lang='grc' dir='ltr'><em>κατάρ-</em></span> 
     </span>
     <span class='ocr_line' id='line_1_25' title="bbox 58 2619 1029 2712; baseline 0 -20"><span class='ocrx_word' id='word_1_184' title='bbox 58 2621 162 2711; x_wconf 89' lang='grc' dir='ltr'><em>χουσά</em></span> <span class='ocrx_word' id='word_1_185' title='bbox 179 2650 216 2693; x_wconf 91' lang='grc' dir='ltr'><em>τε</em></span> <span class='ocrx_word' id='word_1_186' title='bbox 233 2624 289 2692; x_wconf 78' lang='grc' dir='ltr'><em>καὶ</em></span> <span class='ocrx_word' id='word_1_187' title='bbox 305 2619 475 2712; x_wconf 79' lang='grc' dir='ltr'><em>ἡγουμένη</em></span> <span class='ocrx_word' id='word_1_188' title='bbox 496 2625 556 2693; x_wconf 93' lang='grc' dir='ltr'><em>τοῦ</em></span> <span class='ocrx_word' id='word_1_189' title='bbox 573 2619 695 2703; x_wconf 81' lang='grc' dir='ltr'><em>παντὸς</em></span> <span class='ocrx_word' id='word_1_190' title='bbox 713 2630 854 2710; x_wconf 80' lang='grc' dir='ltr'><em>ἔθνους,</em></span> <span class='ocrx_word' id='word_1_191' title='bbox 879 2628 914 2692; x_wconf 82' lang='grc' dir='ltr'><em>οἵ</em></span> <span class='ocrx_word' id='word_1_192' title='bbox 935 2650 972 2693; x_wconf 90' lang='grc' dir='ltr'><em>τε</em></span> <span class='ocrx_word' id='word_1_193' title='bbox 990 2626 1029 2692; x_wconf 82' lang='grc' dir='ltr'><em>ἐν</em></span> 
     </span>
     <span class='ocr_line' id='line_1_26' title="bbox 20 2720 1029 2813; baseline 0.005 -24"><span class='ocrx_word' id='word_1_194' title='bbox 20 2745 46 2788; x_wconf 79' lang='grc' dir='ltr'><em>νο</em></span> <span class='ocrx_word' id='word_1_195' title='bbox 59 2720 171 2807; x_wconf 80' lang='grc' dir='ltr'><em>αῦτοῑς</em></span> <span class='ocrx_word' id='word_1_196' title='bbox 195 2723 296 2794; x_wconf 90' lang='grc' dir='ltr'><em>πάλαι</em></span> <span class='ocrx_word' id='word_1_197' title='bbox 320 2726 559 2813; x_wconf 79' lang='grc' dir='ltr'><em>διαπρέποντες</em></span> <span class='ocrx_word' id='word_1_198' title='bbox 578 2728 612 2808; x_wconf 80' lang='grc' dir='ltr'><em>ἐξ</em></span> <span class='ocrx_word' id='word_1_199' title='bbox 630 2729 762 2796; x_wconf 88' lang='grc' dir='ltr'><em>ἐκείνου</em></span> <span class='ocrx_word' id='word_1_200' title='bbox 784 2726 840 2794; x_wconf 84' lang='grc' dir='ltr'><em>καὶ</em></span> <span class='ocrx_word' id='word_1_201' title='bbox 859 2731 906 2806; x_wconf 88' lang='grc' dir='ltr'><em>είς</em></span> <span class='ocrx_word' id='word_1_202' title='bbox 926 2728 1029 2810; x_wconf 80' lang='grc' dir='ltr'><em>δεῦρο</em></span> 
     </span>
     <span class='ocr_line' id='line_1_27' title="bbox 54 2820 1028 2916; baseline -0.001 -20"><span class='ocrx_word' id='word_1_203' title='bbox 54 2820 223 2913; x_wconf 85' lang='grc' dir='ltr'><em>Ῥωμαίοις</em></span> <span class='ocrx_word' id='word_1_204' title='bbox 240 2828 414 2906; x_wconf 71' lang='grc' dir='ltr'><em>ὑποτελεῖς</em></span> <span class='ocrx_word' id='word_1_205' title='bbox 431 2825 696 2916; x_wconf 83' lang='grc' dir='ltr'><em>καθεστήκασιν;</em></span> <span class='ocrx_word' id='word_1_206' title='bbox 717 2824 867 2914; x_wconf 83' lang='grc' dir='ltr'><em>ἐπεφάνη</em></span> <span class='ocrx_word' id='word_1_207' title='bbox 885 2822 948 2916; x_wconf 84' lang='grc' dir='ltr'><em>γάρ</em></span> <span class='ocrx_word' id='word_1_208' title='bbox 967 2848 1028 2896; x_wconf 91' lang='grc' dir='ltr'><em>σα-</em></span> 
     </span>
     <span class='ocr_line' id='line_1_28' title="bbox 58 2923 1052 3016; baseline 0 -19"><span class='ocrx_word' id='word_1_209' title='bbox 58 2931 130 3016; x_wconf 75' lang='grc' dir='ltr'><em>φοῦς</em></span> <span class='ocrx_word' id='word_1_210' title='bbox 147 2923 165 2996; x_wconf 87' lang='grc' dir='ltr'>ὁ</span> <span class='ocrx_word' id='word_1_211' title='bbox 184 2924 324 3016; x_wconf 80' lang='grc' dir='ltr'><em>Χριστὸς</em></span> <span class='ocrx_word' id='word_1_212' title='bbox 341 2930 401 2997; x_wconf 90' lang='grc' dir='ltr'><em>τοῦ</em></span> <span class='ocrx_word' id='word_1_213' title='bbox 418 2931 519 3014; x_wconf 88' lang='grc' dir='ltr'><em>θεοῦ,</em></span> <span class='ocrx_word' id='word_1_214' title='bbox 537 2928 593 2997; x_wconf 78' lang='grc' dir='ltr'><em>καί</em></span> <span class='ocrx_word' id='word_1_215' title='bbox 613 2930 646 3010; x_wconf 80' lang='grc' dir='ltr'><em>ἐξ</em></span> <span class='ocrx_word' id='word_1_216' title='bbox 665 2930 796 2997; x_wconf 89' lang='grc' dir='ltr'><em>ἐκείνου</em></span> <span class='ocrx_word' id='word_1_217' title='bbox 819 2924 841 3015; x_wconf 78' lang='grc' dir='ltr'><em>ἡ</em></span> <span class='ocrx_word' id='word_1_218' title='bbox 865 2930 1052 3016; x_wconf 64' lang='grc' dir='ltr'><em>λεγομένης</em></span> 
     </span>
     <span class='ocr_line' id='line_1_29' title="bbox 59 3024 1025 3116; baseline -0.001 -19"><span class='ocrx_word' id='word_1_219' title='bbox 59 3033 244 3116; x_wconf 89' lang='grc' dir='ltr'><em>προσδοκία</em></span> <span class='ocrx_word' id='word_1_220' title='bbox 267 3032 335 3096; x_wconf 77' lang='grc' dir='ltr'><em>τῶν</em></span> <span class='ocrx_word' id='word_1_221' title='bbox 359 3031 473 3098; x_wconf 73' lang='grc' dir='ltr'><em>ἐθνῶν</em></span> <span class='ocrx_word' id='word_1_222' title='bbox 496 3035 543 3109; x_wconf 88' lang='grc' dir='ltr'><em>είς</em></span> <span class='ocrx_word' id='word_1_223' title='bbox 566 3026 675 3100; x_wconf 89' lang='grc' dir='ltr'><em>πάντα</em></span> <span class='ocrx_word' id='word_1_224' title='bbox 699 3026 738 3098; x_wconf 86' lang='grc' dir='ltr'><em>τά</em></span> <span class='ocrx_word' id='word_1_225' title='bbox 757 3035 842 3115; x_wconf 79' lang='grc' dir='ltr'><em>ἔθνη</em></span> <span class='ocrx_word' id='word_1_226' title='bbox 861 3024 1025 3113; x_wconf 80' lang='grc' dir='ltr'><em>ἀνακεκή-</em></span> 
     </span>
    </p>
   </div>
   <div class='ocr_carea' id='block_1_3' title="bbox 19 3121 1027 3526">
    <p class='ocr_par' dir='ltr' id='par_1_3' title="bbox 19 3121 1027 3526">
     <span class='ocr_line' id='line_1_30' title="bbox 59 3121 1027 3219; baseline -0.006 -19"><span class='ocrx_word' id='word_1_227' title='bbox 59 3157 185 3218; x_wconf 86' lang='grc' dir='ltr'><em>ρυκται.</em></span> <span class='ocrx_word' id='word_1_228' title='bbox 211 3133 262 3198; x_wconf 84' lang='lat'><em>51.</em></span> <span class='ocrx_word' id='word_1_229' title='bbox 278 3121 299 3216; x_wconf 77' lang='grc' dir='ltr'><em>ἢ</em></span> <span class='ocrx_word' id='word_1_230' title='bbox 317 3129 439 3217; x_wconf 83' lang='grc' dir='ltr'><em>λεγέτω</em></span> <span class='ocrx_word' id='word_1_231' title='bbox 457 3156 523 3218; x_wconf 90' lang='grc' dir='ltr'><em>τις,</em></span> <span class='ocrx_word' id='word_1_232' title='bbox 543 3136 575 3200; x_wconf 85' lang='grc' dir='ltr'><em>εί</em></span> <span class='ocrx_word' id='word_1_233' title='bbox 590 3127 732 3219; x_wconf 76' lang='grc' dir='ltr'><em>μὴκατὰ</em></span> <span class='ocrx_word' id='word_1_234' title='bbox 748 3126 810 3216; x_wconf 79' lang='grc' dir='ltr'><em>την</em></span> <span class='ocrx_word' id='word_1_235' title='bbox 829 3127 1027 3216; x_wconf 89' lang='grc' dir='ltr'><em>ἐπιφάνειαν</em></span> 
     </span>
     <span class='ocr_line' id='line_1_31' title="bbox 19 3221 1026 3320; baseline -0.001 -23"><span class='ocrx_word' id='word_1_236' title='bbox 19 3222 163 3319; x_wconf 76' lang='grc' dir='ltr'><em>εοἸησοῦ</em></span> <span class='ocrx_word' id='word_1_237' title='bbox 180 3233 253 3300; x_wconf 77' lang='grc' dir='ltr'><em>Ιτοῦ</em></span> <span class='ocrx_word' id='word_1_238' title='bbox 283 3236 431 3320; x_wconf 79' lang='grc' dir='ltr'><em>σωτῆρος</em></span> <span class='ocrx_word' id='word_1_239' title='bbox 463 3227 560 3319; x_wconf 76' lang='grc' dir='ltr'><em>ἡμῶν</em></span> <span class='ocrx_word' id='word_1_240' title='bbox 588 3229 628 3300; x_wconf 83' lang='grc' dir='ltr'><em>τά</em></span> <span class='ocrx_word' id='word_1_241' title='bbox 650 3230 713 3318; x_wconf 70' lang='grc' dir='ltr'><em>μέν</em></span> <span class='ocrx_word' id='word_1_242' title='bbox 740 3221 829 3319; x_wconf 85' lang='grc' dir='ltr'><em>παρά</em></span> <span class='ocrx_word' id='word_1_243' title='bbox 850 3227 1026 3308; x_wconf 85' lang='grc' dir='ltr'><em>Ἰουδαίοις</em></span> 
     </span>
     <span class='ocr_line' id='line_1_32' title="bbox 59 3328 1026 3423; baseline -0.003 -23"><span class='ocrx_word' id='word_1_244' title='bbox 59 3328 180 3421; x_wconf 86' lang='grc' dir='ltr'><em>σεμνά,</em></span> <span class='ocrx_word' id='word_1_245' title='bbox 205 3329 227 3418; x_wconf 76' lang='grc' dir='ltr'><em>η’</em></span> <span class='ocrx_word' id='word_1_246' title='bbox 244 3342 286 3400; x_wconf 85' lang='grc' dir='ltr'><em>’τε</em></span> <span class='ocrx_word' id='word_1_247' title='bbox 309 3329 509 3422; x_wconf 88' lang='grc' dir='ltr'><em>μητρόπολις</em></span> <span class='ocrx_word' id='word_1_248' title='bbox 527 3329 639 3401; x_wconf 78' lang='grc' dir='ltr'><em>αὐτῶν</em></span> <span class='ocrx_word' id='word_1_249' title='bbox 656 3328 723 3420; x_wconf 78' lang='grc' dir='ltr'><em>ἅμα</em></span> <span class='ocrx_word' id='word_1_250' title='bbox 745 3334 791 3423; x_wconf 76' lang='grc' dir='ltr'><em>τῷ</em></span> <span class='ocrx_word' id='word_1_251' title='bbox 816 3334 894 3422; x_wconf 72' lang='grc' dir='ltr'><em>έερρῦ</em></span> <span class='ocrx_word' id='word_1_252' title='bbox 912 3331 967 3398; x_wconf 84' lang='grc' dir='ltr'><em>καὶ</em></span> <span class='ocrx_word' id='word_1_253' title='bbox 985 3333 1026 3418; x_wconf 76' lang='grc' dir='ltr'><em>τῇ</em></span> 
     </span>
     <span class='ocr_line' id='line_1_33' title="bbox 59 3430 1027 3526; baseline -0.003 -25"><span class='ocrx_word' id='word_1_254' title='bbox 59 3434 96 3502; x_wconf 85' lang='grc' dir='ltr'><em>ἐν</em></span> <span class='ocrx_word' id='word_1_255' title='bbox 108 3431 216 3526; x_wconf 82' lang='grc' dir='ltr'><em>τοάτφ</em></span> <span class='ocrx_word' id='word_1_256' title='bbox 230 3437 478 3523; x_wconf 87' lang='grc' dir='ltr'><em>συντελουμένη</em></span> <span class='ocrx_word' id='word_1_257' title='bbox 492 3430 641 3524; x_wconf 81' lang='grc' dir='ltr'><em>ἀγιστείᾳ</em></span> <span class='ocrx_word' id='word_1_258' title='bbox 653 3431 735 3522; x_wconf 85' lang='grc' dir='ltr'><em>μετά</em></span> <span class='ocrx_word' id='word_1_259' title='bbox 747 3433 802 3501; x_wconf 79' lang='grc' dir='ltr'><em>καὶ</em></span> <span class='ocrx_word' id='word_1_260' title='bbox 811 3437 880 3502; x_wconf 78' lang='grc' dir='ltr'><em>τοῦν</em></span> <span class='ocrx_word' id='word_1_261' title='bbox 893 3437 1027 3502; x_wconf 77' lang='grc' dir='ltr'><em>οἰκείων</em></span> 
     </span>
    </p>
   </div>
   <div class='ocr_carea' id='block_1_4' title="bbox 0 0 1168 3818">
    <p class='ocr_par' dir='ltr' id='par_1_4' title="bbox 0 0 1168 3818">
     <span class='ocr_line' id='line_1_34' title="bbox 0 0 1168 3818; baseline 0 0"><span class='ocrx_word' id='word_1_262' title='bbox 0 0 1168 3818; x_wconf 95' lang='lat' dir='ltr'><em> </em></span> 
     </span>
    </p>
   </div>
  </div>
 </body>
</html>
