2326 3818
504 77 723 128 PRAEFATIO.

125 220 267 274 Parisinus
284 217 354 278 469,
376 216 563 272 membraneus
580 217 663 272 seculi
680 216 844 276 duodecimi,
868 218 914 289 qni
936 217 1092 272 innotuerat

127 322 158 360 ex
171 301 301 374 Catalogo
315 301 497 357 Bibliothecae
513 301 647 356 Parisinac
664 300 715 355 rol.
730 300 758 356 2.
776 319 802 374 p.
816 301 865 363 65,
882 301 929 356 sed
944 300 978 357 ab
989 301 1091 356 Thorna

127 386 269 442 Gaisiordo
287 386 392 442 demum
409 403 469 442 cum
484 385 602 440 editione
614 386 795 457 Stephaniaua
811 385 927 440 collatus
940 394 991 446 est,
1009 402 1091 457 quinn

127 471 273 527 editionem
297 470 475 526 Onorriensem
497 487 519 524 a.
541 469 632 526 1852.
655 479 836 543 praepararet.
867 471 964 542 lncipit
985 468 1018 524 ab
1035 486 1092 523 rer·

127 555 168 610 his
189 544 207 626 ἡ
228 549 369 626 παιδίσκη
390 567 436 608 σοι
457 572 485 627 p.
503 554 551 616 17,
570 554 608 610 18
630 554 671 608 cd.
694 562 818 618 nostrae,
842 553 945 627 aliquot
966 553 998 609 ab
1014 554 1091 608 initio

128 639 202 694 loliis
218 639 353 701 delectus,
376 638 525 711 hrriturque
548 638 635 694 verbis
656 634 708 710 τῆς
729 635 782 692 τοῦ
797 636 926 710 σωτῆρος
936 629 1022 713 ἡμῶν
1038 655 1092 691 πα·

126 713 323 799 ρακελεύσεως
353 742 378 796 p.
402 723 476 786 688,
508 722 547 778 29
576 724 667 794 paucis
690 731 794 778 tantum
818 723 940 779 versibus
967 713 1092 794 (φήσαν-

126 826 229 878 τος-
252 795 396 879 ἀληθείας
416 826 443 881 p.
462 806 536 869 688,
559 804 719 868 29-689,
742 805 771 876 3)
788 807 908 869 amissis,
932 809 978 880 qui
1001 807 1026 862 in
1048 824 1092 862 es·-

126 902 213 948 tremo
230 893 331 947 codicis
343 892 410 947 lolio
423 892 485 947 lecti
501 891 620 946 luerunt.
639 891 787 965 Utrumque
802 891 935 947 deiectum
953 909 984 947 en
1000 891 1092 947 coelice

126 977 228 1034 Nicolai
245 976 451 1038 llaurocordati,
468 974 622 1032 Walachiae
645 975 790 1050 principis,
812 976 950 1050 supplevit
965 977 984 1033 l.
999 977 1029 1031 Α.
1046 975 1093 1029 Fa·

126 1062 229 1117 bricius
246 1063 272 1116 in
288 1061 410 1118 Detecto
426 1067 660 1134 arq'omenlorum
675 1069 702 1116 et
717 1061 828 1133 syllaba
844 1065 1026 1132 scriptorum,
1045 1063 1095 1132 qni

127 1149 277 1203 veritatem
296 1148 443 1220 redipionis
465 1145 647 1202 Christianae
670 1147 810 1202 adversus
831 1147 931 1203 otheos
950 1176 992 1185 —
1014 1158 1093 1202 osse·

128 1238 265 1300 ruerunt,
283 1230 430 1302 Hamburgi
447 1230 520 1286 edito
537 1247 560 1284 a.
579 1229 670 1292 1725,
687 1229 816 1304 Stephani
833 1230 961 1303 bergleri,
978 1239 1008 1286 ut
1023 1228 1094 1285 iide-

129 1323 182 1376 tur,
198 1316 357 1388 apographo
375 1333 455 1376 usus,
476 1331 502 1388 p.
520 1312 638 1376 1-22‚
658 1314 703 1370 sed
720 1316 786 1369 mira
803 1313 970 1388 negligentia
986 1332 1020 1371 ne
1036 1330 1094 1368 rer·

127 1398 191 1455 bum
207 1400 315 1473 quidem
331 1400 364 1456 de
380 1409 468 1456 aetate
486 1409 512 1456 et
533 1407 643 1454 externa
659 1399 820 1456 condicione
842 1400 945 1458 codicis
966 1398 1093 1473 prodidit,

128 1486 175 1556 qui
197 1493 261 1556 post
281 1494 397 1541 mortem
417 1483 615 1540 blaurocordati
638 1482 671 1554 (a.
695 1484 787 1555 1730)
813 1501 874 1541 cum
902 1485 1007 1556 reliqua
1035 1484 1099 1538 cius

128 1567 298 1640 supellectile
310 1569 429 1623 literaria
449 1563 597 1639 evanuit'i).
632 1567 726 1639 ltaque
744 1569 877 1640 suspicari
896 1577 1015 1628 tantum,
1039 1583 1093 1621 non

128 1661 205 1707 certo
222 1652 312 1707 dicere
327 1652 406 1714 licet,
422 1651 542 1707 codicem
559 1651 635 1706 illum
652 1651 767 1709 similem
782 1651 868 1707 fuisse
883 1651 1007 1708 Parisino
1023 1649 1093 1707 469,

128 1735 185 1791 sire
200 1751 231 1791 ex
247 1737 300 1792 hoe
315 1740 385 1810 ipso,
401 1753 486 1808 quum
501 1735 590 1792 adhuc
605 1734 713 1806 integer
728 1743 815 1798 esset,
838 1738 894 1792 sive
908 1753 940 1791 ex
955 1733 1007 1790 alio
1024 1733 1093 1788 libro

128 1821 280 1892 integriore
295 1821 476 1894 descriptum:
492 1820 524 1875 de
542 1837 596 1894 quo
613 1821 715 1874 certius
730 1819 849 1876 iudicare
865 1819 959 1875 liceret
975 1821 997 1874 si
1015 1820 1095 1888 berg·

127 1904 187 1960 lero
209 1905 251 1960 vel
271 1905 395 1962 Fabricio
417 1906 523 1978 aliquot
544 1904 577 1960 ab
599 1901 678 1959 initio
701 1906 814 1977 paginas
835 1921 895 1960 cum
916 1903 994 1959 libris
1016 1903 1094 1958 editis

128 2005 286 2062 comparare
302 1992 509 2064 scripturaeque
524 1989 708 2045 diversitatem
723 2005 879 2062 proponere
895 1987 1050 2062 placuisset.

213 2074 250 2128 Ex
267 2073 359 2130 codiee
370 2074 492 2130 Parisino
506 2073 567 2130 469
585 2072 626 2128 vel
641 2073 735 2146 priore
751 2074 842 2146 aliquo
859 2075 918 2129 eius
934 2073 1093 2146 apographo

127 2158 297 2230 descriptum
313 2166 356 2214 est
376 2159 563 2232 apographum
579 2158 731 2216 Osoniense
753 2158 779 2213 in
801 2158 966 2221 bibliotheca
986 2157 1094 2230 collegii

129 2242 156 2304 S,
172 2243 280 2298 loannis
292 2243 427 2316 Baptistae
437 2252 581 2306 servatum,
595 2243 766 2300 chartaceum
777 2242 905 2300 loliorum
919 2240 980 2300 264
991 2242 1094 2299 lorniae

128 2329 267 2394 maximae,
285 2328 370 2385 seculi
387 2329 473 2402 quinti
489 2329 594 2390 decimi,
611 2344 722 2384 numero
737 2327 776 2384 41
793 2336 917 2385 notatum
933 2330 960 2384 in
974 2328 1005 2383 0.
1020 2328 1094 2384 Coali

128 2412 259 2486 Catalogo
280 2431 307 2486 p.
325 2412 373 2476 12,
390 2415 464 2488 quod
476 2412 573 2478 ¹labore
590 2430 670 2486 quam
686 2414 777 2470 lructu
797 2415 899 2469 maiore
923 2421 1011 2468 totum
1032 2428 1093 2468 eum

128 2496 241 2554 Roberti
264 2498 395 2571 Stephani
424 2498 544 2554 editione
572 2498 690 2554 contulit
711 2497 880 2554 Gaislordus.
925 2498 996 2553 Nihil
1023 2498 1095 2552 enim

128 2579 198 2636 liber
218 2580 264 2637 ille
287 2582 398 2653 praebet
419 2591 527 2655 praeter
547 2599 648 2654 paucas
669 2582 867 2638 levissimorum
890 2582 1018 2638 vitiorum
1035 2599 1094 2638 cor-

128 2665 282 2728 rectiones,
299 2684 366 2739 quas
383 2668 469 2739 quivis
485 2667 544 2740 ipse
559 2666 648 2728 saciat,
663 2669 791 2741 proprios
808 2682 871 2722 vero
888 2666 939 2722 sibi
955 2665 1038 2723 habet
1053 2682 1095 2721 er·

128 2766 208 2806 rores
224 2749 328 2806 librarii
342 2767 398 2806 non
413 2767 528 2824 paucos,
550 2749 673 2807 versibus
694 2752 807 2823 integris
823 2751 960 2809 interdum
976 2753 1094 2816 omissis,

128 2837 292 2908 praesertim
313 2836 360 2891 ubi
382 2835 452 2890 idem
473 2835 634 2892 vocabulum
656 2845 720 2909 post
745 2837 825 2892 breve
847 2838 964 2910 spatium
986 2836 1094 2892 rediens

129 2920 225 3008 oculos
248 2920 349 2976 librarii
372 2920 501 3011 falleret,
516 2919 590 2976 velut
610 2939 637 2994 p.
657 2915 699 2977 1¹³.
716 2920 779 2978 33³.
798 2915 883 2978 1779.
902 2915 990 2979 26012.
1006 2913 1093 2977 317¹2.

196 3083 220 3148 *l
235 3089 277 3136 De
291 3087 433 3137 codicibus
448 3087 482 3136 ab
495 3085 719 3145 Maurocordat0‚
732 3088 902 3151 quumcirca
915 3102 1014 3135 annum
1029 3087 1094 3135 1722

129 3155 159 3202 in
175 3155 326 3204 Walaehia
342 3159 485 3220 regnaret,
511 3170 544 3204 ex
561 3154 738 3204 monasteriis
758 3155 886 3217 Graecis,
905 3155 934 3203 in
946 3152 1094 3204 Thessalia

128 3219 255 3286 inprimis
273 3227 301 3280 et
317 3223 346 3270 in
364 3227 455 3272 monte
473 3221 544 3272 Atho
568 3221 694 3271 collectis
715 3222 804 3286 deque
822 3223 937 3272 interitu
957 3220 1095 3286 amplissi-

129 3303 191 3337 mae
210 3290 289 3338 huius
308 3290 480 3340 collectionis
498 3289 551 3340 vid.
570 3289 648 3340 C.·B.
667 3289 771 3339 Hosius
788 3290 817 3338 in
834 3288 1038 3340 Commentario
1061 3287 1093 3336 de

128 3356 234 3406 Ioanne
247 3356 323 3418 Lydo
337 3375 362 3422 p.
376 3357 602 3423 LXIX—LXXI..
715 3369 718 3372 ’
799 3370 803 3375 ·
824 3371 826 3374 ⁴
