2326 3818
142 141 205 207 586
550 138 699 190 εοεεειι

144 278 259 368 ἐπειδή
281 277 342 368 ὕλη
366 278 504 370 μυριὰς,
537 271 621 366 όμού
649 278 687 348 δέ
716 281 771 348 καλ
800 277 907 368 χιλιάς
931 285 969 349 ἐκ
990 307 1027 351 τε
1049 284 1107 350 τού

144 389 277 463 κλίτους
294 377 397 452 αύτοῦ
414 381 470 449 καὶ
488 376 553 449 άπό
569 382 638 449 τῶν
656 383 776 462 δεξιῶν
792 392 969 451 πεσεῖσθαι
993 384 1108 470 λέγον-

116 511 214 571 εται,
246 480 380 564 ελκότως
410 483 464 551 ἐπὶ
491 478 619 561 τούτοις
643 481 717 570 ἑξῆς
749 491 877 572 εῑρηται
900 477 1013 572 “πλήν
1041 497 1108 564 τοῖς

144 581 332 673 ὀφθαλμοῖς
351 604 413 653 σου
431 579 664 670 κατανοήσεις,
688 585 744 652 καὶ
762 578 988 654 ἀνταπόδοσιν
1004 581 1108 675 διμοιρ-
1153 618 1157 655 ι

143 693 260 756 τοιλῶν
282 679 391 768 όψει.”
436 690 484 755 ll,
509 686 565 753 καὶ
590 689 681 753 ἔσται
704 687 824 771 ταῦτα,
848 687 947 772 φησὶ,
972 687 1051 773 περὶ
1074 684 1131 760 σέε

142 789 201 858 τόν
213 783 358 876 Χριστόν
374 792 434 856 τού
450 788 547 873 θεού,
560 781 579 809 “
585 783 762 877 ἐπειδήπερ
780 784 823 855 σύ
836 780 947 872 αύτός,
962 777 989 855 ῶ
1006 783 1111 878 κύριε,
1154 860 1157 871 Ι

143 885 179 970 ός
195 886 371 982 τυγχάνεις
385 882 433 956 ῶν
446 884 467 974 ή
486 885 547 976 ἐμή
566 889 670 973 ἐλπὶς,
687 885 746 956 τόν
759 884 902 969 ὕψιστον
916 893 1000 957 ἐθου
1015 916 1111 958 κατα·
1155 884 1157 889 ’

144 988 258 1078 φυγήν
283 985 378 1058 σου”
423 993 472 1056 12.
492 995 578 1058 ἔνθα
601 989 658 1057 καὶ
682 985 869 1076 ἐπιστήσεις
894 995 970 1058 τίνα
988 987 1112 1080 τρόπον

143 1086 161 1159 ὁ
175 1087 347 1180 προφήτης
360 1085 442 1179 πρός
456 1086 560 1160 αὐτὸν
575 1085 634 1160 τόν
646 1086 764 1178 κύριόν
773 1110 877 1178 φησιν
890 1083 963 1159 “ότι
980 1089 1037 1179 σύ,
1055 1088 1113 1161 κύ-
1153 1124 1157 1133 ·

144 1219 213 1280 ριε,
237 1194 330 1271 ἐλπίς
347 1218 429 1280 μου,
453 1188 512 1262 τόν
529 1187 672 1275 ὕψιστον
690 1197 773 1260 ἐθου
791 1189 990 1279 καταφυγήν
1014 1187 1110 1282 σον,”
1122 1216 1145 1259 ιι

145 1297 286 1382 διαιρῶν
302 1287 449 1383 άκριβῶς
473 1295 588 1381 ἕτερον
612 1297 706 1372 ἰδίοις
730 1290 849 1380 κύριον
871 1294 926 1361 καλ
951 1291 1012 1363 τόν
1034 1290 1114 1364 τού-

143 1423 204 1465 του
221 1397 346 1485 πατέρα
363 1393 448 1464 θεὸν
470 1390 622 1475 ὕψιστον.
670 1398 718 1462 13,
740 1391 792 1463 διὸ
811 1391 991 1484 ἐπειδήπερ
1009 1390 1115 1466 αύτὸυ

79 1524 131 1578 μυ]
147 1490 191 1578 ῶς
214 1501 339 1586 πατέρα
364 1498 419 1565 καλ
443 1491 527 1566 θεόν
554 1492 698 1578 ὕψιστον
725 1493 924 1583 καταφυγήν
947 1497 1073 1566 ἑαυτοῦ
1095 1491 1115 1568 ό

116 1594 286 1687 εΧριστός
309 1597 473 1686 τέθειται,
498 1598 649 1666 λε’λεκται
672 1593 763 1688 αύτῷ
784 1594 821 1665 τό
838 1590 903 1666 “ού
930 1595 1126 1687 προσελεύ-’

145 1721 236 1767 σεται
253 1696 335 1787 πρός
353 1698 390 1766 σέ
407 1698 504 1785 κακά,
522 1700 580 1768 καὶ
593 1697 710 1786 μάστιξ
724 1693 786 1766 ούκ
800 1700 905 1784 ἐγγιεῖ
921 1701 968 1790 τῷ
980 1697 1116 1788 σκηνά-
1128 1722 1151 1767 ιι

144 1805 227 1887 μοιτί
236 1820 310 1885 σου,
328 1796 378 1867 ὅτι
391 1814 460 1880 τοῖς
470 1795 622 1887 ἀγγέλοις
637 1797 742 1869 αὑτοῦ
756 1802 935 1868 ἐντελεῖται
948 1801 1026 1890 περὶ
1040 1804 1115 1890 σοῦ,

144 1903 204 1970 τοῦ
230 1896 433 1987 διαφυλάξαι
456 1921 494 1968 σε
525 1903 563 1970 ἐν
584 1897 705 1979 πάσαις
735 1915 807 1980 ταῖς
829 1893 921 1980 όδοῖς
943 1920 1015 1970 σου.
1054 1905 1116 1972 ἐπὶ

144 2007 266 2088 χειρῶν
282 1997 406 2086 ἀρούσί
419 2021 473 2087 σε,
491 1997 617 2088 μήποτε
634 1997 826 2090 προσκόψῃς
843 1999 925 2089 πρὸς
939 2009 1039 2071 λίθον
1055 2002 1119 2074 τόν

145 2097 233 2169 πόδα
251 2096 347 2167 σου”
391 2104 439 2169 14,
459 2102 515 2170 καὶ
543 2105 704 2190 ἐπιμελῶς
722 2130 760 2188 γε
785 2099 878 2191 τήρει
896 2110 971 2172 τίνα
989 2100 1117 2191 τρόπον

146 2205 184 2270 ἐν
200 2203 247 2294 τῷ
259 2195 332 2270 “ότι
350 2197 410 2288 σύ,
428 2199 540 2293 κύριε,
569 2207 661 2283 ἐλπίς
678 2231 761 2291 μου,
785 2201 845 2272 τόν
867 2201 1011 2285 ὕψιστον
1028 2210 1117 2276 ἐθου
1129 2228 1155 2272 ιι

130 2301 343 2391 καταφυγήν
361 2301 447 2373 σου”
465 2301 502 2374 τό
519 2303 615 2394 κύριε
630 2303 685 2373 διὰ
697 2308 758 2373 τού
770 2303 1022 2394 τετραγράμμου
1036 2300 1118 2377 όνό-

144 2433 244 2495 ματος
272 2406 308 2475 ὲν
334 2407 381 2498 τῷ
393 2403 557 2498 Ἑβραῖκῶ
581 2408 736 2494 φέρεται,
763 2401 846 2494 ὅπερ
872 2402 1118 2496 άνεκφῶνητον

117 2506 233 2578 εεῖναι
256 2508 409 2592 λέγοντες
420 2505 585 2596 Ἐβραίων
607 2513 726 2589 παῖδες
752 2509 806 2576 ἐπὶ
828 2504 934 2595 μόνου
951 2512 1010 2577 τού
1028 2512 1118 2580 θεού

144 2604 420 2697 παραλαμβάνειν
443 2605 622 2694 ελιόθασιυ,
649 2602 745 2696 ήμεῖς
763 2608 801 2678 δέ
822 2610 878 2677 καὶ
905 2608 959 2677 ἐπὶ
976 2613 1035 2696 τής
1052 2616 1116 2680 τού

144 2707 246 2796 λόγου
263 2705 421 2795 θεότητος
440 2709 476 2776 ἐν
492 2714 662 2790 πλείσταις
679 2717 833 2797 κείμενον
848 2726 994 2797 γραφαῖς
1007 2734 1116 2800 προα-
1128 2732 1154 2777 μ

145 2810 362 2895 πεδείξαμεν,
386 2805 499 2898 ῶσπερ
521 2811 577 2879 καὶ
604 2813 642 2880 ἐν
663 2815 710 2902 τῷ
733 2808 815 2898 μετά
838 2825 950 2900 χεῖρας
972 2818 1114 2905 Ψαλμῷ,

144 2907 180 2990 ός
203 2930 309 2998 φησιν
334 2914 382 2990 εἰς
405 2908 585 3001 πρόσωπον
609 2909 715 2982 αὐτού
736 2914 797 2982 τού
819 2919 940 3001 κυρίου
959 2909 1033 2981 “Su
1053 2909 1115 3000 σύ,

144 3008 251 3100 κύριε,
271 3014 364 3091 ἐλπίς
381 3041 457 3102 μου,
476 3010 535 3084 τόν
545 3012 689 3096 ὕψιστον
698 3020 782 3083 ἐθον
796 3010 994 3101 καταφυγήν
1012 3009 1113 3102 σου,”

144 3115 323 3204 μονονουχὶ
342 3113 450 3204 λόγων
466 3112 517 3185 ότι
534 3113 577 3184 σύ
595 3110 711 3202 αύτός,
731 3104 759 3183 τό
774 3112 882 3205 κύριε,
900 3108 936 3196 ὃς
954 3118 1035 3202 ἐμοῦ
1050 3121 1115 3185 τού

144 3220 247 3285 ταῦτα
271 3213 542 3307 προφητεύοντος
566 3217 659 3297 ἐλπὶς
684 3211 732 3285 ῶν
757 3214 949 3305 τυγχάνεις,
979 3223 1150 3303 μεῖζοναει

146 3319 271 3383 σαυτοῦ
296 3315 355 3386 τόν
379 3314 464 3388 θεόν
486 3316 545 3387 τόν
561 3312 705 3398 ὕψιστον
723 3313 821 3398 ελδῶς
839 3321 983 3403 ἐκεῖνον,
1008 3311 1114 3387 αὐτόν

141 3419 230 3481 ἔθου
246 3415 444 3506 καταφυγήν
461 3439 533 3487 σου.
577 3423 625 3486 15.
644 3414 728 3488 όθεν
745 3419 801 3487 καὶ
826 3421 863 3487 ἐν
880 3415 967 3508 ιἰρχή
983 3419 1114 3505 ἐλέγετο
