2326 3818
314 113 502 167 DEMONST.
520 114 653 167 EVANG.
673 116 749 165 VIII.
769 117 796 165 2.
971 113 1035 177 515

62 260 118 326 καὶ
131 263 328 343 πολιορκίαν
341 251 451 325 ούκέτι
465 257 522 343 της
538 257 667 324 ἐκθεού
676 253 825 336 τεύξεται
841 259 1034 343 ἐπισκοπῆς,

61 374 156 447 μενεῖ
184 358 221 427 δὲ
246 365 383 447 ἕρημος,
408 357 743 446 συγκαθαιρουμένης
770 354 858 446 αὐτῇ
876 363 934 446 της
952 355 1034 426 κατά

61 457 120 530 τόν
139 462 314 539 Μωυσέως
339 457 443 547 νόμον
467 465 638 546 λατρείας,
668 460 781 548 ἑτέρας
801 459 838 527 δὲ
856 454 929 528 ἀντ’
952 463 1034 528 ἐκεί-

11 626 12 631 ,
61 590 121 650 νης
138 564 186 654 τῷ
203 568 267 654 βίω
286 564 354 631 τω”ν
372 556 566 650 ἀνθρώπων
583 563 699 648 καινης
719 558 884 648 διαθήκης
902 555 1035 631 ἀντεισ-

33 664 301 752 εαχθησομίνης,
345 668 374 733 6.
394 665 451 732 καὶ
472 668 578 732 ταῦτα
601 661 788 750 ὁΓαβριήλ
817 657 861 743 οδς
888 665 924 731 ἐν
952 691 1033 749 χρη-

61 781 155 854 σμοῖς
164 766 453 867 ἐπικεηρυμμένως
464 768 639 852 ἐκφαίνειν
645 762 801 853 ὁμολογεῖ
811 770 857 857 τῷ
867 762 1031 853 προφήτη.

62 873 89 936 7.
110 869 215 955 φησὶν
232 867 295 937 ούν
314 862 404 960 αύτῷ
423 864 567 953 Δανιήλ,
585 871 650 936 νῦν
666 869 808 952 ἐξήλθον
826 864 1033 954 συμβιβάσαι

61 991 99 1038 σε
113 967 263 1055 σύνεσιν,
283 972 320 1038 ἐν
333 964 417 1059 ἀρχή
431 972 489 1057 της
503 964 648 1056 δεήσεως
663 990 725 1037 σου
740 970 880 1055 ἐξῆλθεν
893 962 911 1035 ό
926 964 1033 1054 λόγος,

61 1068 153 1158 κάγω
171 1060 279 1158 ήλθου
306 1068 504 1158 ἀναγγεῖλαί
524 1091 578 1139 σοι
602 1066 653 1138 ὅτι
677 1067 762 1156 ἀνὴρ
782 1070 974 1158 ἐπιθυμιῶν
992 1066 1033 1137 σύ

23 1202 48 1239 ιο
63 1171 108 1257 εἴ,
140 1174 196 1240 καί
220 1169 401 1259 ἐννοήθητι
425 1174 462 1240 ἐν
485 1174 531 1264 τῷ
556 1166 694 1260 ῥήματι,
719 1170 775 1238 καὶ
802 1169 904 1250 σύνες
931 1173 967 1239 ἐν
991 1177 1032 1259 τῇ

59 1267 237 1363 όπτασίᾳ,”
257 1276 373 1361 σαφῶς
393 1278 567 1359 διεγείρων
582 1267 685 1342 αύτδν
701 1279 748 1351 είς
766 1276 961 1362 βαθυτέραν
980 1280 1060 1341 ἕνα

61 1402 155 1444 νοιαν
170 1375 226 1442 καὶ
240 1372 379 1443 σύνεσιν
391 1377 450 1461 της
463 1376 530 1443 των
545 1376 735 1463 λεγομένων
748 1381 906 1461 θεωρίαςι
932 1370 1030 1442 ὀπτα-

60 1482 137 1545 σίαν
161 1477 245 1562 γούν
269 1471 354 1544 αύτά
376 1478 418 1562 γε’
438 1498 521 1564 φησι
546 1474 601 1543 διά
625 1472 662 1544 τό
687 1477 877 1564 βαθυτέρας
896 1481 1038 1563 ἔχεσθαι

61 1582 210 1656 διανοίας
234 1579 289 1646 καὶ
307 1575 347 1644 ού
371 1581 429 1665 τής
453 1574 617 1665 τυχούσης
635 1579 803 1657 συνέσεως
823 1583 966 1646 δεῖσθαι,
1001 1582 1029 1646 8.

21 1703 46 1743 15
61 1676 177 1765 διόπερ
196 1679 251 1747 καλ
270 1675 365 1748 αὐτοὶ
382 1676 441 1748 τόν
455 1675 671 1767 δωρούμενον
681 1677 820 1750 σύνεσιν
834 1674 1029 1768 ἀνθρώποις
1046 1709 1099 1762 [238]

60 1778 333 1869 ἐπικαλεσάμενοι
352 1775 530 1870 εύξάμενοί
551 1808 586 1850 τε
611 1774 674 1849 ἀπ’
694 1775 798 1850 αύτοῦ
816 1782 1032 1867 φωτισθήναι

58 1880 135 1963 τούς
155 1886 220 1970 τῆς
253 1887 402 1963 διανοίας
432 1880 647 1971 ὀφθαλμούς,
680 1881 962 1972 ἐπιθαρρήσωμεν
992 1887 1031 1972 τή

58 1982 141 2053 κατά
172 1982 249 2063 τούς
279 1981 401 2065 τόπους
427 1991 570 2075 θεωρία.
617 1981 886 2074 “ἑβδομήκοντα,
914 1985 1030 2072 φησὶν,

59 2082 243 2172 ἑβδομάδες
263 2082 524 2173 συνετμήθησαν
544 2087 597 2154 ἐπὶ
623 2082 682 2155 τόν
709 2084 790 2156 λαόν
814 2106 876 2155 σου
903 2087 1031 2155 καὶέπὶ

19 2211 43 2249 20
57 2181 118 2274 τήν
136 2183 235 2255 πόλιν
252 2185 315 2271 τήν
333 2183 433 2273 ἀγίαν
451 2206 530 2271 σου,
555 2189 615 2254 τού
633 2192 899 2275 συντελεσθῆναι
924 2183 1032 2275 ἀμαρ-
1064 2218 1066 2222 ’

56 2294 132 2356 τίαν
165 2287 220 2354 καλ
251 2291 311 2354 τοῦ
342 2293 526 2374 σφραγίσαι
559 2281 722 2374 ἀμαρτίας
760 2290 815 2355 καὶ
846 2286 1031 2369 ἀπαλεῖψαι

57 2384 114 2467 τάς
133 2385 289 2475 ἀνομίας,
315 2389 370 2455 καί
388 2389 449 2455 τού
466 2385 683 2468 ἐξιλάσασθαι
701 2386 850 2473 ἀδικίας,
877 2391 931 2456 καὶ
951 2384 1029 2475 ἀγα-

56 2505 130 2576 γεῖν
149 2486 367 2576 δικαιοσύνην
385 2486 535 2575 αίοόνιον,
554 2490 610 2557 καὶ
628 2492 689 2558 τού
707 2497 892 2577 σφραγίσαι
910 2485 1029 2578 ὅρασιν

56 2592 112 2660 καὶ
129 2587 323 2680 προφήτην,
350 2591 404 2659 καλ
431 2591 491 2659 τού
508 2606 620 2679 χρῖσαι
637 2586 734 2678 ἀγιον
752 2588 892 2678 ἀγίων.”
931 2596 959 2660 9.
980 2589 1029 2661 ὅτι
1045 2624 1096 2676 (38η

19 2721 44 2761 ω
57 2696 125 2763 των
144 2690 373 2782 ἑβδομήκοντα
393 2689 591 2780 ἕβδομάδων
605 2686 623 2762 ὁ
636 2691 754 2783 χρόνος
774 2696 809 2762 ἐν
829 2699 936 2763 ἔτεσιν
950 2691 1029 2767 ἀνα-

56 2793 217 2881 λυόμενος
236 2792 438 2882 ἐνενήκοντα
456 2792 538 2882 πρὸς
556 2811 625 2876 τοῖς
642 2800 866 2884 τετρακοσίοις
884 2792 1031 2885 ἀριθμὸν

56 2893 195 2980 συνάγει
213 2903 318 2965 παντί
332 2923 398 2966 που
421 2899 533 2984 δήλου.
567 2899 725 2978 τοσούτος
740 2902 919 2985 τοιγαροῦν
933 2920 1029 2967 συνε-

55 2993 167 3084 τμήθη
185 2994 303 3086 χρόνος
323 2999 376 3067 ἐπὶ
394 2997 453 3067 τὸν
471 2997 553 3067 λαόν
570 3010 645 3085 σου,
664 2996 700 3067 τό
719 3003 788 3068 πάν
807 2999 1029 3088 συμπέρασμα

55 3105 114 3170 τοῦ
130 3093 304 3168 Ἰουδαίων
322 3107 519 3189 περιορίζων
537 3106 669 3180 ἔθνους.
714 3105 763 3169 10.
783 3102 840 3170 καὶ
858 3098 970 3170 οὐκέτι
987 3128 1027 3186 γε

16 3229 42 3269 ω
56 3198 178 3282 αὐτούς
197 3205 233 3270 ἐν
250 3197 379 3282 τούτοις
397 3208 481 3271 θεοῦ
500 3197 582 3272 λαόν
600 3199 859 3292 προσαγορεύει,
878 3196 963 3269 ἀλλὰ
980 3205 1028 3293 τῷ

55 3300 188 3390 Δανιήλ
206 3323 300 3392 φησι,
320 3302 402 3373 λαόν
415 3321 493 3373 σου·
514 3298 626 3393 ὥσπερ
640 3301 704 3391 γάρ
717 3299 930 3391 ἀσεβήσαντά
948 3330 1028 3372 ποτε

55 3407 111 3474 καὶ
135 3403 463 3495 είδωλολατρήσαντα
491 3407 545 3474 ἐπὶ
568 3408 625 3494 τῆς
656 3402 781 3496 ἐρήμου
811 3402 923 3475 οὐκέτι
947 3404 1028 3475 λαόν

791 3518 856 3581 33*
