2326 3818
355 121 542 184 ωεωοαεῖ.
560 126 694 185 Ενεωο.
714 129 736 184 1.
755 134 779 182 ε.
800 132 824 184 ο.
1027 125 1069 196 33

94 282 246 365 θρωπον
262 267 420 360 ἀδικῆσαι
448 267 589 359 αῦτοῦς,
619 273 674 341 καί
698 267 835 360 ἤλεγξεν
853 269 938 359 ῦπίρ
957 268 1069 343 αὐτῶν
1083 301 1096 340 ι
1136 308 1138 315 v

97 379 249 460 βασιλεῖς
267 375 386 461 λέγων,
405 372 450 462 μῆ
469 369 618 443 ἅπτεσθε
637 377 703 443 τῶν
721 378 864 463 χριστῶν
881 404 946 463 μου
960 378 1016 443 καί
1033 379 1069 444 ἐν

93 491 166 556 τοῖς
184 473 369 564 προφήταις
386 503 452 564 μου
464 476 510 564 μῆ
524 471 790 565 πουῆρεῦεσθε.”
816 481 867 545 21.
887 479 991 545 Ιταῦτα
1004 475 1067 566 γὰρ

70 593 78 605 ·
98 578 153 644 ἐπί
170 580 230 646 τοῦ
241 571 388 666 Ἀβραίιμ
400 579 456 647 καί
469 581 529 647 τοῦ
535 573 645 647 Ἰσαὰκ
659 578 714 645 καί
729 579 789 646 τοῦ
803 573 920 664 Ἰακωβ
933 575 1069 668 ιἰνειρῆ-

67 706 84 747 ἐ
98 673 306 766 σθαιῆπᾶσα
314 676 503 769 σῦμφρασις
509 684 568 750 τοῦ
575 677 676 767 λόγου
687 686 904 768 παρίστησιν·
920 675 1068 748 ὥστεκαὶ

97 785 155 867 τῆς
166 784 226 851 τοῦ
235 786 382 868 Χριστοῦ
390 789 614 870 προσηγορίας
627 779 708 870 ἡμῖν
721 779 842 870 ὁμοίως
853 778 1065 850 ἐκοινώνουν.

173 895 219 954 Vl.
239 879 339 953 Ἀλλὰ
356 881 446 952 καὶὸ
467 881 538 953 κατ’
560 879 681 972 ῦρετῆν
695 879 802 971 βίοςῆ
820 911 855 953 τε
873 880 955 951 κατὰ
975 880 1066 951 εῦσέ-
1086 915 1095 940 e

97 989 193 1069 βειαν
211 991 359 1054 πολιτεία
378 981 490 1072 ὥσπερ
501 1002 573 1066 τοῖς
589 991 725 1055 ἔθνεσιν
739 981 843 1054 ἅπασι
861 982 915 1053 διοί
933 987 990 1073 τῆς
1008 989 1067 1052 τοῦ

97 1091 243 1171 Χριστοῦ
261 1093 443 1167 νουθεσίας
457 1084 656 1177 κεκῆρυκται
673 1091 748 1174 δίχα
766 1091 823 1174 τῆς
841 1083 924 1155 κατὰ
944 1088 1067 1157 Μωσία

57 1215 84 1255 ιο
100 1189 273 1274 θιαταγῆς,
298 1183 404 1266 οῦτως
428 1189 484 1257 καί
507 1203 576 1268 τοῖς
594 1197 747 1267 παλαιοῖς
774 1190 912 1268 ἐκείνοις
930 1181 948 1256 ὁ
968 1184 1067 1267 αὐτὸς

95 1289 153 1372 τῆς
178 1285 349 1374 εὐσεβείας
368 1295 582 1378 κατωρθοῦτο
605 1286 735 1376 τρόπος.
778 1293 807 1356 2.
826 1283 900 1357 οὔτ’
920 1278 1119 1361 &vad-1101

95 1414 196 1476 ματος
215 1386 327 1469 αὐτοῖς
346 1394 523 1477 περιτομῆς
543 1396 678 1477 ἔμελεν,
696 1387 746 1457 ὅτι
764 1384 843 1476 μηδ’
864 1384 958 1477 ῆμῖυ·
990 1386 1067 1457 οῦτε

97 1485 223 1577 ἀποχῆς
240 1494 309 1558 τῶν
326 1494 467 1559 τοιῦνὸε
485 1487 578 1583 ζῴων
597 1486 773 1579 βρώσεως,
800 1485 850 1558 ὅτι
873 1489 958 1578 μηδὲ
975 1487 1065 1576 ῆμῖυ.

96 1586 216 1659 αῦτίκα
239 1587 297 1660 τόν
325 1591 535 1680 Μελχισεδὲκ
557 1587 575 1659 ὁ
598 1593 729 1679 ΙΜωσῆς
754 1589 880 1678 εἰσάγει
900 1593 989 1679 ίερία
1006 1594 1069 1660 τοῦ

57 1722 83 1763 15
96 1695 182 1762 θεοῦ
199 1695 260 1763 τοῦ
277 1686 437 1780 ὑψίστου,
462 1689 502 1762 οῦ
526 1688 563 1761 τὸ
587 1699 683 1782 σῶμα
707 1695 1006 1783 περιτετμημένον,
1026 1691 1066 1761 οὐ

95 1791 191 1886 μύρῳ
218 1797 391 1886 σκευαστῷ
416 1793 498 1863 κατὰ
517 1796 645 1864 Μωσέα
668 1797 902 1883 κεχρισμένον,
926 1790 967 1863 οῦ
986 1793 1066 1881 σάβ-

95 1902 200 1982 βατον
222 1903 258 1965 τί
279 1889 354 1965 ποτ’
381 1897 472 1965 ἐστὶν
491 1893 622 1983 εἰδότα,
646 1893 720 1965 οὐδ’
741 1893 826 1976 ὅλως
850 1926 882 1965 τι
899 1900 967 1964 τῦν
985 1894 1066 1983 μετοί

94 2001 262 2089 ταῦτατῷ
281 1998 380 2066 πανιί
396 1992 569 2067 Ἰουδαίων
587 2003 681 2067 ἔθνει
700 1994 755 2066 ὃιοί
766 1999 918 2078 Μωσέως
937 2024 1064 2086 παρῆγ-

95 2101 265 2187 γελμίνωυ
290 2101 466 2187 ἐπαΐοντα,
500 2096 656 2188 ἄντικρυς
686 2099 723 2168 δὲ
747 2100 829 2168 κατὰ
858 2097 895 2168 τό
920 2103 1065 2183 Χριστοῦ

54 2232 82 2272 εο
97 2196 292 2288 εὐαγγέλιον
317 2204 465 2288 βιοῦντα.
515 2206 544 2270 3.
565 2201 654 2288 πλῆν
675 2198 750 2271 ἀλλ’
778 2197 866 2289 ὅμως
889 2203 980 2289 ἰερέα
1006 2203 1067 2268 τοῦ

94 2308 180 2372 θεοῦ
197 2306 256 2371 τοῦ
278 2296 424 2384 ὑψίστου
447 2305 553 2392 φησὶν
571 2298 673 2372 αῦτόν
697 2297 714 2371 ὁ
735 2307 861 2390 Μωσῆς
878 2305 1064 2390 γεγονέναι,

95 2406 151 2472 καί
165 2407 223 2473 τοῦ
232 2401 381 2493 Ἀβραὰμ
389 2411 569 2492 κρείττονα.
595 2408 744 2490 εἰσῆκται
753 2408 837 2491 γοῦν
849 2402 907 2472 τόυ
916 2401 1064 2493 Ἀβραὰμ

96 2501 254 2592 εῦλογοῦν.
297 2510 409 2575 τοιοῦτ
420 2503 445 2587 ’ς
469 2534 519 2586 τις
543 2495 586 2593 ῆν
609 2507 665 2574 καί
689 2510 787 2591 Νῶε,
812 2502 992 2593 ἅνθρωπος
1014 2510 1066 2573 δί-

94 2635 187 2687 καιος
203 2609 239 2676 ἐν
255 2610 297 2697 τῆ
314 2613 413 2698 γευεῆι
432 2602 548 2694 αῦτοῦ,
567 2601 608 2677 ὃν
625 2608 680 2676 καὶ
700 2603 852 2695 ζωπυρον
872 2608 1002 2695 σπέρμα
1019 2613 1064 2697 τῷ

53 2737 82 2779 25
94 2709 185 2796 γένει
203 2712 271 2777 των
288 2704 482 2797 ἀνθρώπων
502 2711 537 2777 ἐν
555 2710 597 2798 τῆ
613 2712 673 2778 τοῦ
699 2712 932 2796 κατακλυσμοῦ
950 2715 1065 2798 φθορᾷ
1076 2731 1118 2780 (1³¹¹

73 2806 232 2879 ,πάντων
249 2813 317 2879 τῶν
337 2811 391 2878 ἐπὶ
415 2817 475 2900 γῆς
493 2808 735 2898 ἀπολλυμένων
760 2805 775 2880 ὃ
794 2817 862 2880 των
880 2808 968 2880 ὅλων
986 2801 1064 2889 θεὸς

96 2908 308 2999 διεφύλαξεν.
350 2915 380 2981 4.
400 2909 502 2981 οῦδὲν
520 2916 604 2999 γοῦν
621 2909 702 2982 οῦδὲ
726 2902 823 2994 οῦτος
840 2915 910 2981 νῦν
924 2908 1065 2981 Ἰουδαῖ-

94 3016 166 3082 νῦν
184 3015 276 3084 ἐθῶν
302 3011 536 3102 ἐπιστάμενος,
567 3011 644 3084 οῦτε
671 3018 707 3083 ἐν
730 3016 891 3104 περιτομῆ
914 3013 1064 3101 σωματος

93 3112 155 3186 οῦν
162 3109 228 3185 ’ἐν
245 3131 313 3196 τοῖς
328 3111 439 3195 ἄλλοις
452 3133 520 3198 τοῖς
538 3110 603 3185 ῦπό
621 3117 770 3198 Μωσέως
786 3117 1063 3204 διατεταγμένοις,

54 3244 184 3306 ωομως
204 3222 347 3305 δίκαιος,
367 3223 474 3288 ἰκαί
488 3248 536 3301 τις
554 3214 704 3306 ῦλλος,’
687 3215 916 3307 ανῆγόρενται
958 3221 989 3285 5.
1009 3219 1064 3284 καὶ

95 3315 161 3439 πρό
178 3346 217 3407 γε
233 3315 388 3390 τούτουὸ
404 3306 522 3410 Ενωχ,
541 3349 576 3400 ος
594 3322 650 3389 καί
665 3323 793 3442 λέγεται
808 3317 1064 3407 εῦῆρεστῆκίναι

94 3424 142 3515 τεῦ
159 3426 230 3515 θεω
255 3423 310 3491 καὶ
328 3435 587 3511 μετατεθεῖσθαι
608 3452 651 3504 ως
670 3452 713 3512 μῆ
704 3417 1000 3513 εῦριθκεσθαι’
959 3427 1062 3490 αυτοῦ

142 3551 283 3588 nummus
304 3551 350 3591 ιιι.
878 3534 901 3597 ῗι
