2326 3818
129 123 171 185 42
269 95 272 102 ’
539 124 689 176 ωοοοοιῐ

103 284 114 322 d
131 267 271 353 κυνηταλ
289 261 582 385 προσκυνήσουσιν
600 261 676 335 οὔτε
691 269 727 334 έν
746 269 791 358 τῷ
805 262 875 386 ὄρει
893 261 1000 358 τοότφ
1019 262 1099 335 οὔτε

61 362 396 454 ΙΙ141ἐυΙερουσαλὴμ
423 370 469 460 τῷ
496 373 611 456 πατρί
652 369 784 456 πνεῦμα
803 364 865 455 γάρ
884 362 901 436 5
920 366 1016 454 θεὸς,
1041 370 1098 438 καὶ

130 466 206 552 τούς
225 471 497 558 προσκυνοῦντας
514 465 616 538 αὐτόν
641 471 678 538 ἐν
695 467 860 557 πνεύματι
878 471 933 538 καὶ
951 463 1098 562 άληθείᾳ

133 577 185 641 δεῖ
202 565 437 657 προσκννεῖν.”

205 678 254 742 41.
280 675 348 743 Καὶ
366 675 468 742 ταυτα
481 670 662 760 φήσαντος,
681 674 881 760 παραχρῆμα
895 673 951 742 καὶ
968 669 1030 741 οὐκ
1049 679 1125 756 είςι

129 773 256 863 μακρόν
283 774 577 863 πολιορκηθέντων
606 775 673 841 τοῖν
694 767 949 862 Ἱεροσολύμων,
980 770 1097 844 τοῦτ’

129 872 251 947 αὐτόθι
268 872 471 963 ἁγιάσματος
489 876 544 944 καὶ
562 877 621 944 τοῦ
639 871 721 961 πρός
739 871 830 967 αὐτῷ
848 882 1098 963 θυσιαστηρίου

128 983 186 1066 τῆς
204 1007 240 1047 τε
254 975 472 1047 κατᾶΜωσέα
485 984 638 1065 λατρείας
657 973 739 1046 κατά
752 968 814 1065 τὴν
833 971 937 1046 αὐτοῦ
944 979 1099 1060 Μωσέως

131 1077 280 1161 διάταξιν
298 1084 554 1170 περιῃρημένης,
572 1075 743 1166 άνέφανεν
757 1086 804 1160 είς
821 1075 947 1158 πάντας
963 1075 1099 1167 ἄνθρω-

131 1208 214 1261 πους
232 1182 288 1249 καὶ
312 1183 496 1269 ἐξέλαμψεν
518 1175 538 1268 5
562 1175 745 1268 άρχέτυπος
763 1184 830 1250 τῶν
857 1177 920 1266 πρό
944 1184 1098 1263 Μωσέως
1112 1213 1138 1255 ιο

88 1280 90 1284 ’
130 1284 303 1371 θεοφιλοὶν
319 1280 456 1371 ἀνδρῶν
470 1278 633 1370 εὐσέβεια,
652 1279 722 1368 ἥτε
741 1279 786 1350 δι’
808 1277 911 1368 αὐτῆς
929 1285 1010 1352 πᾶσι
1028 1297 1099 1365 τοῖς

49 1385 54 1396 '
130 1392 268 1456 ἔθνεσιν
286 1388 515 1510 55577555555
533 1380 718 1471 εὐλογία,’
699 1380 765 1452 από
783 1387 843 1454 τοῦ
856 1380 990 1471 πρώτου
1008 1390 1100 1470 βαθ-

77 1514 118 1565 με)
129 1491 193 1575 μοῦ
210 1490 266 1557 καὶ
283 1484 348 1557 άπό
366 1492 423 1575 τῆς
442 1484 586 1657 πράτηςί
592 1482 828 1574 στοιχειωσεως
846 1489 904 1573 τῆς
918 1483 1001 1553 κατὰ
1013 1495 1100 1556 Μω-

95 1593 189 1659 σέα
208 1595 360 1710 λατρείας
375 1586 496 1659 έπὶτὸυ
511 1595 683 1675 κρείττονα
697 1588 753 1657 καὶ
771 1585 974 1675 τελειότερον
992 1610 1100 1675 προσ-

129 1689 258 1779 άγονσα
275 1688 351 1771 τοὺς
373 1688 572 1778 προσιόντας
589 1684 673 1779 αὕτη
658 1695 726 1776 βί
725 1718 773 1759 ον.
804 1693 855 1758 42.
876 1685 995 1758 αὐτίκα
1014 1693 1099 1810 5055
1113 1719 1140 1762 ιι

129 1821 197 1862 των
214 1797 388 1881 μακαρίων
413 1794 551 1862 ἐκείνων
574 1785 629 1859 καὶ
647 1793 830 1879 θεοφιλων,
850 1819 918 1860 των
934 1784 1072 1878 άμφὶ
1038 1819 1099 1861 τον

128 1891 274 1983 Ἀβραάμ
293 1896 395 1980 λέγω,
415 1889 477 1962 οὐκ
490 1890 730 1981 ἀφωρισμένως
749 1901 786 1962 έν
803 1921 870 1961 τινι
887 1888 977 1960 τόπω
996 1912 1099 1980 προσ·

130 1994 342 2116 κυνοάντων,
369 1991 450 2064 οὐδε
474 1992 530 2064 διά
552 1990 738 2083 συμβόλων
756 1995 811 2063 καὶ
830 1991 962 2080 τόπων,
982 1988 1054 2062 ἄλλ’
1076 1983 1101 2084 5

131 2118 235 2220 φησιν
258 2091 275 2164 5
287 2094 411 2182 σωτὴρ
435 2098 490 2165 καὶ
513 2094 627 2183 κύριος
648 2093 744 2184 ἡμων
769 2090 829 2164 “ἐυ
852 2093 1019 2184 πνεύματι
1043 2098 1099 2165 καὶ

130 2193 307 2289 άληθεία,”
328 2192 351 2285 5
373 2195 428 2266 διά
450 2199 507 2286 τῆς
531 2201 591 2267 τοῦ
609 2204 756 2285 σωτῆρος
780 2194 876 2285 ἡμων
899 2200 1099 2284 ἐπιφανείας
1113 2227 1141 2270 εο

130 2297 235 2371 ἅπασι
257 2316 325 2382 τοῖς
350 2307 488 2371 ἔθνεσιν
505 2296 669 2388 ὑπῆρξεν,
700 2303 768 2369 τῶν
790 2297 892 2368 πάλαι
915 2301 1100 2386 προφητῶν

130 2404 186 2472 καὶ
215 2404 312 2473 τοῦτο
341 2398 616 2492 τεθεωρηκότων·
661 2404 751 2489 λέγει
782 2396 815 2471 δ’
847 2390 910 2471 οὖν
940 2397 1100 2488 άυτικρυς

101 2512 302 2594 οΣοφονίας
315 2498 580 2593 “έπιφανήσεται
598 2502 712 2591 κύριος
731 2500 783 2573 ἐπ’
805 2498 937 2592 αότοός,
956 2505 1012 2572 καὶ
1031 2506 1100 2586 ἐξο-

131 2604 308 2692 λοθρεύσει
332 2603 458 2686 πάντας
481 2604 559 2686 τοὺς
585 2602 687 2686 θεοὺς
709 2634 777 2676 των
800 2608 913 2675 ἐθνῶν
943 2608 1001 2692 τῆς
1022 2607 1100 2727 μῆς,

130 2707 186 2775 καὶ
217 2703 510 2795 προσκυνήσουσιν
541 2703 648 2800 αὐτῷ,
679 2709 814 2788 ἕκαστος
839 2710 876 2776 ἐκ
904 2710 963 2774 τοῦ
994 2703 1099 2776 τόπου
1113 2735 1141 2778 ει

135 2802 282 2877 αὐτων.”

208 2913 259 2978 43.
275 2902 310 2979 0
329 2909 366 2979 δε
384 2903 594 2998 Μαλαχίας’
578 2913 661 2998 ομοῦ
675 2907 757 2998 πρὸς
769 2907 847 2990 τούς
866 2911 903 2977 έκ
920 2912 1099 2998 περιτομῆς

130 3007 355 3098 άποτείυεται,
374 3013 429 3080 καὶ
447 3013 524 3100 περὶ
542 3015 610 3082 τοῖν
635 3015 746 3082 ἐθνῶν
765 3017 871 3080 ταῦτα
894 3036 1100 3099 προαναφω-

131 3129 200 3202 υεῖ,
226 3109 367 3202 φάσκων
387 3106 472 3183 “οὐκ
503 3119 572 3182 ἔστι
602 3143 667 3203 μου
693 3115 842 3202 θέλημα,
871 3113 960 3200 λέγει
984 3110 1099 3200 κύριος

131 3213 385 3307 παντοκράτωρ,
418 3217 473 3285 καὶ
503 3222 631 3285 θυσίαν
653 3211 694 3285 05
718 3216 941 3304 προσδέξομαι
971 3216 1100 3284 ἐκτῶν
1113 3241 1140 3282 ιο

199 3449 232 3497 23
250 3445 333 3511 Soph.
346 3450 371 3511 2,
386 3451 426 3501 ll.
529 3449 562 3497 29
575 3447 648 3518 Mal.
662 3452 685 3511 1,
700 3450 740 3497 11.
