2326 3818
355 152 538 205 οειιοκετ.
557 152 688 204 ενιαο.
706 155 739 206 x,
760 156 782 206 1.
1002 151 1063 215 627

97 302 152 378 ξεν
173 290 309 363 ἀδικίαν
336 295 454 384 ἑαυτῇ·
489 291 701 381 ἐξερχόμενος
727 292 763 361 δὲ
791 297 852 374 ἔξω
884 291 1062 363 κατελάλει.

98 393 319 485 ὁμοθυμαδὸν
337 393 532 480 ἐψιθύριζον
548 391 619 463 κατ’
641 397 721 481 ἐμοῦ
739 391 861 473 πάντες
880 401 916 463 οί
929 401 1065 483 μισοῦν-

95 500 149 577 τές
173 525 231 586 με,
255 499 331 582 περὶ
351 501 432 584 ἐμοῦ
456 498 648 576 ἐννοοῦντες
673 493 758 564 κακά
782 525 846 582 μοι.
892 501 938 564 17.
968 497 1064 585 λόγος

96 599 288 687 παράνομος
308 601 462 687 ἐκκέχντο
481 603 582 667 ἔνδον
599 593 723 684 αύτών,
750 598 805 666 καίΙ
824 594 937 667 πεσών
954 595 1065 668 οῦκέτι

71 696 327 790 τάναστήσεται.
366 697 451 768 ἀλλὰ
470 700 524 768 καὶ
543 697 740 787 ἅνθρωπος,
767 695 802 778 ὃς
828 698 981 787 είρήνευέ
996 729 1063 787 μοι,

98 793 124 896 ᾦ
143 805 350 887 ἐπεποίθειν,
369 808 563 872 σννεσθίων
580 830 635 891 μοι
653 799 755 887 ἀρτον
774 798 864 890 ἐμόν,
883 830 1064 889 κατεμεγα-
1150 805 1156 821 ''

97 901 207 992 λύνθη
233 931 298 991 μου
323 898 536 988 ἀκολούθως,
568 903 612 973 σύ
638 905 674 973 δέ
701 903 796 994 κύριε
823 902 988 989 οίκτειρόν
1011 931 1064 992 με,

95 1007 151 1074 καὶ
169 1002 343 1094 ἀνέγειρόν
361 1034 413 1093 με,
432 1011 488 1074 ἵνα
502 1000 729 1076 ἀνταποδώσω
745 1003 867 1088 αὐτοῖς.
898 1003 953 1077 διὰ
966 1010 1065 1076 τοῦτο

96 1104 265 1196 γνώσομαι
283 1104 333 1176 ότι
351 1104 523 1195 θελήσεις,
544 1104 603 1175 ἐὰν
618 1105 664 1194 μη
679 1106 890 1198 καταλαλήση
909 1106 926 1177 ὁ
946 1105 1064 1196 ἐχθρός
1080 1137 1093 1176 ι

58 1236 170 1296 ιομου.
213 1213 293 1297 ἐμοῦ
312 1208 349 1277 δέ
367 1206 423 1276 διὰ
446 1205 508 1294 την
533 1203 701 1296 ἁπλότητα
719 1205 897 1297 ἀντέσχον,
925 1213 981 1278 καὶ
1005 1238 1065 1278 πα·
1123 1266 1126 1274 .

97 1307 271 1398 ραστήσεις
289 1338 330 1398 με
349 1309 540 1396 ἔμπροσθέν
564 1331 626 1378 σου
652 1305 697 1378 δι’
724 1308 873 1390 αίώνος.”
918 1314 966 1378 18.
998 1318 1065 1379 ίσο-

97 1418 244 1498 δνναμεί
261 1410 298 1478 δέ
315 1426 383 1489 τοῖς
400 1412 461 1478 τοῦ
475 1407 660 1497 Συμμάχου
679 1413 733 1479 καί
747 1408 787 1478 τὰ
799 1407 947 1480 Ἀκύλαν.
977 1413 1064 1495 πρώ-

95 1541 154 1581 τον
171 1503 233 1579 οῦν
250 1513 327 1595 περὶ
349 1513 410 1579 τοῦ
434 1516 549 1580 δοκεῖν
571 1508 797 1600 ῦπεμφαίνειν
823 1515 858 1580 ἐκ
882 1509 1065 1598 προσώπου

94 1616 154 1680 τοῦ
173 1614 319 1698 σωτῆρος
337 1605 433 1699 ἡμῶν
451 1609 488 1680 τό
499 1613 686 1699 εἰρημένον,
704 1610 740 1681 τό
751 1607 864 1681 “laam
878 1611 939 1699 τὴν
953 1611 1065 1699 ψυχήν

58 1738 177 1800 τιμον,
202 1708 252 1780 ότι
275 1710 423 1801 ἥμαρτόν
446 1708 535 1800 σοι,”
559 1711 713 1800 τηρήσεις
735 1712 772 1782 τὸ
796 1713 885 1800 παρὰ
903 1717 948 1806 τῷ
968 1725 1065 1802 Συμ-

95 1811 189 1906 μάχῳ
216 1812 261 1904 μὴ
285 1813 390 1896 οὕτως
416 1822 509 1904 ἔχον,
537 1809 749 1885 ἀλλὰ“ίασαι
772 1812 833 1903 τὴν
858 1813 970 1904 ψυχήν
988 1844 1064 1903 μου,

96 1918 151 1985 καὶ
178 1922 208 1986 εί
231 1914 379 2006 ἥμαρτόν
403 1913 489 1987 σοι.”
538 1920 594 1987 καὶ
617 1913 722 1999 οὕτως
754 1918 791 1987 δέ
821 1916 917 1988 τοῦτό
948 1941 1064 2006 φησιν,

97 2016 213 2107 ἐπειδὴ
232 2016 289 2100 τὰς
308 2018 468 2107 ἡμετέρας
486 2035 670 2091 κοινοποιεί
686 2027 732 2102 είς
752 2017 873 2091 ἑαυτὸν
895 2015 1064 2109 ἁμαρτίας.

98 2124 145 2189 19.
176 2118 228 2188 διό
253 2123 401 2189 λέλεκται
414 2118 500 2189 “nal
517 2120 631 2209 κύριος
655 2126 850 2208 παρέδωκεν
869 2119 970 2193 αὐτόν
994 2139 1065 2201 ταῖς

57 2246 83 2285 ιο
96 2215 271 2309 ἁμαρτίαις
301 2216 427 2308 ἡμών’”
473 2222 529 2289 καί
548 2217 675 2300 “abtas
699 2220 756 2302 τὰς
788 2219 948 2310 ἁμαρτίας
971 2221 1065 2307 ἡμῶν

94 2319 218 2411 φέρει.”
255 2326 305 2389 20.
326 2323 444 2408 γέγονε
461 2324 547 2409 γοῦν
562 2319 647 2406 ὑπὲρ
666 2317 761 2410 ἡμῶν
779 2322 905 2408 κατάρα
923 2321 940 2391 ό
958 2320 1060 2408 ἀμνὸς
1075 2354 1130 2404 μοι)

94 2427 155 2493 τοῦ
172 2427 255 2493 θεοῦ
273 2419 291 2491 ό
310 2433 415 2507 αίρων
431 2418 494 2509 τὴν
511 2416 676 2510 ἁμαρτίαν
693 2425 754 2490 τοῦ
772 2420 912 2502 κόσμου·
949 2418 988 2489 ὃν
1006 2425 1062 2490 καὶ

94 2522 139 2612 μὴ
164 2521 287 2612 γνόντα
310 2522 475 2611 ἁμαρτίαν
501 2521 518 2592 ὁ
547 2521 627 2605 θεός
656 2521 742 2609 ὑπὲρ
773 2518 868 2612 ἡμῶν
898 2517 1064 2611 ἁμαρτίαν

95 2629 253 2713 ἐποίησεν
261 2620 288 2710 ,”
312 2623 497 2716 ἀντίψνχον
514 2619 599 2713 ῦπέρ
618 2623 754 2696 πόντων
771 2620 866 2713 ἡμῶν
883 2628 1063 2712 προέμενος

56 2724 218 2811 ιεαύτόν,
245 2723 331 2796 “ίνα
360 2725 454 2816 ἡμεῖς
485 2726 663 2816 γενώμεθα
694 2725 891 2817 δικαιοσύνη
917 2731 1000 2797 θεοῦ
1028 2732 1064 2798 ἐν

95 2821 212 2916 αύτῷ.”
250 2822 326 2895 ἀλλ’
347 2831 418 2897 ἐπεὶ
436 2831 491 2897 καλ
511 2834 548 2899 ἐν
564 2824 744 2919 ὁμοιώματι
763 2829 884 2917 σαρκὸς
903 2825 1064 2918 ἁμαρτίας

95 2924 273 3015 γενόμενος
298 2929 471 3015 κατέκρινε
495 2926 567 3025 τὴνΙ
579 2925 744 3017 ἁμαρτίαν
764 2935 799 3000 ἐν
817 2934 858 3020 τῇ
876 2935 992 3017 σαρκὶ,
1020 2939 1063 3001 εί-

95 3026 198 3109 κότως
216 3032 418 3117 προφέρεται
436 3028 475 3098 τὰ
495 3033 676 3118 ἐκκείμενα.
718 3037 768 3102 21.
788 3028 838 3102 ότι
858 3034 894 3102 δὲ
912 3033 969 3112 τάς
987 3029 1063 3119 ἡμε-

94 3135 197 3214 τέρας,
215 3124 376 3219 ἁμαρτίας
408 3130 667 3222 ἐξοικειούμενος
693 3132 748 3202 διά
776 3132 838 3221 τὴν
868 3132 949 3216 πρὸς
978 3129 1064 3219 ἡμᾶς

56 3267 82 3307 30
95 3230 229 3321 ἀγάπην
246 3234 301 3301 καὶ
325 3241 588 3324 φιλανθρωπίαν
610 3233 717 3304 ταῦτά
739 3258 861 3323 φησιν,
887 3238 961 3322 ἑξῆς
979 3234 1065 3307 ὑπο·
1081 3271 1093 3310 ι

95 3383 298 3390 --—-—--.-..—-

165 3469 196 3517 15
215 3470 231 3516 2
250 3467 312 3518 Cor.
331 3468 355 3530 5,
375 3469 415 3516 21.

829 3552 892 3613 Q*
