2326 3818
130 114 190 179 178
530 114 678 166 EUSEBII

128 258 281 344 λέγοντος
300 249 363 325 “ού
387 252 579 344 φονεύσεις,
602 251 644 325 ού
661 252 864 345 μοιχεύσεις,
889 252 930 326 ού
949 256 1097 344 κλέψεις,

128 353 168 428 ού
187 353 551 448 ψευδομαρτυρήσεις,”
578 360 801 445 συκοφαντῶν
819 352 922 426 αύτύν
941 359 1101 445 διίβαλλί

99 486 113 527 ο
128 488 176 540 τις
207 462 315 548 λέγων
346 465 501 552 εἰρωνείᾳ
524 462 629 529 ταῦτα
652 455 758 546 φάναι
782 461 837 528 καί
861 455 1096 547 προσποιήσει·

129 567 177 633 70.
197 559 381 650 βούλεσθαι
403 561 465 650 μὲν
487 558 550 649 γάρ
573 557 652 641 τούς
676 554 846 648 ὑπηκόους
864 562 918 630 καί
935 558 1101 648 φονεύειν

127 667 182 733 καὶ
206 661 375 752 μοιχεύειν
399 664 454 731 καὶ
478 658 639 732 τάναντία
656 658 814 751 πράττειν
836 657 887 743 οἷς
904 673 1124 752 νομοθετετ,ε

127 775 385 854 προσποιεῖσθαι
398 769 418 832 δ
421 763 700 852 δσχηματίζεσθαι
713 764 768 832 καί
780 770 1099 851 καθυποκρίνεσθαι

126 866 185 937 τὸν
209 860 332 954 σεμνάν
356 870 442 952 βίον.
485 863 587 955 ταύτη
605 860 669 954 γάρ
687 865 744 933 καὶ
767 862 825 945 τάς
842 869 909 935 τῶν
927 860 1100 954 παρ’Ἕλ-

128 977 203 1055 λησι
227 962 424 1055 φιλοσόφων
447 960 622 1055 ὑποθήκας
646 962 820 1054 διαβάλλοι
845 963 887 1035 άυ
911 992 959 1047 τις
977 963 1038 1036 τόν
1061 994 1099 1037 τε

128 1064 325 1158 καρτερικὸν
342 1070 492 1155 βίονκαὶ
509 1066 586 1148 τούς
600 1064 718 1155 λόγους
732 1064 845 1137 αύτιόν
862 1065 1011 1157 πάντων,
1029 1065 1099 1156 φά-

128 1191 219 1239 σκων
245 1173 403 1250 ἐναντίως
426 1169 488 1259 μὲν
511 1186 579 1252 τοϊς
603 1165 907 1259 ἀναγεγραμμένοις
926 1174 1098 1240 διατεθεί-
1110 1196 1138 1237 ιο

128 1283 209 1342 σθαι
228 1266 350 1353 αύτούς
369 1272 424 1340 καὶ
442 1267 728 1359 ἀναβεβιωκέναι,
747 1273 1040 1360 προσπεποιήσθαι
1059 1270 1099 1341 δὲ

59 1403 115 1456 (118)
129 1368 210 1444 καθ’
230 1367 408 1463 ὑπόκρισιν
424 1372 484 1443 τὸν
495 1371 682 1462 φιλόσοφον
697 1374 786 1442 ἑλεῖν
800 1378 884 1460 βίον.
923 1378 972 1441 71.
991 1367 1099 1455 οὑτως

129 1478 168 1546 δέ
183 1504 230 1557 τις
250 1477 305 1545 καὶ
323 1473 431 1557 πάσας
449 1474 562 1556 ἁπλῶς
581 1481 688 1545 εἰπεῖν
701 1469 760 1554 τάς
773 1477 841 1544 τῶν
853 1475 1007 1543 παλαιῶν
1025 1479 1099 1544 δια·

127 1575 244 1665 βάλλοι
261 1572 304 1646 άν
322 1581 483 1666 ἱστορίας,
502 1572 636 1647 άθετων
648 1571 711 1664 τήν
729 1579 767 1645 ἐν
784 1571 901 1657 αύταίς
919 1572 1098 1665 άλήθειαν,

127 1681 183 1748 καί
217 1685 263 1758 είς
294 1674 492 1748 τούναντίον
515 1676 554 1746 τά
585 1674 774 1765 δηλούμενα
797 1675 1096 1767 παρεκδεχόμενος.
1113 1706 1138 1749 ιε

129 1785 178 1848 72.
198 1776 272 1848 ἀλλ’
295 1773 340 1860 ὑς
358 1777 419 1849 ούκ
437 1775 480 1848 άν
496 1807 544 1859 τις
562 1773 715 1866 ύκνήσειε
732 1783 801 1848 τῶν
820 1769 858 1848 εὑ
876 1776 1099 1867 φρονούντων

127 1890 310 1975 μαίνεσθαι
333 1881 392 1952 τὸν
409 1884 561 1951 τοιοῦτον
578 1877 837 1968 ἀποφήνασθαι,
862 1878 949 1950 οὕτω
967 1881 1022 1949 καὶ
1042 1883 1100 1951 ἐπὶ

127 1987 194 2053 των
217 1990 276 2052 τοῦ
300 1985 447 2070 σωτῆρος
475 1979 584 2069 λόγων
606 2007 642 2050 τε
667 1984 722 2051 καί
744 1978 973 2070 μαθημάτων,
1000 1991 1035 2051 εί
1047 2010 1099 2064 τις

127 2082 271 2171 τάληθὲς
290 2085 502 2173 διαστρέφων
518 2081 580 2171 τήν
595 2086 751 2153 ἐναντίαν
764 2079 815 2164 οίς
830 2087 986 2153 ἐδίδασκε
1003 2110 1099 2171 περι·

127 2184 264 2274 βάλλειν
288 2181 377 2278 αύτῷ
405 2181 506 2268 δόξαν
524 2188 674 2278 πειρῷτο.
719 2188 767 2253 73.
788 2181 876 2273 πλήν
893 2177 969 2253 ἄλλ’
990 2182 1139 2275 ἐδύθηεο

126 2290 303 2358 καὶτοῦτο
327 2281 371 2369 ὑς
397 2290 434 2357 ἐν
455 2284 634 2375 ὑποθέσει,
658 2284 747 2367 ὅπως
774 2289 829 2356 καί
848 2288 884 2355 ἐκ
901 2292 1098 2375 περιουσίας

127 2392 181 2461 καί
202 2393 238 2463 ἐν
255 2385 367 2484 άτύπφ
381 2387 590 2480 συγχωρήσει
607 2386 644 2458 τὸ
658 2385 846 2459 άσύστατον
858 2391 917 2458 τού
932 2384 976 2456 δι’
1000 2390 1098 2458 ἐναν-

99 2501 199 2574 ετιάς
218 2490 320 2582 λύγου
338 2496 440 2583 φανῇ.

204 2598 254 2663 74.
270 2591 509 2761 Ἐληλεγμίίνον
528 2597 611 2679 δῆτα
629 2588 748 2660 τούτου
757 2592 867 2680 ,φέρε
881 2587 1099 2713 άγαδραμύν-

54 2691 58 2698 ’
126 2722 180 2775 τες
199 2694 301 2764 ἐπὶ
266 2724 328 2782 την
341 2722 408 2763 των
423 2695 524 2778 ίερων
541 2696 682 2812 γραφῶν
699 2687 909 2779 άλήθειαν
877 2720 912 2762 το
926 2682 1010 2781 ἦθος
1027 2719 1099 2764 των
1110 2718 1140 2763 κε

128 2824 187 2865 τον
172 2793 307 2883 Ἰησοῦ
332 2796 494 2884 μαθητων
516 2791 730 2884 θεασαίμεθα.
777 2791 925 2864 αὐτόθεν
948 2784 1074 2882 μὲν
1034 2822 1099 2864 ουν

75 2926 170 2981 [τηαν
193 2925 241 2977 τις
266 2887 304 2966 εὑ
329 2924 467 2986 φρονωυ
492 2898 563 2977 πως
588 2892 630 2965 ού
655 2893 762 2983 πάσης
787 2890 954 2985 άποδοχής
973 2890 1098 2978 αύτούς

127 2995 240 3082 άξίονς
258 3004 422 3088 κρίνειεν,
442 2995 568 3088 ἄνδρας
586 2997 648 3087 μὲν
667 2992 811 3078 εύτελείς
824 2990 1099 3086 ὁμολογουμένως

127 3099 237 3171 καὶ
206 3129 265 3172 τον
287 3097 389 3188 λόγον
412 3097 565 3189 ίδιύτας,
590 3096 749 3187 εύσεβούς
773 3098 811 3169 δὲ
833 3101 889 3168 καὶ
906 3095 1098 3187 φιλοσόφου

129 3208 348 3283 διδασκαλίας
374 3209 421 3285 είς
447 3208 552 3292 ἔρωτα
570 3198 839 3291 συμβεβηκότας,
864 3202 919 3270 καὶ
938 3202 1139 3288 στέρξειν-ω

127 3333 184 3385 τας
203 3312 279 3393 βιόν
297 3303 492 3395 καρτερικὸν
510 3306 565 3374 καὶ
585 3308 763 3390 ἐπίπονον,
783 3298 838 3371 διά
854 3304 1030 3392 νηστειῶν,
1048 3312 1096 3372 οί·

128 3433 189 3475 νου
207 3435 242 3477 τε
260 3407 316 3476 καὶ
335 3410 442 3498 κρεῶν
460 3404 602 3497 άποχης,
622 3408 677 3476 καὶ
695 3411 850 3494 πλείστης
864 3401 964 3493 άλλης
982 3429 1096 3473 ταπει-
