2326 3818
135 111 199 174 5&
539 111 692 162 πων

136 248 350 372 ραζόμενος“
331 250 397 320 υπὸ
419 256 479 320 τοῦ
504 254 659 337 Σατανᾶ,
686 240 785 319 καὶ
766 279 832 374 ην,
851 280 895 332 ως
918 279 935 320 ο
963 248 1100 341 εύαχχε-

136 350 249 438 λιστὴς
266 368 446 473 μαρτυρεῖ,
472 349 554 440 μετὰ
577 354 646 421 τῶν
669 346 832 439 θηρίων.”
874 358 903 420 ὁ.
928 359 1036 422 ποίων
1064 355 1102 424 δὲ

136 451 264 523 τούτων
294 449 329 623 ἦέ
343 441 391 524 νῦν
421 449 622 541 μνημονεύει
652 450 670 521 ὁ
694 449 776 541 μετά
805 468 917 541 χεῖρας
953 453 1102 543 Ψαλμός,

137 553 218 644 πρὸς
235 552 294 624 τόν
313 558 348 625 ἐν
366 561 500 645 βοηθεί
488 583 509 622 α
527 556 586 623 τοῦ
605 551 749 635 ὑψίστου
763 557 978 624 κατοικοῦντα
992 559 1102 642 λέγων

69 651 209 740 μιο]“ἐπὶ
237 653 365 725 ἀσπίδα
388 657 444 725 καὶ
468 662 665 742 βασιλίσκου
684 653 846 743 ἐπιβήση,
872 657 928 724 καλ
953 684 1127 726 καταπα-τ

135 755 247 846 ιη’σεις
278 759 396 827 λέοντα
423 762 480 825 καλ
510 753 711 845 δράκοντα.”
763 752 803 826 ού
833 755 939 845 μόνον
971 760 1007 827 δὲ·
1036 757 1119 844 ἀπὸι

135 858 265 929 τούτων
284 855 521 946 ῥυσθήσεσθαι
543 856 602 926 τὸν
627 853 749 944 αῦτὸν,
775 855 860 926 ἀλλά
884 860 939 927 καὶ
964 856 1029 929 ἀπὸ
1048 858 1102 930 λό-

67 993 122 1043 ιιιη
137 989 200 1047 γον
218 957 433 1048 ταραχώδους
451 965 564 1046 φησίν.
607 963 636 1026 6.
661 965 711 1038 τίς
730 956 762 1026 δ’
789 955 832 1027 ἀν
856 970 907 1047 εἴη
932 962 988 1029 καὶ
1006 950 1102 1042 οὗτος

136 1054 161 1147 ἦ
178 1057 281 1148 όνπερ
300 1055 391 1152 αύτῷ
408 1058 604 1148 προύτεινεν
628 1056 645 1128 ὁ
673 1057 838 1150 πειράζων
857 1059 992 1131 κατὰτὸ
1011 1060 1103 1151 ίερὸν

137 1156 349 1248 εύαχχέλιον;
1099 1202 1101 1205 ·
1115 1193 1141 1232 ιο

214 1268 242 1332 7.
278 1262 320 1332 Τὸ
341 1260 373 1330 δ’
395 1273 504 1331 αἴτιον
521 1264 583 1331 τοῦ
601 1258 817 1350 πειράζεσθαι
834 1260 892 1332 τόν
906 1271 1104 1350 τηλικοῦτον

136 1367 268 1453 σωτηρα
286 1361 381 1453 ἡμῶν
395 1367 562 1451 σκοτιησαι
575 1358 677 1445 ἀξιον.
713 1364 844 1452 μέλλων
863 1368 896 1446 ἐξ
909 1359 1103 1453 ἀνθρώπων

137 1470 249 1535 πᾶσαν
267 1463 370 1534 νόσον
388 1467 444 1535 καὶ
463 1468 576 1534 τασαν
593 1471 763 1553 μαλακίαν
785 1463 825 1534 τά
848 1494 884 1535 τε
903 1469 1102 1555 ἐνοχλοῦντα

137 1565 309 1655 πνεύματα
328 1568 382 1635 καὶ
410 1563 487 1646 τοῦς
512 1563 725 1655 ἀκαθάρτους
749 1573 909 1654 δαίμονας
930 1570 962 1649 ἐξ
981 1574 1103 1649 αίῦυος

53 1711 58 1716 -
136 1672 267 1758 μακροῦ
284 1671 352 1738 τῶν
370 1669 424 1736 ἐπὶ
442 1670 502 1756 γης
520 1664 657 1739 πόντων
683 1666 737 1737 διὰ
760 1665 818 1755 τῆς
842 1671 1015 1738 πολυδέου
1033 1676 1103 1738 δει-
1117 1696 1142 1738 15

137 1775 347 1857 σιδαιμουίας
382 1766 625 1857 κεκρατηκότας
662 1766 840 1855 ἐλαύνειν,
876 1766 938 1838 οῦκ
973 1773 1009 1838 ἐκ
1044 1775 1103 1840 τοῦ

136 1867 288 1958 ἀφανοῦς
320 1869 431 1956 ὥσπερ
464 1867 745 1959 ἐπικρυπτόμενος
782 1872 836 1938 ἐπὶ
870 1869 910 1938 τὰ
945 1872 1102 1960 εἰρημένα

137 1969 275 2061 παρῄει,
307 1987 375 2052 τοῖς
406 1973 650 2058 παρευοχλοῦσι
688 1972 726 2040 δὲ
760 1968 922 2060 πρότερον
950 1966 1102 2058 ἀοράτοις

108 2068 277 2167 οάρχουσι
297 2067 345 2140 δι’
366 2062 407 2140 οῦ
425 2067 609 2159 ἀνείληφεν
626 2069 812 2160 ἀνθρώπου
832 2069 1103 2160 ἐπιστρατεύσας,

137 2174 194 2241 καὶ
219 2179 266 2252 εἰς
289 2174 392 2261 μέσον
415 2168 519 2242 αὐτοῦ
547 2179 606 2242 τοῦ
632 2172 792 2262 διαβόλου
816 2176 873 2241 καὶ
897 2175 1019 2255 παντὸς
1042 2181 1103 2243 τοῦ
1116 2202 1142 2243 ιο

138 2281 335 2363 δαιμονικοῦ
366 2282 506 2363 στίφους
537 2273 737 2365 παρελθών,
771 2272 887 2361 ἐπιβάς
917 2303 954 2344 τε
985 2274 1103 2346 ἀσπίδι

26 2403 31 2416 ’
137 2377 193 2446 καὶ
217 2382 419 2470 βασιλίσκφ,
453 2379 511 2446 καὶ
535 2375 769 2465 καταπατήσας
799 2379 918 2446 λεόυτα
942 2379 998 2445 καὶ
1024 2375 1103 2466 δρά-

137 2507 256 2565 κοντα,
275 2481 331 2548 καὶ
349 2475 437 2548 πολύ
456 2475 618 2567 πρότερον
637 2475 794 2548 καθελών
811 2482 879 2546 τῶν
895 2475 1103 2567 ἀρχουτικῶν

137 2576 272 2669 ε’χδρῶν
289 2578 440 2669 χιλιάδας
464 2582 520 2647 καὶ
537 2579 723 2668 μυριάδας,
748 2576 806 2660 τίις
829 2579 891 2666 μὲν
910 2582 1030 2649 ἐκτῶν
1049 2585 1102 2648 δε·

137 2685 233 2767 ξιῦν,
257 2677 314 2761 τάς
342 2681 379 2748 δὲ
398 2682 520 2748 ἐκτῶν
546 2677 731 2769 εὐωνύμων
749 2677 975 2767 πολεμούσας,
999 2675 1102 2768 ἀρχάς
1115 2682 1151 2750 ετ

136 2784 244 2848 τεκαὶ
265 2783 436 2867 ἐξουσίας,
462 2781 518 2848 καλ
545 2779 587 2868 δὴ
611 2782 667 2851 καὶ
687 2775 787 2861 μτοῦς
805 2783 1005 2870 λεγομένους
1023 2801 1103 2850 κοσ-

136 2878 341 2971 μοκράτορας
365 2884 426 2950 τοῦ
450 2879 590 2962 σκότους
617 2880 818 2969 τοῦτον,τά
842 2909 878 2951 τε
896 2881 1103 2972 πνευματικὰ

111 2988 193 3070 ,τῆς
207 2978 403 3071 πουηρίας,”
423 2981 532 3053 πάντα
548 2984 590 3072 δη
604 2974 669 3055 οῦν
680 2987 784 3054 ταῦτα
798 2981 834 3052 τό
853 2984 960 3073 μηδὲν
975 2982 1103 3074 ἰσχύειν

136 3082 337 3172 ἀπελίχξας,
356 3088 413 3153 καὶ
430 3086 522 3166 τέλος
541 3083 645 3156 αὐτὸν
671 3084 729 3155 τὸν
747 3091 816 3156 τῶν
833 3090 947 3155 κακῶν
965 3089 1102 3175 ἔξαρχον

138 3184 298 3274 διάβολον
316 3188 363 3279 τῷ
380 3183 469 3280 λόγῳ
487 3191 547 3256 τοῦ
566 3185 727 3276 στόματος
746 3181 849 3256 αῦτοῦ
867 3187 999 3276 μακρὰν
1017 3185 1101 3257 ἀπο·
1115 3215 1142 3257 ιο

204 3419 420 3482 πψτη
