2326 3818
317 124 504 176 DEMONST.
522 109 655 176 ονομα.
673 125 722 174 1x.
744 127 783 175 13.
803 127 843 177 14.
996 123 1057 187 607

314 363 315 366 ¹
425 326 503 399 Ἀπὸ
521 335 581 399 τοῦ
600 326 713 398 αὐτού.
1073 361 1086 400 ι

166 477 238 539 XIV.
259 462 278 488 “
289 461 369 535 Τότε
382 464 525 554 φανεροὶ
538 470 670 535 ἔσονται
684 468 719 533 ολ
730 462 987 554 σφραγιζόμενοι
1000 468 1060 538 τὸν

88 565 192 656 νόμον
209 573 269 636 τοῦ
286 565 331 655 μή
349 578 482 656 μαθεῖν.
519 566 575 635 καὶ
588 570 687 655 ,ἐρεῑ,
712 569 804 653 μενά
820 564 878 636 τὸν
897 566 982 637 θεὸν
999 566 1058 639 τὸν

88 664 342 758 ἀποστρέψαντα
360 667 396 737 τὸ
414 665 596 757 πρόσωπον
614 665 719 737 αύτοῦ
732 664 797 736 ἀπὸ
810 671 871 737 τού
887 677 982 738 ολκου
998 664 1057 737 Ἰα-

88 770 178 859 κύβ,
197 772 253 839 καὶ
271 767 442 852 πεπονθώς
460 777 579 859 ἔσομαι
597 765 649 839 ἐπ’
670 764 770 862 αύτῷ.
807 767 877 840 ἰδού
900 767 982 857 ἐγύ,
1002 773 1080 838 καλε
1118 802 1120 834 z

63 904 75 944 τ
89 869 129 941 τά
148 878 266 942 παιδία
284 867 306 941 ἀ
323 900 379 961 μοι
397 877 524 942 ἔδωκεν
537 865 554 940 ὁ
568 869 658 954 θεός.
691 873 747 940 καὶ
762 878 854 941 ἔσται
869 887 988 960 σημεῖα
1003 874 1058 940 καὶ

88 977 208 1064 τέρατα
228 976 264 1044 ἐν
282 978 327 1067 τῷ
341 969 472 1063 Ἰσραὴλ
485 972 574 1062 παρά
588 978 707 1063 κυρίου
717 972 882 1062 Σαβαὼθ,
900 965 936 1055 ἀς
950 1001 1057 1044 κατοι-

88 1093 143 1146 κεῖ
165 1080 202 1147 έν
231 1080 276 1169 τῷ
301 1075 372 1162 ὄρει
395 1073 498 1145 Σιύν.
546 1077 602 1144 καὶ
628 1072 687 1143 ἐάν
710 1085 829 1145 ελπωσι
853 1073 936 1164 πρὸς
959 1074 1057 1165 ὑμᾶς,

89 1175 247 1264 ζητήσατε
265 1173 342 1256 τούς
361 1173 659 1266 ἐγγαστριμύθους,
678 1176 734 1244 καὶ
748 1173 825 1256 τούς
839 1173 904 1246 ἀπὸ
922 1185 980 1266 της
997 1181 1059 1266 γῆς

88 1279 303 1365 φωνούντας,
332 1277 410 1358 τούς
433 1281 713 1364 κενολογούντας,
736 1285 772 1346 οἳ
796 1281 832 1346 ἐκ
855 1284 914 1365 τῆς
931 1285 1058 1360 κοιλίας

50 1412 74 1451 10
88 1381 277 1467 φωνούσιν·
312 1375 374 1448 οὐκ
400 1385 499 1458 ἔθνος
529 1377 611 1466 πρὸς
639 1377 724 1449 θεὸν
754 1373 875 1462 αύτούς
904 1387 940 1448 τί
965 1383 1058 1467 ἐκζη-

87 1483 181 1549 τούσι
199 1481 275 1569 περὶ
292 1483 360 1550 τάν
377 1478 510 1563 ζώντων
527 1477 605 1560 τούς
623 1477 781 1569 νεκρούς;
805 1477 910 1568 νόμον
927 1476 990 1571 γάρ
1011 1487 1057 1561 εἰς

87 1580 251 1669 βοήθειαν
269 1580 427 1651 ἔδωκεν.”

164 1688 193 1752 2.
214 1680 271 1753 Ἐν
292 1686 333 1773 τή
356 1680 438 1771 πρὸς
457 1679 632 1773 Ἑβραίους
662 1684 819 1772 ἐπιστολῇ
849 1684 1014 1772 παραθεὶς
1039 1678 1057 1752 ὁ

88 1779 270 1865 ἀπόστολος
294 1782 355 1873 τήν
380 1782 580 1872 φάσκουσαν
604 1777 808 1866 λέξιν·“λὸοὐ
836 1782 921 1870 ἐγώ,
944 1782 1057 1853 καὶτὰ

49 1915 74 1954 15
88 1892 207 1955 παιδία
225 1883 246 1955 ά
263 1915 319 1975 μοι
337 1891 464 1956 ἔδωκεν
478 1882 495 1955 ὁ
509 1881 623 1974 θεός,”
645 1878 892 1975 ἐπεξεργάζεται
901 1887 978 1975 περὶ
997 1889 1085 1954 τοῦε

88 1991 235 2075 Χριστού
265 1990 372 2074 λέγων
392 1982 487 2058 “ml
518 1976 581 2056 ούν
606 1983 646 2056 τά
671 1993 788 2057 παιδία
813 1983 1058 2075 κεκοινώνηκεν

87 2092 223 2174 αἵματος
241 2090 297 2156 καλ
315 2086 436 2177 σαρκὸς
446 2141 456 2175 ,
475 2091 530 2156 καὶ
548 2084 648 2168 αύτός
667 2095 906 2178 παραπλησίως
923 2091 1060 2179 μετέσχε

86 2189 155 2255 τῶν
173 2185 301 2276 αὐτῶν,
320 2193 377 2256 ἴνα
397 2187 452 2257 διὰ
477 2191 537 2258 τού
552 2187 705 2258 θανάτου
735 2189 927 2279 καταργήσῃ
945 2187 1004 2259 τὸν
1022 2188 1058 2258 τό

87 2286 204 2378 κράτος
223 2294 340 2376 ἔχοντα
357 2292 418 2358 τού
434 2286 617 2359 θανάτου.”
655 2293 685 2357 3.
706 2295 829 2371 παῖδας
845 2290 882 2358 δέ
895 2286 1001 2359 αύτού
1022 2292 1058 2359 έν

48 2386 214 2472 τιτούτοις
231 2388 308 2470 τούς
327 2385 530 2470 ἀποστόλους
544 2386 714 2479 ὀνομάζει,
734 2386 789 2478 ἐφ’
806 2380 854 2458 ἀν
867 2407 988 2478 σημεῖα
1002 2393 1057 2459 καὶ

88 2494 206 2581 τέρατα
226 2494 261 2560 ἐν
278 2494 325 2585 τῷ
342 2500 423 2585 ολκω
438 2487 568 2580 Ἰσραήλ
587 2489 741 2580 ποιήσειν
764 2487 823 2562 τὸν
846 2489 966 2580 κύριον
984 2503 1057 2562 Σα-

88 2593 206 2681 βαωθ,
228 2590 287 2662 τὸν
310 2596 527 2664 κατοικοῦντα
546 2596 581 2663 ἐν
598 2599 645 2687 τῷ
667 2590 737 2684 ἀρει
756 2590 868 2680 Σισάν,
894 2591 1056 2681 διδάσκει,

88 2693 225 2774 τούτους
254 2695 291 2764 δέ
317 2691 438 2777 αύτούς
456 2695 626 2786 φανερούς
645 2703 782 2767 ἔσεσθαι
800 2692 959 2784 συνήθως
977 2693 1058 2784 ήμῑν

87 2794 128 2863 τά
153 2793 316 2885 πρόσωπα
342 2800 625 2888 σφραγιζομέυους
642 2802 683 2888 τῇ
709 2803 768 2868 τού
787 2801 933 2889 Χριστοῦ
952 2821 1057 2888 σφρα-

49 2929 75 2970 25
88 2899 176 2985 γλδι,
202 2901 465 2988 παιδευομένους
488 2927 524 2967 τε
549 2901 664 2987 μηκέτι
687 2898 745 2968 τὸν
768 2901 921 2980 Μωσέως
952 2897 1059 2988 νόμον

87 2996 292 3088 μανθάνειν,
310 3007 356 3093 τῷ
374 3002 489 3089 μηκέτι
506 2996 709 3069 συνεστάναι
727 2995 842 3087 αύτὸν,
862 3002 918 3070 καὶ
936 3006 982 3093 τῷ
1000 2999 1059 3069 τὸν

45 3151 53 3158 ,
88 3099 294 3190 καλούμενον
307 3102 400 3172 οἷκον
409 3098 525 3189 Ἰακώβ
539 3109 800 3190 καταλελεῖφθαι
806 3096 874 3170 ύπό
889 3103 948 3169 τού
960 3101 1055 3169 movi.

87 3206 117 3272 4.
137 3198 275 3292 ἀσαφῶς
290 3200 429 3294 δὲπαρά
443 3219 511 3284 τοῖς
526 3199 755 3292 ἑβδομήκοντα
770 3204 945 3293 εἰρημένον
957 3196 1056 3268 “τότε

158 3437 276 3499 ποτε,
292 3438 331 3487 ιο.
439 3437 470 3486 16
488 3436 559 3486 Heb.
572 3437 597 3498 2,
613 3438 653 3487 ω.
684 3434 687 3439 ’
