2326 3818
127 113 191 177 242
233 186 239 207 Ι
547 112 696 163 Εοεεοιι

128 251 283 341 αὐτοφῶς
301 250 420 343 νοερόν
437 255 491 323 καί
510 250 572 323 ὅσα
589 249 673 322 ἀλλα
697 262 987 343 προκατείλεκται,
1013 284 1113 330 παν-

127 353 182 437 τός
200 344 245 425 06
261 351 293 424 δ’
313 352 356 425 ἀν
374 353 534 443 ἐφάψοττο
553 356 662 447 ἐνθίφ
679 356 735 423 καί
753 350 917 448 ἀσωμάτῳ
939 355 1109 451 δυνάμει,

129 462 187 545 ζῆν
199 461 296 527 τοῦτο
314 455 443 547 ἀνάγκη
460 458 515 527 καί
531 454 596 526 σόν
614 458 736 548 λογικῷ
751 453 879 543 διάγειν
892 464 990 545 φωτί.
1020 460 1108 531 ταύ-

126 589 167 650 τη
185 587 236 629 τοι
249 562 304 629 καί
315 557 465 649 σωματος
478 548 520 628 06
534 554 565 626 δ’
586 551 629 626 ἀν
644 553 815 644 ἐφάψοιτο,
829 555 984 646 ἡγίασται
998 565 1106 635 τοῦτο

127 662 182 731 καλ
200 658 405 750 πεφω’τισται
422 657 560 746 αὐτίκα,
578 655 668 728 πιίσά
686 685 721 726 τε
739 655 838 740 νόσος
852 657 1020 753 αὐτῷκαὶ
1039 660 1134 753 δερ-ε

127 770 253 852 ρωστία
271 758 449 831 καὶπάνθ’
477 758 540 830 ὅσα
557 753 781 841 ὑπεξίσταται.
820 765 869 831 10.
888 758 1106 852 ἀπελαμβά-

127 893 180 934 νει
198 863 236 932 δέ
256 866 313 948 τῆς
327 864 359 944 ἐξ
374 859 480 930 αὐτοῦ
496 857 698 949 πληρώσεως
715 863 876 949 στέρησις.
904 860 992 933 οὕτω
1013 870 1106 954 δῆτα

103 967 183 1035 ικαὶ
200 960 237 1032 τό
255 959 376 1051 νεκρόν
392 965 450 1050 τῆς
467 966 527 1032 τοῦ
544 959 646 1050 λόγον
661 959 837 1050 δυνάμεως
849 962 969 1052 μικρόν
985 994 1020 1035 τι
1038 964 1104 1037 τιά-

127 1070 187 1134 τοῦ
198 1060 414 1153 ἐφαψάμενον
425 1059 620 1152 ἀνηγείρετο
638 1061 839 1152 ζωοόμενον,
850 1067 905 1134 καί
917 1062 935 1134 6
948 1063 1105 1153 θάνατος

126 1162 189 1252 τὴν
209 1164 295 1253 ζωὴν
314 1171 474 1254 ἔφευγεν,
494 1169 549 1236 καί
569 1167 616 1258 τῷ
632 1191 670 1252 γε
688 1167 775 1252 φωτὶ
792 1163 829 1236 τό
849 1164 965 1248 σκότος
983 1168 1143 1250 §esai-10

128 1295 192 1356 ετο,
211 1265 248 1337 τό
265 1294 301 1336 τε
319 1269 474 1358 φθαρτὸν
490 1266 551 1357 τὴν
570 1264 768 1355 ἀφθαρσίαν
790 1263 1026 1341 ἐνεδιδύσκετο
1045 1274 1105 1343 καὶ

125 1367 162 1440 τό
180 1368 309 1457 θνητὸν
325 1367 388 1458 τὴν
405 1367 611 1439 ἀθανασίαν

98 1500 112 1540 ε
200 1484 273 1546 xlv,
299 1472 420 1540 Kal‘
384 1501 416 1541 τι
433 1467 497 1559 γάρ
515 1466 596 1540 ἀλλο
610 1465 729 1556 πλὴν“
715 1495 733 1537 ο
751 1471 815 1549 πάς
832 1452 1054 1594 ἀνθρφπος
1033 1472 1104 1545 vad

127 1575 186 1660 τῆς
204 1570 362 1660 θεότητος
379 1578 592 1660 κατεπίνετο,
618 1572 673 1639 καὶ
696 1567 799 1640 πάλιν
821 1570 901 1653 θεὸς
919 1561 962 1659 ἦν
979 1567 997 1642 6
1015 1575 1104 1658 θεὸς

128 1672 225 1761 λόγος
248 1669 317 1754 οἶος
341 1674 396 1742 καὶ
420 1674 501 1761 πρὶν
518 1625 678 1760 γενέσθαι
700 1667 912 1794 ἅνθρωπος,
918 1675 974 1742 καί
992 1696 1105 1747 συνα-
1116 1700 1142 1743 ιε

128 1777 255 1845 πεθέου
273 1801 312 1862 γε
328 1773 387 1844 τὸν
404 1771 589 1862 ἀνθρωπον
602 1769 755 1860 ἀπαρχην
767 1777 826 1859 τῆς
839 1770 935 1864 ἡμῶν
949 1778 1102 1867 ἐλπίδος,

129 1880 247 1947 τούτον
265 1872 368 1946 αὐτόν
386 1879 456 1944 ἐκεῖ
470 1877 527 1964 τῆς
543 1901 580 1944 τε
597 1870 679 1963 παρ’
699 1870 790 1966 αὐτῷ
807 1880 889 1963 ζωῆς
907 1871 1022 1947 ἀϊδίου
1040 1882 1103 1950 καί

128 2004 186 2064 της
206 1981 242 2046 ἐν
264 2004 305 2097 τη
293 1973 457 2063 θεότηττ
474 1978 530 2045 καί
549 1972 763 2065 μακαριότητι
786 1984 964 2058 κοινωνίας
981 1973 1102 2102 ἀξιφῖν,

129 2073 210 2200 ημῖν
227 2103 262 2145 τε
279 2071 439 2166 ὁμοίως“
418 2099 522 2147 απασι
539 2082 598 2166 τῆς
621 2075 699 2168 παρ’
731 2074 820 2170 αὐτφ
809 2080 900 2147 καὶ
923 2075 988 2147 σόν
1006 2077 1102 2175 αάτφ

129 2173 317 2259 ἀθανασιας
341 2206 377 2249 τε
401 2183 457 2249 καὶ
480 2185 651 2268 βασιλείας
673 2185 770 2250 τοῦτο
793 2181 950 2267 μέγιστον
976 2186 1141 2270 δείγματι

129 2282 301 2370 παρέχων;

60 2409 115 2461 (αι)
205 2395 265 2456 XV.
296 2389 400 2453 Τοῦτο
417 2386 475 2471 τῆς
494 2390 541 2464 εἰς
559 2378 763 2471 ἀνθρώπους
780 2371 924 2468 ἀφίξεως
939 2375 1062 2464 τελος
1041 2412 1099 2474 ην,

63 2511 115 2563 [ιω]
128 2481 186 2554 τόν
204 2482 305 2554 πάλαι
322 2492 380 2572 τῆς
397 2483 590 2573 τοῦπατρὸς
603 2481 759 2570 γνώσεως
772 2480 1100 2572 ἀποπεπλανημένον

100 2593 176 2666 ιείς
199 2583 261 2672 τὴν
284 2590 412 2654 οἰκείαν
437 2587 678 2672 ἐπαναγαγεῖν,
705 2581 842 2653 καὶτὸν
866 2589 1012 2674 συγγενῆ
1039 2590 1097 2657 καὶ

129 2695 230 2772 φίλον
247 2691 304 2771 τῆς
322 2712 358 2754 τε
376 2683 480 2753 αὐτοῦ
493 2687 738 2772 κατηξιωμένον
753 2681 879 2766 εἰκόνος
894 2690 952 2773 τῆς
969 2692 1097 2772 οἰκείας
1111 2711 1138 2753 τε

129 2781 317 2854 ἀπολαῦσαι
341 2787 439 2872 ζωῆς,
467 2792 567 2873 φίλον
593 2790 707 2856 τεκαὶ
734 2793 860 2856 οἰκεῖον
885 2790 945 2857 τοῦ
972 2786 1098 2877 πατρὸς

128 2882 299 2974 ἀποφῆναι
316 2890 446 2974 τοῦτον,
466 2882 512 2955 δι’
530 2882 570 2958 δν
583 2885 711 2970 αὐτόςὸ
729 2892 791 2958 τοῦ
802 2892 887 2959 θεοῦ
902 2886 998 2977 λόγος
1011 2887 1099 2960 ὑπί-

129 3010 189 3076 στη
207 2990 365 3075 γενέσθαι
378 2985 567 3079 ἅνθρωπος
602 2995 632 3060 2.
652 2988 739 3060 οὕτω
754 2995 848 3078 δῆτα,
868 2986 912 3072 ὥς
928 2993 964 3061 ἐν
976 2998 1100 3081 βραχεῖ

128 3087 250 3178 φάναι,
275 3083 397 3178 ἡκατά
414 3087 472 3159 τόν
491 3097 624 3179 σωτῆρα
648 3093 702 3161 καὶ
722 3088 839 3180 κόριον
855 3090 950 3181 ἡμῶν
965 3087 1097 3180 Ἰησοῦν

128 3189 186 3261 τὸν
200 3190 345 3281 Χριστὸν
362 3186 542 3279 ὑπόθεσις,
568 3189 732 3281 διάφορον
750 3191 922 3281 ἔχουσα
887 3221 949 3282 την
966 3199 1095 3263 οἰκονο-
1108 3216 1137 3260 εο

128 3299 228 3381 μίαν,
257 3297 293 3363 ἐκ
317 3322 385 3363 των
407 3288 488 3382 παρ’
509 3288 673 3381 Ἑβραίοις
696 3290 941 3383 παραστήσεται
965 3319 1095 3418 πρφφη-

99 3428 112 3457 e
128 3396 231 3465 τεκών
247 3391 373 3483 λόγων,
393 3392 504 3485 ὥσπερ
518 3383 581 3465 οὖν
593 3392 712 3485 μικρὸν
725 3393 867 3486 ὕστερον
881 3400 919 3464 αἰ
930 3392 1021 3476 ἐξ’
980 3398 1095 3466 αντοῐν
