2326 3818
152 137 194 200 ης
557 136 704 187 Ευεοαιι

152 282 231 348 νυνὶ
258 276 313 346 διά
341 283 399 365 τῆς
422 281 483 346 τού
506 280 655 363 σωτῆρος
677 276 774 365 ήμῶν
800 278 922 346 ἐνθέου
945 274 1122 365 δυνάμεως

123 424 133 450 ι·
151 382 417 469 μεταβληθέντες
434 383 489 448 καλ
509 378 620 465 ὥσπερ
635 384 667 461 ἐξ
679 381 802 466 ἐτέρων
814 380 918 462 ἕτεροι
934 376 1122 468 γεγονότες,

152 480 270 569 λόγους
288 478 407 569 άρετής
426 486 480 550 καλ
494 480 715 567 σωφροσύνης
727 478 936 568 παιδεύματα
947 478 1122 561 συνιόντες

152 590 199 665 είς
217 582 256 653 τά
268 586 364 653 κοινά
374 592 602 670 δισασκαλεῖα,
620 582 873 672 μανθάνουσιν;
892 581 936 662 ὡς
953 580 1016 672 τήν
1033 578 1121 653 άνω-

149 683 236 755 ιάτω
266 696 487 775 φιλοσοφίαν,
513 685 576 772 τήν
603 683 683 774 μηδ’
720 689 896 773 ἐμβλέπειν
924 680 1149 765 άκολάστοιςι

150 785 357 876 ὀφθαλμοῖς,
380 789 465 876 μηδὲ
488 791 582 876 μέχρι
606 786 715 873 λόγων
738 783 957 873 άδιαφορεῖν,
976 788 1062 874 μηδὲ
1079 786 1121 857 τά

151 889 246 960 κοινά
270 893 325 957 καλ
349 906 418 970 τοῖς
442 894 523 958 πᾶσι
549 889 685 976 συνήθη
712 890 973 974 διαπράττεσθαι
998 916 1121 975 παραι-

150 996 280 1061 νοῦσαν
303 987 343 1057 ού
368 989 471 1077 μόνον
489 988 633 1075 ἄνδρας,
651 989 736 1059 άλλά
750 993 803 1058 καλ
823 1006 997 1077 γυναῖκας,
1017 994 1123 1079 πένη-

150 1090 209 1172 τάς
227 1120 263 1160 τε
281 1094 338 1160 καὶ
356 1100 555 1176 πλουσίους,
582 1102 714 1180 λογίους
732 1121 768 1161 τε
786 1095 839 1159 καλ
860 1091 1007 1175 ἰδιώτας,
1024 1096 1123 1183 μέχρι

152 1196 206 1261 καλ
226 1201 358 1263 παίδων
376 1198 428 1263 καὶ
448 1191 690 1278 ἀνδραπόδων,
710 1199 747 1262 ἐν
764 1212 835 1272 ταῖς
848 1193 931 1262 κατά
950 1192 1050 1264 πόλιν
1063 1196 1122 1263 καλ
1136 1224 1162 1265 ιο

152 1292 226 1363 κατ’
251 1293 375 1383 ἀγρούς
399 1302 584 1383 διατριβαῖς
609 1296 846 1375 παιδεύεσθαι,
871 1294 1061 1384 μανθάνειν
1085 1324 1122 1366 τε

123 1391 262 1486 Ιιάληθή
284 1395 426 1486 τρόπον,
458 1396 539 1467 καθ’
566 1395 607 1467 ὃν
638 1396 698 1468 τὸν
722 1402 775 1467 ἐπὶ
800 1397 936 1465 πάντων
958 1394 1123 1483 προσήκει

150 1499 233 1569 θεὸν
258 1505 370 1587 σέβειν
400 1504 453 1569 καὶ
479 1498 686 1585 θεραπεύειν
709 1504 745 1567 ἐν
774 1502 872 1568 παντὶ
896 1497 1004 1591 τόπῳ,
1035 1498 1123 1568 κατὰ

96 1629 136 1681 ιιι]
151 1600 212 1688 τήν
229 1600 386 1689 φήσασαν
404 1611 612 1688 προφητείαν
626 1598 703 1669 ηκαὶ
718 1601 1011 1688 προσκυνήσουσιν
1028 1598 1123 1695 αύτῷ

151 1704 287 1782 ἕκαστος
307 1707 342 1769 ἐκ
360 1706 418 1769 τοῦ
436 1702 540 1771 τόπου
558 1698 696 1770 αύτοῦ.”
1135 1734 1155 1771 1¹

217 1808 268 1872 57.
288 1814 487 1889 Προσκυνεῖ
504 1809 585 1891 δήια
603 1794 667 1871 οὖν
684 1809 747 1883 πᾶς
764 1807 811 1894 τῷ
827 1808 880 1873 ἐπὶ
894 1803 1031 1873 πάντων
1047 1808 1123 1899 θεῷ

149 1902 318 1992 βάρβαρος
337 1907 391 1973 καλ
402 1903 541 1991 Ἕλλην,
567 1902 607 1975 ού
625 1909 751 1993 τρέχων
771 1909 824 1973 ἐπὶ
842 1904 882 1975 τά
894 1903 1120 1995 Ἱεροσόλυμα,

149 2002 225 2074 οὐδ’
251 2014 366 2094 αἵμασι
392 2011 448 2075 καὶ
471 2015 608 2085 θυσίαις
631 2004 891 2096 άφοσιούμενος,
916 2020 1055 2078 οίκοθεν
1082 2012 1121 2080 δδ

149 2109 206 2176 καὶ
225 2105 277 2195 ἐφ’
301 2110 408 2200 ἑαυτῷ
427 2112 554 2196 μένων,
574 2111 628 2177 καὶ
647 2107 810 2196 πνεύματι
825 2114 879 2178 καλ
895 2108 1038 2200 ἄλη-θείᾳ
1055 2110 1122 2199 τήν

148 2205 291 2297 ἄναιμον
309 2213 365 2278 καὶ
383 2208 537 2297 καθαράν
554 2209 737 2291 ἀποδιδούς
755 2208 845 2301 αύτῷ
864 2222 1029 2295 λατρείαν.
1063 2219 1116 2285 58.
1133 2244 1162 2285 νο

148 2314 204 2380 καὶ
222 2308 307 2399 αὕτη
331 2341 369 2399 γε
387 2303 468 2400 ήνή
493 2313 591 2399 καινή
611 2311 775 2399 διαθήκη,
800 2312 841 2382 ού
867 2312 949 2383 κατά
973 2312 1035 2401 τήν
1052 2342 1119 2384 πα-

147 2412 247 2483 λαιάν
263 2414 489 2504 τυγχάνουσα·
521 2414 667 2485 παλαιὰν
682 2416 718 2483 δέ
736 2414 781 2502 μή
799 2444 849 2483 τοι
866 2426 1005 2504 νιιμίοης
1024 2420 1121 2503 λέγε-

147 2528 229 2586 σθαι
246 2517 308 2604 τὴν
325 2521 393 2585 των
417 2517 481 2605 πρὸ
502 2520 652 2596 Μωσέως
675 2522 849 2599 θεοφιλῶν
866 2516 1013 2600 ἀνδρῶν,
1032 2513 1119 2588 άλλά

146 2614 209 2703 τήν
225 2615 291 2685 ὑπὸ
310 2622 460 2697 Μωσέως
484 2614 588 2687 αύτού
612 2622 657 2708 τῷ
671 2617 845 2687 Ἰουδαίων
863 2631 957 2687 εθνει
976 2647 1119 2707 νενομο-

147 2721 346 2805 θετημένην.
395 2726 445 2787 59.
472 2722 621 2805 ἐπιφέρει
648 2723 733 2805 γοῦν
762 2715 781 2787 ὁ
813 2718 908 2807 λύγος
940 2726 1117 2807 διασαφῶν
1130 2752 1160 2793 τι

89 2852 131 2896 ια,
146 2828 223 2886 τίνα
242 2827 368 2906 ἔφησεν
386 2820 471 2890 εἶναι
484 2819 545 2908 τήν
558 2821 715 2904 παλαιάν,
740 2811 764 2910 ή
781 2828 889 2909 μηδὲν
905 2820 1020 2909 ὅμοιον
1037 2822 1117 2911 σχή-

147 2940 221 2989 σειν
240 2919 390 2990 διδάσκει
408 2920 470 3010 τήν
488 2922 608 3010 καινήν
626 2927 733 3009 λέγων
745 2918 975 3007 ’διαθήσομαι
995 2923 1115 3012 διαθή-

146 3050 210 3110 κην
228 3022 363 3113 καινήν,
381 3022 421 3093 ού
440 3024 522 3093 κατά
541 3025 603 3111 τήν
617 3024 786 3112 διαθήκην
802 3021 1029 3112 ήΰδιεθέμην
1045 3044 1116 3108 τοῖς

146 3124 328 3212 πατράσιν,
348 3130 385 3195 ἐν
402 3124 507 3216 ήμέρᾳ
523 3129 766 3213 ἐπιλαβομένου
779 3157 845 3215 μου
858 3131 915 3214 τῆς
930 3128 1037 3216 χειρὸς
1055 3125 1114 3198 αύ·

146 3231 213 3297 τῶν
232 3232 406 3317 ἐξαγαγεῖν
424 3227 545 3311 αὐτούς
565 3235 601 3298 ἐκ
619 3232 681 3315 γῆς
700 3230 875 3317 Αἰγύπτου
887 3227 906 3254 ”
1127 3259 1155 3301 ιο

221 3335 272 3399 60.
295 3329 346 3400 Ού
360 3332 442 3402 κατὰ
455 3330 582 3420 ταύτην
594 3335 679 3418 γούυ
691 3354 797 3417 φησιν
809 3330 870 3420 τήν
887 3328 954 3403 ὑπὸ
965 3333 1114 3415 Μωσέως

148 3426 342 3439 ————

215 3479 247 3527 14
266 3480 348 3545 Soph.
364 3484 388 3542 ²2,
403 3484 443 3532 11.
547 3482 580 3529 27
597 3479 654 3529 Jer.
668 3482 710 3542 31,
724 3482 765 3532 31.
