2326 3818
86 83 129 145 20
497 81 643 132 EUSEBH

87 225 180 311 νέμει
205 237 275 303 τοϊς
302 227 548 311 παραβαίνουσι
575 219 615 290 τά
643 223 865 311 διωρισμένα,
897 217 984 307 ἀράν
1018 223 1059 295 ὁὶ

77 321 170 393 Ικατά
194 321 329 393 πάντων
355 325 423 393 των
445 323 490 412 μή
514 320 553 397 τά
577 321 685 392 πάντα
708 321 902 414 τηρούντων
926 320 1059 413 ἐπάγει,

88 423 233 516 ῥήμασιν
250 423 362 506 αὐτοῖς
381 426 488 512 λέγων
499 419 760 514 μἐπικατάρατος
784 421 820 506 ὃς
838 420 900 495 οάκ
919 427 1061 514 ἐμμενεῑ

64 569 75 596 ι
88 531 169 596 πᾶσι
186 544 255 607 τοῖς
272 528 511 618 γεγραμμένοις
527 530 563 596 ἐν
576 529 663 618 τῷδε
676 530 721 618 τῷ
735 525 827 620 νόμῳ
840 531 900 596 τοῦ
919 529 1058 614 ποιήσαι

88 624 205 700 αὐτά.”
1070 650 1086 694 ι

163 736 215 800 26.
244 728 424 820 (θεώρησον
450 729 485 797 δὲ
509 730 564 797 καὶ
587 724 695 809 ἀλλως
718 728 758 797 τὰ
775 724 926 800 ἀδύνατα
952 732 1060 802 πᾶσιν

87 829 280 923 ἀνθρώποις
298 834 355 918 τής
374 833 525 911 Μωσέως
543 837 753 918 νομοθεσίας.
787 827 1060 917 διαστειλάμενος

87 933 128 1003 τά
147 931 281 1002 ἑκούσια
300 934 356 1000 καὶ
373 928 499 1020 χαλεπὰ
517 935 585 1001 των
601 929 862 1021 ἁμαρτημάτων,
883 934 938 1000 καὶ
956 959 1060 1020 τιμω·

88 1040 163 1124 ρίας
181 1035 331 1122 περιθεις
351 1031 479 1125 ἑκάστῳ
496 1037 565 1103 τῶν
581 1041 737 1122 μεγίστης
754 1031 921 1113 κολάσεως
938 1028 995 1115 ἀξί
994 1060 1060 1123 ων,

88 1132 211 1224 υομους
228 1141 359 1222 τίθησι,
378 1130 457 1204 καθ’
478 1130 651 1227 οάςὲτέρω
665 1133 775 1227 τρόπῳ
790 1133 937 1214 καὶτοὺς
954 1131 1060 1207 ἀκου-
1075 1158 1103 1202 ω

88 1244 168 1317 σίως
187 1241 458 1359 πλημμελοῦντας
482 1238 683 1366 ἐπιστρέφει.
730 1225 828 1305 27
802 1264 849 1305 ων
871 1233 889 1305 ὁ
915 1234 1040 1325 mv*
996 1264 1061 1306 ου-

88 1356 153 1419 τως
170 1333 259 1427 ἔχει
261 1336 333 1408 ’ἐὰν
347 1337 437 1428 ψυχή
449 1344 509 1426 μία
522 1331 651 1428 ἀμάρτη
665 1334 830 1417 ἀκουσίως
845 1340 881 1406 ἐκ
894 1365 953 1406 τον
939 1343 1061 1409 λαοῦ

87 1445 145 1529 τής
163 1445 224 1529 γης
242 1444 278 1511 ἐν
296 1445 341 1533 τῷ
360 1443 495 1530 ποιησαι
512 1447 593 1528 μίαν
610 1437 675 1509 ἀπὸ
689 1444 807 1509 πασῶν
824 1443 892 1508 τῶν
910 1443 1060 1511 ἐντολῶν

88 1549 208 1631 κυρίου
221 1537 242 1628 ἣ
253 1537 294 1610 οὐ
308 1541 539 1630 ποιηθήσεται,
551 1543 605 1610 καὶ
614 1538 843 1630 πλημμελήσῃ,
852 1541 1060 1634 καὶγνωσθῇ

60 1673 74 1713 ι
89 1671 177 1712 αυτω
192 1673 212 1731 η
231 1637 374 1730 ἁμαρτία
392 1638 435 1729 ἣν
452 1668 615 1761 ημαρτεν,
641 1643 696 1710 καὶ
714 1653 798 1711 οίσει
823 1639 991 1731 δῶρον’
951 1647 1061 1714 αυτοῦ
1074 1663 1101 1707 ιι

88 1751 230 1834 χίμαρον
262 1746 348 1825 ἐξα
328 1746 433 1831 αίγων
456 1740 594 1831 ἀμωμον
617 1740 760 1830 θήλειαν
788 1753 873 1813 οίσει
897 1746 974 1865 περὶ
997 1750 1059 1866 τής

88 1841 250 1936 ἁμαρτίας
278 1839 381 1914 αὐτοῦ
412 1834 450 1932 ἧς
480 1840 642 1932 ἥμαρτεν,
676 1847 712 1913 ἐν
730 1847 777 1935 τῷ
793 1842 884 1913 τόπω
908 1834 950 1914 οὗ
967 1843 1060 1933 σφά-

90 1956 182 2030 ζουσι
195 1975 235 2014 τα
224 1940 520 2034 ολοκαντωματα,
540 1948 595 2015 καὶ
614 1944 752 2032 λήψεται
769 1941 982 2035 ὁίερεύςάπὸ
996 1951 1061 2018 ταῦ

90 2044 258 2135 αἵματος.”

164 2154 214 2217 28.
234 2144 338 2218 Καὶ
319 2177 381 2236 ορα
399 2176 437 2236 γε
455 2143 499 2229 ὡς
517 2149 573 2217 καὶ
588 2145 783 2218 ἐνταῦθα
749 2176 808 2218 τον
821 2148 1007 2219 πταίσαντά
1024 2180 1058 2223 τι
1072 2170 1099 2215 ετ

88 2277 179 2373 παρμ
196 2278 333 2338 γνωμην
352 2253 451 2341 ἐντῷ
469 2248 560 2372 τόπῳ
580 2247 675 2320 ἀεί’
657 2252 809 2319 ἀπαντᾶν
833 2278 873 2320 ον
861 2239 1059 2338 σφάζουσι

88 2350 128 2422 τά
151 2347 426 2475 ὁλοκαυτώματα·
467 2379 564 2434 ουτος
592 2342 675 2421 δὲ
656 2380 702 2478 ην
729 2379 771 2420 ου
806 2350 860 2420 διὰ
890 2358 1059 2427 πλείστων

88 2452 153 2542 ήδη
177 2453 339 2544 πρότερον
363 2452 515 2542 ἐμνήσθη
539 2448 679 2541 λέγων“
684 2449 724 2522 ὃν
747 2446 790 2521 ἀν
809 2453 1040 2540 ἐκλέξηται’
994 2482 1059 2526 κυ-

90 2583 160 2643 ριος
178 2554 195 2623 ὁ
216 2554 296 2633 θεός
315 2551 410 2624 σον,”

165 2661 216 2723 29.
241 2660 345 2724 Τοῦτο
365 2652 396 2723 δ’
417 2652 467 2724 ὅτι
485 2653 530 2743 μή
549 2652 695 2725 δυνατὸν
713 2652 794 2744 πρὸς
811 2653 969 2726 ἁπάντων
987 2661 1058 2728 τῶν
1083 2677 1109 2721 τι

89 2759 143 2826 ἐπὶ
161 2763 221 2844 γῆς
245 2753 438 2844 ἀνθρώπων
456 2759 663 2826 ἐκτελεῖσθαι
687 2758 743 2825 καὶ
762 2755 860 2837 αὐτὸς
877 2755 895 2827 ὁ
914 2764 1057 2846 νομοθέ-

88 2887 146 2944 της
173 2857 324 2927 συνιδών
350 2853 495 2947 ἀκριβῶς
523 2857 767 2947 ἐπεσημήνατο,
800 2855 863 2928 οὐκ
893 2855 1057 2948 ἀορίστως

29 3017 33 3023 .
88 2958 172 3029 κατὰ
195 2957 330 3029 πάντων
354 2959 556 3048 προαγαγών
578 2959 637 3030 τὸν
654 2958 775 3048 νόμον,
806 2957 882 3030 ἀλλ’
908 2959 1057 3031 ἐπειπών

83 3059 167 3133 “έάν
185 3058 273 3150 ψυχή
297 3059 427 3152 ἀμάρτη
451 3057 617 3143 ἀκουσίως
636 3065 672 3131 ἐκ
695 3068 753 3132 τοῦ
778 3067 860 3133 λαοῦ
884 3066 941 3151 τῆς
959 3060 1054 3150 γης.”

165 3169 214 3234 30.
235 3166 302 3233 Καὶ
320 3160 479 3252 δεύτερον
494 3165 531 3233 δὲ
548 3162 652 3254 νόμον
664 3171 802 3252 τίθησιν
814 3160 919 3246 οὕτως
937 3170 1056 3254 ἔχοντα
1070 3184 1098 3228 ³⁰

157 3400 172 3446 3
191 3397 271 3446 Deut.
284 3398 324 3459 λλ,
338 3398 379 3446 26.
489 3398 520 3445 12
540 3397 630 3447 Levit.
643 3398 668 3459 4,
683 3397 724 3448 28.
833 3401 866 3449 30
884 3397 976 3448 Levit.
989 3398 1014 3463 5,
1030 3401 1054 3448 l.
