2326 3818
23 10 59 47 's

117 83 157 147 10
513 84 664 138 EUSEBII

114 238 254 315 μακροῖς
271 219 413 313 ὕστερον
431 222 560 314 χρόνοις
576 231 644 296 τῶν
661 227 847 317 εἰρημένων
864 229 1004 316 πέφηνε,
1024 230 1081 314 δή·

114 335 175 396 λον
193 321 237 407 άς
255 321 317 395 οὐκ
335 319 377 395 άν
388 325 456 396 εἶεν
464 324 619 399 Ἰουδαῖοι
633 333 668 398 οί
676 327 739 419 πρὸ
752 330 821 399 των
831 325 938 399 αὐτοῦ
950 327 1080 418 χρόνων

115 423 168 498 ἐπ’
196 425 350 520 εὐσεβείᾳ
373 431 671 519 μεμαρτυρημένα.
720 426 792 500 ἄλλ’
823 425 903 502 οὐδὲ
917 427 1080 518 Ἕλληνας

115 527 274 618 προσήκει
292 536 437 619 νομίζειν
455 528 593 619 αὐτους,
618 529 663 621 μή
686 535 726 621 τῇ
744 534 902 625 πολυθέφ
918 538 1080 604 ὃεισιὸαι·

113 638 213 724 μονίηι
232 633 504 720 κεκρατημένους.
540 638 569 703 6.
588 631 740 723 ὅτιγὰρ
761 630 908 723 Ἀβραάμ
927 642 1106 704 natam-5

114 750 174 816 ψαι
199 736 318 812 τελέως
342 736 470 819 λέγεται
494 733 588 805 οἶκον
611 739 766 828 πατρῷον
795 736 851 804 καὶ
881 725 1081 823 συγγένειαν

114 838 170 905 καὶ
194 837 245 904 ἑνὶ
268 832 360 926 μόνῳ
385 840 648 926 προσεσχηκέναι
671 839 759 929 θεῷ,
783 831 825 907 ὃν
847 837 902 905 καί
927 831 1081 925 ὁμολογεῖ

113 935 256 1024 φάσκων
275 930 420 1006 “eumd
452 935 534 1026 πρὸς
563 937 622 1009 τὸν
652 935 735 1008 θεὸν
766 937 825 1007 τὸν
852 933 1013 1024 ὕψιστον,
1043 931 1079 1016 ὃς

115 1044 223 1106 ἔκτισε
245 1035 304 1106 τὸν
327 1032 475 1126 οὐρανὸν
498 1041 553 1109 καί
578 1036 640 1127 τήν
665 1034 760 1127 χήν.”
813 1044 841 1108 7.
868 1033 886 1107 ὅ
909 1065 944 1106 τε
963 1033 1079 1125 Ἰακώβ

113 1135 360 1230 άναγίχρακται
385 1137 474 1228 παρά
498 1144 544 1234 τῷ
563 1150 709 1210 Μωυσεῖ
729 1138 840 1227 φήσας
859 1139 906 1233 τῷ
923 1149 1004 1232 οίκφ
1023 1140 1079 1208 καί
1093 1170 1117 1208 ιο

114 1244 192 1309 πᾶσι
212 1258 280 1324 τοῖς
298 1237 404 1364 μάτοά
423 1237 547 1331 “άρατε
569 1239 648 1323 τούς
671 1241 773 1324 θεοὺς
790 1241 867 1322 τούς
885 1236 1079 1331 ἀλλοτρίους

115 1345 151 1412 ἐκ
168 1348 272 1432 μέσου
288 1339 395 1434 υμῶν,
415 1346 469 1414 καὶ
483 1340 687 1426 ἀναστάντες
700 1341 924 1433 άναβωμενί
893 1372 908 1415 ε
923 1373 949 1424 ς
953 1341 1078 1431 Βεθήλ,

114 1447 168 1514 καὶ
187 1443 368 1536 ποιήσομεν
393 1451 460 1517 ἐκει
477 1445 720 1538 θυσιαστήριον
743 1451 788 1542 τῷ
787 1453 967 1571 κυρίφ
936 1474 983 1516 τω
968 1449 1079 1516 ἐπα·

113 1545 276 1616 κονσαντί
291 1575 355 1634 μου
375 1546 445 1620 ἐν’
428 1551 554 1669 ημὲρηι
551 1547 749 1638 θλίψεως,
729 1545 765 1630 ὸς
777 1539 820 1637 ήν
833 1578 892 1638 μετ
895 1547 1006 1638 ’ἐμοῦ
1024 1548 1080 1617 καὶ

115 1649 222 1716 ἔσωσέ
242 1675 282 1734 με
308 1651 344 1715 ἐν
369 1675 408 1736 τη
394 1639 542 1738 ὁδῷ
517 1677 541 1769 χχ
570 1650 768 1738 ἐπορεύθην.
811 1653 867 1717 καὶ
886 1653 1016 1718 ἔδωκαν
1033 1651 1080 1740 τῷ
1093 1676 1118 1716 15

110 1743 226 1836 Ἰακωβ
245 1744 320 1826 τούς
344 1745 445 1828 θεοὺς
469 1745 546 1830 τούς
564 1745 834 1837 άλλοτρίονς,οΐ
850 1739 936 1834 ἦσαν
955 1751 991 1816 ἐν
1009 1764 1080 1827 ταῖς

114 1852 228 1940 χερσὶν
246 1844 373 1935 αὐτων,
393 1851 446 1917 καί
465 1877 505 1936 ,τα
494 1846 637 1919 ἐνώτια
654 1877 694 1917 τα
683 1846 749 1917 ἐν
767 1864 836 1927 τοῖς
855 1842 996 1915 άσὶν’
957 1849 1079 1932 αυτων,

113 1953 169 2020 καὶ
190 1959 335 2038 ἔκρυψεν
354 1947 438 2018 αὐτά
454 1945 568 2036 Ιακάβ
586 1943 652 2018 ὑπὸ
669 1948 731 2036 τήν
748 1946 998 2037 τερέβινθον
963 1975 1024 2035 την
1043 1950 1080 2016 ἐν

115 2058 284 2139 Σικίμοις,
305 2052 360 2120 καί
377 2046 549 2120 άπάλεσεν
576 2045 660 2119 αὐτά
679 2052 739 2129 ἕως
761 2052 819 2137 τῆς
836 2046 982 2137 σήμερον
1000 2043 1080 2137 ήμέ-

114 2148 209 2244 pag„
1091 2181 1118 2221 2⁰

192 2259 220 2323 8.
250 2259 292 2324 Εί
318 2249 359 2341 δή
386 2243 448 2323 οὖν
465 2254 596 2340 καὶτῆς
615 2250 858 2342 είδωλολάτρου
876 2249 1004 2341 πλάνης
1022 2248 1078 2320 άλ-

114 2353 237 2445 λότριοι
256 2353 526 2443 καθεστήκεσαν,
553 2355 609 2424 καί
631 2351 839 2443 Ἰουδαῖσμοῠ
859 2353 896 2423 δὲ
915 2353 1005 2434 ἐκτός
1022 2382 1080 2441 χε-

114 2457 247 2581 μηνότες
272 2454 537 2547 ἀπεδείχθησαν,
561 2452 648 2545 ὅμως
674 2485 712 2544 γε
736 2451 902 2545 μήνοάτε
920 2453 1079 2542 Ἕλληνες

115 2559 191 2630 οὔτε
207 2557 362 2632 Ἰουδαῖοι
380 2586 505 2647 φνντες
528 2567 699 2646 θεοφιλεῖς
726 2558 898 2645 γεγονέναι
915 2554 1080 2646 μεμαρτά

115 2690 233 2784 ρηνται
251 2663 306 2731 καί
327 2667 448 2731 δίκαιοι
466 2663 521 2729 καὶ
541 2656 765 2747 εὐσεβείς,εί
787 2664 845 2726 καί
867 2685 955 2738 τινες
973 2653 1078 2745 άλλοι,
1093 2688 1119 2729 25

117 2792 187 2852 ωρα
209 2772 322 2851 τρίτον
347 2766 493 2833 ἐπινοεῖν
510 2768 706 2851 θεοσεβείας
725 2757 866 2883 τρήπον,
896 2755 941 2829 δι’
961 2749 1002 2829 οὗ
1020 2788 1080 2828 κα-

60 2889 101 2941 μη
116 2870 287 2953 τορθῶσαι
306 2865 426 2946 είκὸς
410 2894 452 2988 ην
471 2860 601 2987 αμτοάς.
656 2869 685 2933 9
715 2860 831 2933 σκόπει
854 2867 1032 2952 τοιγαροῦν
1051 2867 1082 2931 εί

114 2966 159 3055 μή
183 2963 272 3037 τοῦτ’
299 2963 381 3036 αὐτὸ
404 2996 447 3055 ην
469 2963 506 3036 τὸ
530 2964 651 3054 μεταξυ
666 2960 873 3087 Ἰουδαϊσμοῦ
899 2966 954 3033 καί
969 2957 1080 3050 Ελλη-

115 3072 234 3158 νισμοῦ
253 3076 365 3158 τρίτον
382 3064 465 3162 ἡμῖνΙ
480 3063 819 3156 άποὸεδειγμίνον’
779 3095 897 3154 ταχμα,
917 3069 1081 3135 παλαίτα-

114 3199 172 3240 τον
190 3172 251 3261 μὲν
269 3174 324 3241 καί
343 3169 478 3242 πάντων
496 3166 661 3258 τυγχάνον
685 3165 932 3259 πρεσβύτατον,
958 3167 1078 3236 νεωστὶ
1093 3195 1119 3236 ιο

184 3406 199 3455 ε
218 3404 285 3456 Gen.
301 3406 340 3469 ιι,
353 3407 395 3455 ει.
501 3405 531 3452 11
553 3403 621 3454 Gen.
635 3404 675 3463 ει,
690 3404 714 3454 2.
