2326 3818
352 111 536 161 DEMONST.
554 110 688 162 EVANG.
707 113 741 161 x.
760 114 784 162 8.
998 110 1062 172 683

93 249 266 341 μακρόνης
282 247 344 337 την
363 247 526 336 βοήθειάν
543 245 644 338 μου.”
680 255 730 318 88.
752 247 795 330 ὡς
814 248 939 338 γάρείς
953 250 1062 340 βραχὺ

94 353 331 440 καταλειφθεὶς
355 349 437 440 πρός
460 348 522 438 την
551 353 612 420 τοῦ
641 346 770 438 ἀγῶνος
797 354 974 440 ἐπίδειξιν,
1007 354 1062 420 καὶ

94 453 196 544 μόνος
214 460 290 542 δίχα
309 456 439 541 βοηθοῦ
457 452 538 541 πρὸς
556 450 615 521 τόν
632 449 783 521 θάνατον
795 450 1062 541 ἀποδυσάμενος,

94 545 134 626 εὖ
152 551 250 636 είδολς
267 551 329 642 τὴν
347 551 509 641 βοήθειαν
526 550 588 641 την
606 550 695 642 παρά
712 557 773 623 του
785 551 909 643 πατρός
926 550 988 623 οὐκ
1005 552 1063 624 ἀλ·

66 666 159 737 ιλως
177 652 267 749 αὐτῷ
285 654 489 744 γενήσεσθαι
512 651 533 742 ἢ
552 653 607 723 ὃιά
631 658 688 742 τῆς
708 656 744 724 ἐκ
763 660 894 744 νεκρῶν
916 652 1063 742 ἀναστά-

92 780 197 846 σεως,
230 756 364 838 εἰκότως
395 758 450 826 ἐπὶ
480 760 541 826 τού
565 754 728 846 παρόντος
753 753 884 846 εὔχεται
910 754 1061 838 διεξόδου

92 877 207 948 τυχεῖν
225 862 281 947 τῆς
299 864 366 928 τῶν
379 855 572 928 ἀντιπάλων
585 857 806 949 παρατάξεως.
822 845 886 928 θιό
899 880 982 946 φησι
994 856 1062 926 “σύ

93 962 141 1048 δὲ,
156 959 263 1049 κύριε,
277 957 322 1047 μὴ
335 957 509 1050 μακρόνης
521 957 583 1047 τὴν
596 957 760 1047 βοήθειάν
772 988 849 1048 μου,
870 966 916 1039 είς
929 957 991 1046 την
1004 954 1061 1028 ἀν·
1076 985 1090 1024 d

90 1069 228 1149 τίληψίν
238 1089 303 1149 μου
314 1058 510 1149 πρόσσχες.”
537 1067 587 1131 89.
605 1060 660 1130 διὰ
674 1058 737 1149 γάρ
755 1069 813 1148 τῆς
827 1068 887 1148 σῆς
901 1069 1061 1148 βοηθείας

54 1160 113 1250 1οὴ
132 1161 308 1244 ἀντίληψίς
330 1191 386 1250 μοι
412 1163 606 1249 γενήσεται,
632 1159 677 1231 δι’
698 1158 741 1251 ἣν
765 1160 944 1249 ἀντίληψιν
961 1157 979 1231 ὁ
997 1168 1061 1242 πᾶς

92 1262 227 1344 εἰκότως
245 1268 492 1352 προγέγραπται
510 1262 647 1352 Ψαλμὸς
665 1261 751 1351 ὑπὲρ
764 1269 823 1351 τῆς
841 1266 986 1350 ἑωθινῆς
1005 1262 1062 1331 ἀν·

89 1363 264 1454 τιληψεως.
312 1372 358 1445 είς
381 1362 443 1451 τὴν
473 1361 653 1452 ἀντίληψιν
677 1369 856 1452 τοιγαροῦν
885 1363 1062 1454 πρόσσχες,

91 1469 248 1556 παρέχων
264 1495 319 1555 μοι
335 1463 397 1552 την
414 1462 495 1536 ὅσον
512 1463 607 1535 οὕτω
626 1463 709 1535 κατά
732 1465 795 1553 τὴν
813 1469 857 1535 ἕω
875 1469 932 1554 της
951 1470 987 1535 ἐκ
1005 1493 1062 1534 νε-

91 1571 183 1658 κρῶν
207 1565 419 1648 ἀναστάσεως
443 1565 639 1655 ἀντίληψιν,
666 1557 706 1654 ἧς
730 1570 847 1650 ἐλπίζω
870 1565 1061 1654 τεύξεσθαι,

52 1695 77 1735 15
93 1670 178 1739 ἐπὰν
199 1667 244 1757 μη
267 1667 439 1757 μακράνας
461 1697 527 1757 μου
551 1666 659 1756 αὐτὴν
672 1664 782 1759 ε’ράση
806 1666 871 1738 ἀπό
895 1673 1062 1757 ῥομφαίας

89 1767 152 1857 την
176 1767 287 1858 ψυχήν
309 1797 393 1858 μου,
419 1772 475 1838 καλ
495 1773 531 1839 ἐκ
556 1769 664 1891 χειρὸς
682 1767 784 1850 κυνός
809 1766 872 1857 τὴν
896 1771 1064 1901 μονργενη

89 1890 170 1960 μου
205 1869 289 1942 ἐπάν
316 1893 428 1961 σωσης
452 1898 493 1960 με
516 1873 553 1941 ἐκ
571 1869 731 1960 στόματος
749 1874 912 1995 A6ovv093
923 1874 979 1940 καὶ
996 1868 1062 1940 ἀπό

89 1971 241 2093 κεράτων
257 1970 499 2095 μονοκερότων
514 2001 577 2061 την
594 1980 799 2042 ταπείνωσίν
811 1970 900 2061 μου]
904 1968 991 2041 ’99
1013 1970 1058 2041 δι’
1077 1997 1131 2047 (τοι)

90 2102 139 2144 ων
157 2068 300 2161 ἡγουμαι
318 2069 423 2142 αὐτόν
440 2070 498 2154 τάς
516 2080 759 2162 καταχθονίους
775 2080 985 2145 αἰνίττεσθαι
1004 2081 1062 2144 ὃν·

52 2200 77 2240 ιο
91 2172 224 2262 νάμεις,
243 2202 292 2243 ων
309 2171 350 2242 οὐ
368 2172 446 2244 καθ’
468 2169 554 2296 ἡμᾶς
576 2169 619 2243 ἀν
638 2185 689 2263 είη
707 2203 769 2244 κατ
773 2171 891 2257 ἐιὸος
917 2182 1064 2245 διαστεί-

92 2285 218 2346 λασθαι
236 2277 292 2344 καὶ
312 2273 498 2362 διελεῖν,“
480 2301 570 2368 οπως
588 2274 609 2363 ἡ
627 2303 689 2364 μεν
705 2305 756 2357 τις
777 2272 895 2346 αὐτῶν
912 2281 1061 2366 ρομφαίοι
1076 2300 1129 2352 [ιω]

91 2367 180 2447 οὖσα
197 2372 384 2446 άνετείνετο
402 2372 485 2446 κατά
501 2382 561 2464 τῆς
579 2380 688 2498 ψυχης
710 2406 770 2447 του
789 2400 936 2499 σωτηρος
953 2372 1061 2465 ημῶν,

91 2506 112 2567 η
133 2480 173 2548 δέ
186 2508 235 2559 τις
254 2476 346 2548 κόων
363 2467 447 2547 οὖσα
471 2474 611 2548 θανάτω
629 2507 692 2566 την
708 2477 950 2568 θανατηφόρον
967 2495 1062 2568 χεῖρα

92 2577 339 2668 προυβάλλετο,
359 2577 452 2661 είς
419 2552 814 2668 τοκαθάψάσθαιαύτης.
842 2585 891 2648 91.
908 2578 961 2648 διό
979 2600 1062 2669 φησι
1096 2595 1101 2602 ’

52 2707 77 2746 25
88 2676 212 2770 ’ρῦσαι
230 2679 296 2751 ἀπὸ
314 2686 481 2771 ῥομφαίας
504 2681 566 2771 τὴν
587 2679 700 2770 ψυχήν
718 2710 801 2770 μου,
826 2684 881 2751 καὶ
901 2685 937 2750 ἐκ
954 2680 1063 2770 χειρός

90 2779 192 2860 κυνὸς
209 2780 271 2870 την
288 2790 454 2871 μονογενῆ
472 2778 572 2871 μου.”
608 2780 692 2869 άλλη
718 2785 759 2851 δέ
780 2811 828 2864 τις
852 2781 982 2872 πονηρά
1007 2785 1063 2852 καὶ

86 2888 158 2951 τῶν
176 2885 284 2952 ἐκεῖσε
301 2890 435 2972 θηρίων
451 2881 620 2973 ἡγουμένη
640 2881 801 2971 δύναμις,
825 2885 912 2953 λέων
936 2907 1064 2971 προσα-

87 2985 305 3072 γορευομένη,
322 2982 359 3053 τὸ
377 2982 486 3054 πλατὺ
504 2988 561 3054 καὶ
573 2980 693 3073 ἀχανὲς
710 2992 770 3055 τοῦ
783 2982 935 3055 θανάτου
953 2983 1057 3073 στόμα
1079 3016 1091 3054 ι

89 3087 295 3172 διαυοίξασα,
309 3084 392 3174 μετὰ
401 3090 470 3155 των
483 3083 596 3156 ἀλλων
606 3091 675 3155 τῶν
690 3083 863 3167 εἰς”Αιδου
878 3085 1062 3155 κατιόντων

50 3213 75 3252 το
90 3189 146 3256 κοιλ
164 3183 226 3274 τὴν
244 3184 351 3255 αὐτοῦ
371 3186 483 3275 ψυχὴν
501 3204 676 3258 καταπιεῖν
694 3184 843 3276 ὥρμητο,
869 3185 982 3277 ὥσπερ
1001 3178 1062 3257 οὖν

88 3286 192 3357 πάλαι
210 3286 373 3377 πρότερον
391 3290 548 3358 κατέπιεν
560 3284 577 3358 6
589 3285 735 3369 θάνατος
749 3288 897 3378 ίσχόσας,
916 3286 978 3377 οὐχ
993 3292 1063 3358 ἕτε-

88 3416 145 3478 ρος
164 3385 216 3459 τόν
232 3395 293 3458 τοῦ
317 3393 466 3460 ἐνταῦθα
490 3394 622 3472 λέοντος
639 3393 701 3460 τοῦ
725 3387 762 3460 τό
780 3388 885 3479 στόμα
902 3390 985 3460 κατά
1003 3395 1064 3460 του
