2326 3818
75 129 137 195 690
339 133 596 187 FRAGMENTUM
613 133 763 186 EUSEBH

72 273 134 361 μὲν
151 270 352 364 ἠπατημίνφ
376 274 453 363 περὶ
476 269 540 362 τὴν
556 275 617 343 τοῦ
634 279 711 361 βίον
735 280 928 362 φαντασίαν
945 280 1053 361 βασι·
1128 254 1157 403 αἱ

72 382 126 444 λεῖ
143 375 199 443 καί
215 372 364 462 τὴντῶν
382 377 555 463 αἰσθητῶν
578 369 632 444 οἷα
651 373 834 464 χρωμάτων
857 372 1050 464 ὡραιότητα

74 477 128 545 έπὶ
153 478 284 564 γραφῆς
308 471 527 564 ἀνακειμένης
550 474 756 564 θαυμάζοντι
784 473 889 546 εἰκόνι
914 475 1050 569 μεγάλη
1137 482 1148 543 ·“.

73 573 133 646 τὸν
149 574 285 648 πάντων
302 573 496 667 ἀνθρώπων
513 572 702 661 ἀπεικάζειν
720 583 808 664 βίον,
826 575 885 647 τὸν
904 578 942 647 δέ
959 605 1051 665 προ-
1135 582 1148 681 ,ᾗ

73 675 185 767 φήτην
207 677 266 747 τὸν
290 676 399 749 πολὺν
416 680 472 747 καὶ
494 680 601 767 μέγαν
618 675 722 748 σάλον
739 681 798 748 τοῦ
820 685 898 765 βίον
914 677 1077 772 μεγάληε
1155 687 1156 690 ’

72 772 229 869 θαλάσση
248 777 492 867 παραβάλλειν·
521 782 577 849 καὶ
593 780 641 871 τῷ
656 778 719 867 μὲν
733 787 866 867 βασιλεῖ
877 777 935 862 τάς
953 777 1050 870 παρά
1135 768 1143 783 ”

73 876 466 970 ἀνθρώποιςπολυτελεῑς
478 880 660 968 γενομένας
672 876 754 964 ῦλας
767 883 895 970 χρυσοῦ
911 883 967 950 καὶ
986 877 1049 973 άρ«
1152 927 1154 932 κ

71 979 179 1070 γῦρον
202 987 327 1070 χαλκοῦ
350 1008 386 1050 τε
413 982 469 1051 καί
493 979 633 1071 σιδήρου
658 980 862 1071 θαυμάζοντι
884 978 942 1063 τάς
960 983 1048 1053 κατὰ

72 1081 214 1173 χρόνους
240 1084 275 1152 ἐν
292 1085 339 1176 τῷ
355 1090 419 1176 βίφ
437 1086 505 1152 τῶν
527 1080 721 1173 ἀνθρώπων
739 1085 925 1173 ἐπικρατεῑς
944 1090 1048 1172 βασι-

72 1190 164 1264 λείας
180 1181 315 1266 ταύταις
333 1180 520 1274 ἀφομοιοῦν
536 1199 608 1265 ταῖς
626 1180 739 1274 ῦλαις,
762 1187 810 1278 τῷ
828 1186 865 1255 δὲ
882 1183 1044 1276 προφήτῃ
1060 1214 1087 1256 ιο
1123 1230 1127 1237 -

73 1290 110 1356 έν
127 1301 272 1375 μορφαῖς
289 1295 423 1375 θηρίων
441 1284 500 1367 τάς
518 1283 621 1368 αὐτάς
639 1293 811 1374 βασιλείας
828 1282 1046 1375 καταλλήλας
1137 1288 1141 1339 ἶ

70 1413 116 1480 τω
141 1415 199 1476 της
223 1416 326 1476 αρχης
350 1388 461 1482 τρόπω
488 1385 751 1477 διαγράφεσθαι·
785 1390 841 1457 καὶ
868 1386 970 1458 πάλιν
994 1392 1047 1484 τῷ
1139 1378 1143 1387 ’

70 1488 132 1577 μὲν
151 1495 284 1576 βασιλεῖ
300 1491 384 1578 μέγα
403 1487 446 1570 ὡς
466 1489 552 1570 εἰκὸς
579 1484 636 1576 ἐφ’
657 1491 764 1583 ἑαυτῷ
782 1494 966 1580 φρονοῦντι
985 1491 1044 1560 καί

69 1585 341 1683 άλαζονευομένῳ
361 1593 413 1661 έπί
431 1593 473 1680 τῇ
489 1594 557 1661 νῦν
574 1589 750 1678 προγόνων
764 1598 916 1682 βασιλείᾳ
934 1588 955 1677 ἡ
973 1594 1044 1662 των

68 1689 275 1781 πραγμάτων
304 1692 470 1780 μεταβολὴ
502 1698 691 1781 δείκνυται,
724 1694 779 1762 καί
809 1695 877 1762 των
903 1694 956 1760 ἐπὶ
980 1696 1043 1780 γῆς
1058 1718 1086 1758 ιε

70 1796 253 1881 βασιλειῶν
269 1792 306 1863 τὸ
324 1794 434 1882 τέλος,
454 1800 501 1873 εἰς
519 1801 719 1880 καθαίρεσιν
735 1797 794 1863 τοῦ
819 1796 855 1863 ἐν
873 1789 963 1885 αὐτῷ
982 1793 1044 1862 τῦ-

68 1922 158 1982 φον,
183 1897 239 1963 καὶ
264 1901 310 1974 εἰς
332 1892 368 1963 τὸ
395 1895 503 1983 μηδὲν
525 1889 683 1982 ἡγεῖσθαι
708 1897 846 1981 βέβαιον
863 1891 899 1961 τὸ
926 1896 962 1960 έν
980 1889 1044 1962 ἀν-
1143 1926 1147 1943 ¹

67 1993 239 2085 θρώποις,
257 1989 278 2081 ἢ
296 1992 453 2082 μόνοντὰ
473 1996 527 2063 ἐπὶ
545 1993 680 2063 πάντων
698 1995 791 2073 τέλος
807 1998 865 2080 τῆς
878 1995 939 2062 τοῦ
955 1997 1044 2063 θεοῦ

72 2102 258 2184 βασιλείας·
288 2100 425 2164 ἔσεσθαι
442 2093 506 2182 γάρ
526 2091 607 2183 μετά
625 2093 687 2181 τὴν
701 2091 836 2183 πρωτην
849 2090 1041 2182 Ἀσσυρίων

69 2191 196 2288 ἀρχὴν,
214 2192 257 2284 ἣν
274 2190 292 2265 ὁ
311 2193 433 2286 χρυσός
450 2194 599 2288 ᾐνίξατο,
619 2198 779 2285 δευτέραν
796 2192 859 2283 τὴν
876 2198 1040 2282 τωνΠερ-
1054 2219 1082 2260 το

69 2302 159 2386 σῦν,
190 2295 252 2386 τὴν
283 2297 339 2367 διά
369 2302 429 2369 τοῦ
461 2296 611 2388 άργῦρου
636 2300 886 2386 δεδηλωμένηυ·
926 2304 1040 2366 ἔπειτα
1141 2272 1150 2341 ἰ

69 2406 187 2489 τρίτην
224 2397 286 2488 την
320 2397 555 2486 Μακεδόνων,
592 2394 636 2486 ἣν
671 2396 689 2468 ὁ
726 2398 845 2488 χαλκὸς
879 2396 1038 2487 έσήμανε·
1141 2350 1150 2473 ἰ

70 2499 148 2590 μεθ’
171 2495 213 2589 ἣν
236 2499 396 2591 τετάρτην
419 2503 639 2585 διαδέξασθαι
661 2504 729 2570 των
748 2495 933 2589 Ῥωμαίων,
958 2527 1041 2584 κρα·
1142 2508 1152 2581 ἶ

68 2605 244 2691 ταιοτέραν
275 2593 381 2672 οὖσαν
410 2607 479 2672 τῶν
501 2599 565 2687 πρό
590 2597 710 2691 αῦτης,
744 2599 795 2671 διό
823 2603 878 2670 καί
910 2599 1040 2694 σιδήρῳ

70 2701 313 2793 παρεβάλλετο·
343 2715 452 2793 εἰρητο
469 2708 555 2790 γοῦν
572 2705 628 2772 καὶ
645 2705 722 2790 περὶ
739 2698 854 2790 αὐτῆς,
872 2704 927 2771 καί
946 2708 1039 2788 βασι·
1054 2725 1081 2765 τε
1140 2716 1150 2793 j

70 2811 145 2876 λεία
170 2802 307 2893 τετάρτη
331 2810 422 2874 ἔσται
447 2799 566 2893 ἰσχυρά
591 2799 636 2885 άς
658 2807 810 2893 σίδηρος·
851 2799 891 2872 ὃν
914 2799 1048 2892 τρόπον·
1141 2866 1144 2871 .

69 2903 87 2976 ὁ
106 2910 243 2995 σίδηρος
260 2904 416 2976 λεπτῦνει
433 2908 490 2975 καὶ
509 2902 644 2992 δαμάζει
662 2903 789 2992 πάντα,
808 2902 913 2984 οὕτως
930 2902 1039 2973 πάντα

68 3017 230 3079 λεπτννεῖ
244 3009 299 3076 καὶ
319 3005 475 3096 δαμάσει·
510 3007 565 3074 καλ
583 3005 664 3094 μετά
681 3004 740 3086 τάς
759 3007 933 3095 εἰρημένας
952 2999 1040 3073 ἀπά-

69 3133 128 3189 σας
152 3107 216 3196 τὴν
238 3111 301 3178 τοῦ
326 3111 411 3179 θεοῦ
435 3112 609 3195 βασιλείαν
635 3106 691 3176 διά
714 3110 773 3176 τοῦ
801 3113 1039 3196 συντρίβοντος

70 3210 133 3298 τὴν
151 3215 264 3280 πάσαν
282 3206 395 3279 εἰκόνα
413 3215 514 3279 λίθου
537 3209 802 3298 παρισταμένην·
837 3209 892 3277 καλ
917 3205 935 3276 ὁ
954 3232 1037 3296 προ-
1051 3233 1077 3275 σο

70 3309 176 3397 φήτης
188 3307 317 3380 τοῦτων
331 3305 527 3392 ἀκολούθως
540 3307 601 3397 τὴν
616 3311 670 3378 έπί
683 3310 769 3379 τέλει
786 3314 847 3378 τοῦ
864 3311 932 3378 των
950 3303 1039 3377 ὅλων

70 3411 156 3480 θεοῦ
173 3415 347 3496 βασιλείαν
365 3409 405 3479 οῦ
423 3409 584 3501 πρότερον
601 3404 763 3499 θεωρεῖῆ
785 3407 843 3490 τάς
864 3412 1038 3499 εἰρημένας
