2326 3818
325 104 509 156 DEMONST.
528 105 662 156 EVANG.
680 105 757 158 VIII.
776 106 800 159 1,
988 103 1050 167 497

83 244 165 316 κατά
182 243 260 325 τούς
279 241 483 332 ὡρισμένους
507 239 648 332 χρόνους
667 241 945 332 διαλελοιπύτων,
964 251 1051 332 πρῶ-

83 376 137 427 τος
154 345 217 435 μὲν
235 341 445 432 Αύγουστος,
466 342 620 433 δεύτερος
640 343 677 412 δὲ
700 345 866 433 Τιβέριος,
884 344 966 433 μετά
984 349 1052 416 των

83 445 194 517 άλλων
212 447 268 516 καὶ
282 449 342 516 τού
353 440 524 515 Ἰουδαίων
538 451 661 526 ἔθνους
669 442 951 536 ἀνηγορεύθησαν
957 454 1052 533 βασι·
1066 488 1076 515 ε

84 558 168 636 λελς,
187 553 221 617 οἵ
237 575 273 618 τε
291 543 374 616 κατά
390 544 529 626 τούτους
552 549 611 633 τῆς
625 543 788 627 Ἰουδαίοις
808 551 978 635 ἐπίτροποι
997 552 1052 617 καὶ

57 647 273 739 στετράρχαι,
298 645 339 718 ού
362 644 429 737 μὴν
454 642 538 716 άλλά
555 650 612 716 καὶ
624 645 792 737 Ἡρύδης,
819 643 864 728 ιδς
883 653 969 737 ἔφην
987 646 1052 736 ἤδη

83 749 342 841 καὶπρότερον,
367 746 408 820 ού
433 747 612 838 προσήκων
627 744 798 830 Ἰουδαίοις
816 748 852 819 τὸ
877 778 991 838 γενος,
1016 747 1052 831 δς

83 853 138 922 καλ
166 849 264 934 αὐτὸς
290 847 380 943 παρά
392 847 562 940 Ῥωμαίων
585 848 648 939 τὴν
673 848 780 941 άρχην
797 847 859 939 τὴν
877 850 958 921 κατά
973 846 1052 920 Ἰου·

85 960 192 1024 δαίων
211 949 447 1044 ἐγχειρίζεται.Ι

159 1061 210 1127 20.
241 1053 375 1126 Τούτων
408 1051 489 1142 ἡμῖν
517 1055 814 1142 προτετηρημένων
847 1051 960 1143 καιρός
986 1051 1052 1143 ἤδη

45 1183 69 1221 ιο
83 1166 179 1226 καλεῖ
200 1163 258 1244 τῆς
284 1162 331 1235 είς
357 1152 419 1242 την
448 1159 655 1242 προφητείαν
678 1162 825 1244 θεωρίας
857 1153 1052 1245 ἐφάψασθαι

79 1251 210 1343 Ἰούδα,
230 1257 268 1325 οὲ
285 1258 481 1326 αίνίσαισαν
499 1259 534 1323 οί
548 1249 694 1343 άδελφοί
709 1253 803 1325 σου.”
835 1255 966 1326 δάδεκα
985 1264 1052 1326 τῶν

82 1353 170 1426 ὅλων
183 1352 405 1446 ὑπαρχόντων
419 1361 551 1425 παίδων
566 1359 611 1448 τῷ
626 1352 742 1445 Ἰακιδβ
757 1358 909 1446 τέταρτος
925 1353 1051 1437 Ἰούδας

83 1448 142 1546 ἦν,
162 1456 206 1539 ὡς
225 1459 279 1527 καὶ
294 1455 487 1546 φθάσαντες
502 1454 692 1547 εἰρήκαμεν,
713 1454 759 1539 εἷς
773 1460 828 1527 καὶ
844 1453 942 1538 αύτός
960 1455 1051 1547 άρχί-

82 1569 189 1647 φυλος
206 1563 266 1628 τού
278 1556 442 1648 Ἑβραίων
460 1563 592 1638 ἔθνους.
628 1562 679 1628 21.
699 1555 772 1629 άλλ’
793 1555 844 1629 ότι
860 1586 899 1647 γε
913 1556 975 1629 ούκ
994 1557 1051 1627 ού·
1067 1585 1081 1626 d

45 1688 70 1728 ιε
82 1659 140 1730 τὸν
159 1663 287 1731 ἐκεῖνον
315 1657 402 1749 ἑάρα
425 1657 484 1729 τὸν
506 1655 615 1749 άνδρα
639 1656 679 1728 τά
698 1656 742 1741 άς
764 1657 846 1750 πρός
866 1656 968 1730 αύτόν
985 1658 1051 1731 ὑπὸ

82 1759 283 1852 τοῦπατρὸς
311 1765 468 1852 εἰρημένα
492 1760 597 1848 σαφὲς
620 1755 663 1829 άν
679 1763 808 1849 γένοιτο
829 1779 898 1844 τοῖς
918 1761 1053 1849 ἐπιστη-

83 1885 160 1934 σασι
172 1881 243 1947 ταῖς
258 1866 364 1947 λε’ξεσι
377 1866 435 1952 της
445 1869 542 1943 θείας
556 1867 698 1952 γραφῆς,
718 1871 849 1953 πρῶτον
862 1869 921 1933 τοῦ
935 1862 1052 1950 Ἰακώβ

82 1965 165 2057 πρὸς
182 1965 259 2048 τούς
277 1964 373 2046 υίούς
391 1967 506 2053 φωνῆς
533 1961 695 2054 λεγούσης
709 1959 867 2035 “gardam
886 1966 922 2034 δὲ
936 1961 1052 2051 Ἰακώβ

82 2064 161 2148 τούς
179 2065 275 2147 υίούς
293 2066 408 2152 αὐτοῦ,
427 2069 483 2135 καὶ
502 2066 584 2152 είπε,
604 2064 797 2156 συνάχθητε
811 2070 866 2137 καὶ
880 2063 1052 2155 άναγγελῶ

44 2195 70 2234 εο
83 2165 177 2256 ὑμῖν,
196 2175 231 2236 τί
245 2165 326 2255 ύμῖν
344 2164 568 2254 ἀπαντήσεται
584 2162 638 2246 ἐπ’
660 2166 798 2255 ἐσχάτου
818 2173 886 2238 τῶν
900 2163 1051 2257 ἡμερῶν

82 2264 290 2356 άθροίσθητε
327 2269 381 2335 καὶ
417 2264 581 2337 άκούσατε
618 2270 687 2337 υίοὶ
713 2266 830 2355 Ἰακάβ
842 2323 850 2356 ,
888 2265 1052 2339 άκούσατε

78 2363 208 2459 Ἰσραὴλ
226 2370 286 2438 τοῦ
303 2363 425 2453 πατρὸς
442 2362 571 2456 ύμάν.”
608 2373 660 2436 22.
680 2372 795 2455 σαφῶς
808 2368 872 2457 γάρ
892 2373 1053 2456 ἐπαγγέλ-

83 2479 173 2540 λεται
192 2466 417 2560 προφητεύειν
440 2463 553 2550 αὐτοῖς
570 2468 610 2538 τά
633 2471 794 2558 μέλλοντα
812 2466 925 2550 αὐτοῖς
944 2467 1053 2539 άπαν-

82 2570 245 2660 τήσεσθαι
277 2587 415 2661 μακροῖς
445 2567 587 2660 ὕστερον
618 2569 748 2660 χρόνοις
779 2572 852 2653 καὶ,
883 2568 927 2651 ὡς
953 2568 1052 2652 αύτός

45 2699 70 2741 ετ
83 2693 205 2762 φησιν,
233 2668 285 2744 ἐπ’
313 2671 450 2763 ἐσχάτου
473 2676 541 2743 των
564 2669 707 2764 ἡμερῶν.
751 2675 807 2743 καὶ
825 2670 933 2754 άλλως
958 2673 995 2742 δὲ
1013 2670 1052 2742 τά

84 2772 129 2854 ὡς
146 2772 229 2865 πρός
245 2772 305 2845 τδν
319 2772 452 2845 Ἰούδαν
471 2778 629 2867 εἰρημένα
646 2771 708 2845 ούκ
726 2768 769 2845 άν
788 2773 932 2864 εὐλόγως
952 2779 1053 2864 ἐφαρ-

82 2871 196 2962 μόσειε
213 2882 259 2967 τῷ
284 2873 404 2968 πράτφ
424 2879 541 2968 ἐκείνω
559 2875 669 2967 άνδρί.
706 2881 757 2946 23.
778 2872 818 2946 ού
838 2875 902 2967 γάρ
924 2882 1053 2948 ἐκεῖνον

83 2973 141 3045 τὸν
156 2971 286 3046 Ἰούδαν
304 2972 430 3065 ᾔνεσαν
447 2982 483 3046 οί
497 2973 654 3066 άδελφοί·
689 2981 705 3046 ἐ
731 2979 742 3046 ὶ
761 2986 846 3072 ποίῳ
865 2976 928 3069 γάρ
947 2975 1052 3048 αὐτοῦ

84 3074 316 3167 κατορθώματι
339 3084 437 3148 τοῦτο
464 3081 625 3167 ἐποίησαν
647 3075 706 3164 άν;
738 3077 819 3150 οὐδὲ
842 3078 908 3170 μην
936 3084 1052 3171 ἐκείνω

46 3204 71 3250 ³0
85 3177 350 3271 προσεκύνησαν
366 3185 401 3250 οί
421 3181 491 3250 υίολ
514 3184 574 3250 τού
601 3178 732 3271 πατρός.
776 3185 903 3270 μάλλον
922 3179 952 3251 δ’
975 3175 1052 3249 άνὸ

85 3279 180 3370 λόγος
202 3279 365 3373 ἥρμοσεν,
390 3287 421 3352 εί
442 3286 487 3376 τῷ
503 3277 623 3372 Ἰωσὴφ
642 3293 770 3372 είρητο,
795 3280 909 3370 ἐπειδὴ
933 3285 1051 3352 τούτου
1067 3309 1121 3361 (μοι

84 3379 151 3472 άμα
168 3399 237 3465 τοῖς
255 3393 382 3467 λοιποῖς
400 3378 559 3474 άδελφοῑς
577 3387 632 3455 καὶ
651 3381 749 3466 αύτδς
763 3382 890 3467 Ἰούδας
909 3408 1053 3475 προσκυ-

134 3512 273 3551 susumus
293 3515 340 3554 111.
849 3499 890 3561 32
