2326 3818
124 123 187 187 312
534 122 684 173 Εοευοιι

124 265 179 333 καὶ
207 259 380 350 δυνάμεως
406 263 460 330 καί
483 257 676 349 κυρίότητος
705 262 761 329 καί
784 261 908 342 παντὸς
930 257 1101 350 ὀνόματος

124 363 385 452 ὀνομαζομένου,
410 361 451 431 οὐ
474 361 578 451 μόνον
608 365 644 431 ἐν
667 366 712 455 τῷ
737 365 834 431 αἰωνι
857 359 984 453 τούτῳ,
1009 360 1101 437 ἀλλὰ

125 467 180 535 καί
200 468 237 534 ἐν
254 468 301 557 τῷ
317 466 479 553 μέλλοντι.
516 465 571 532 καί
590 461 698 534 πάντα
712 460 870 550 ὑπέταξε
889 465 1008 551 φησίν,
1030 462 1100 535 ὑπὸ

124 564 201 647 τούς
215 563 320 646 πόδας
335 562 474 654 αύτού,”
496 561 577 633 κατίι
590 562 651 651 τὴν
665 561 747 653 πρὸς
764 562 867 633 αὐτὸν
879 567 1098 657 ἐπαγγελίαν,

123 665 167 757 ἣν
186 666 241 737 δια
259 671 320 737 τοῦ
341 670 483 753 Ψαλμοῦ
502 673 680 787 παρίστησι
698 660 836 752 λέγων“
841 663 952 736 καθου
981 669 1019 735 ἐκ
1040 672 1097 737 δε-
1108 695 1122 736 ο

125 775 205 853 ξιών
222 796 305 856 μου,
330 771 392 847 ἕως
416 795 459 835 αν
482 769 536 835 θω
557 765 634 848 τούς
650 765 801 856 ἐχθρούς
826 786 888 836 σου
906 761 1101 839 ὑποπόδιον

124 901 193 941 των
210 873 325 938 ποδῶν
343 889 414 937 σου.
457 876 677 957 κατακυρίενε
701 872 738 937 ἐν
761 870 853 992 μέσςο
875 896 943 937 των
962 870 1102 958 ἐγδρων

127 965 223 1042 σον.”
265 967 435 1057 πρόδηλον
458 964 613 1039 παντί
590 998 633 1050 ως
665 976 712 1040 ἔτι
738 971 802 1040 νύν
824 996 845 1056 η
869 996 928 1038 τον
916 971 1100 1060 σωτῆρος

125 1070 221 1160 ἡμῶν
241 1067 381 1158 δύναμις
400 1071 454 1139 καί
472 1068 490 1139 δ
508 1074 566 1158 τῆς
584 1076 801 1151 διδασκαλίας
820 1068 924 1140 αὐτοῦ
942 1069 1041 1159 λόγος
1061 1075 1100 1141 ἐν

126 1174 216 1294 μέσῳ
234 1178 301 1241 των
320 1175 458 1295 ἐχθρῶν
465 1173 521 1240 καὶ
535 1180 704 1260 πολεμίων
717 1168 822 1242 αύτού
834 1175 902 1241 τῶν
915 1192 1098 1242 πεπιστευ-
1110 1198 1134 1239 ιο

127 1272 234 1343 κότων
252 1281 299 1354 εἰς
317 1269 421 1343 αύτόν
440 1270 599 1342 ἁπαντων
616 1271 858 1362 κατακνριεύει.

59 1370 114 1473 {ff}
205 1370 295 1445 IV.“
297 1373 380 1463 Ἐγω
399 1373 513 1464 κύριος
532 1376 724 1462 ἐποίησα
682 1402 747 1462 γην
764 1376 820 1443 καί
837 1369 1023 1462 ανθρωπον
1042 1369 1096 1444 ἐπ’

100 1474 248 1566 ταύτης
290 1475 354 1564 ἐγώ
385 1482 425 1566 τῇ
449 1481 537 1564 χειρί
556 1503 621 1563 μου
649 1472 887 1565 ἐστερέωσα
854 1502 912 1544 τον
936 1471 1098 1564 οὐρανὸν,

129 1579 193 1669 ἐγώ
212 1585 293 1647 πᾶσι
315 1592 384 1656 τοῖς
411 1574 544 1663 ἄστροις
563 1575 792 1665 ἐνετειλάμην,
819 1573 924 1664 ἐγώ”
902 1602 1023 1666 ηγειρα
1041 1573 1100 1647 τὸν

128 1679 209 1769 μετὰ
234 1675 448 1765 δικαιοσύνης
473 1679 628 1764 βασιλέα,
652 1678 708 1746 καί
726 1684 829 1747 πᾶσαι
847 1683 886 1746 αι’
899 1675 974 1746 ὁδοί
992 1673 1134 1748 αύτοῦιο

131 1776 274 1850 εύδείαι.
315 1769 412 1860 οὗτος
430 1775 643 1865 οἰκοδομήσει
660 1776 722 1867 τὴν
745 1776 844 1848 πόλιν
865 1806 931 1867 μου
957 1781 1013 1847 καὶ
1037 1777 1101 1867 τὴν

129 1887 358 1970 αἰχμαλωσίαν
382 1886 441 1949 τοῦ
458 1884 542 1947 λαοῦ
560 1881 765 1968 ἐπιστρέψει,
792 1877 832 1950 ού
855 1878 936 1969 μετὰ
953 1877 1102 1969 λύτρων,

131 1979 211 2052 οὐδὲ
228 1977 310 2069 μετοί
330 1978 465 2067 δούρων,
486 1978 560 2048 εἰπε
577 1977 692 2069 κύριος
710 1977 898 2068 Σαβαύθ.”

205 2086 235 2149 2.
261 2081 348 2161 Τέως
366 2080 429 2169 μὲν
445 2087 550 2151 ταῦτα
563 2075 580 2150 ὁ
594 2087 662 2153 τῶν
675 2078 764 2152 ὅλων
776 2079 911 2170 ποιητὴς
923 2080 1003 2161 θεὸς
1021 2091 1104 2172 περί

129 2210 218 2262 τινος
237 2184 398 2268 βασιλέως
416 2185 472 2252 καί
491 2189 637 2274 σωτῆρος
655 2185 831 2271 μέλλοντος
854 2188 1045 2271 οἰκοδομεῖν
1062 2180 1101 2253 τό
1114 2210 1139 2252 ιο

129 2290 187 2371 τῆς
212 2281 382 2371 εὐσεβείας
409 2292 592 2373 πολίτευμα
617 2283 859 2375 λυτρώσασθαί
878 2311 914 2354 τε
942 2283 1005 2371 τὴν
1030 2286 1102 2354 ἐπι-

102 2392 308 2476 ισυμβοῖσαν
339 2383 531 2477 ἀνθρώποις
562 2384 628 2456 ὑπὸ
657 2393 715 2475 τῆς
747 2391 941 2475 δαιμονικῆς
971 2381 1103 2474 πλάνης

131 2496 360 2579 αἰχμαλωσίαν
388 2487 443 2558 διὰ
470 2495 530 2558 τοῦ
554 2485 728 2576 προφήτου
754 2493 919 2571 θεσπίζει·
961 2488 1037 2574 ἑξῆς
1062 2487 1102 2556 δέ

131 2589 258 2669 τούτοις
288 2589 325 2657 τὸ
355 2587 563 2678 προφητικὸν
585 2594 719 2676 πνεῦμα
739 2586 802 2676 τὴν
830 2585 1004 2676 ὑποταγὴν
1031 2592 1102 2657 τῶν

131 2687 332 2778 ἀλλοφύλων
357 2691 470 2758 ἐθνῶν
487 2694 683 2776 αἰνίττεται,
710 2683 753 2776 ἣν
769 2687 1037 2778 ύποταγήσονται
1054 2693 1102 2781 τῷ
1113 2715 1141 2757 εσ

132 2791 431 2882 προφητευομένῳ,
458 2791 513 2858 καὶ
539 2787 583 2869 ὡς
607 2787 901 2879 προσκυνήσουσιν
930 2787 1021 2883 αὐτῷ
1045 2785 1100 2859 οἷα

132 2896 203 2981 θεῷ
217 2896 252 2961 οί
262 2886 559 2981 ὑποταγησόμενοι,
570 2893 626 2961 καὶ
639 2885 682 2972 ὥς
693 2890 932 2981 προσεύξονται
946 2894 984 2960 ἐν
997 2886 1100 2984 αύτῷ,

134 2988 189 3059 διοί
207 2989 242 3061 τὸ
260 2998 394 3079 μείζονα
407 2998 574 3063 κατοικεῖν
588 2997 625 3062 ἐν
642 2991 735 3086 αὐτῷ
752 2991 847 3083 θεὸν,
865 2989 923 3062 τὸν
940 2989 1101 3062 ἀνωτάτω

134 3092 261 3182 δηλαδὴ
282 3097 407 3183 πατέρα
433 3096 489 3164 καί
515 3093 599 3165 θεὸν
623 3098 691 3165 των
716 3091 813 3164 ὅλων.
858 3099 888 3164 3.
913 3090 954 3164 τίι
981 3094 1019 3163 δὲ
1042 3098 1101 3181 τῆς

133 3198 250 3277 λέξεως
280 3191 385 3276 οὕτως
415 3202 482 3284 ἔχει
506 3192 616 3266 “ούτω
648 3198 738 3284 λέγει
766 3193 895 3286 κύριος,
924 3199 1141 3266 ίκοπίασενοο

203 3429 233 3476 12
251 3427 298 3477 Es.
312 3428 354 3492 45,
369 3429 408 3479 τι.
513 3399 546 3480 3ο
563 3428 611 3483 σε.
623 3429 666 3493 45,
680 3430 720 3478 14.
