2326 3818
121 129 184 194 128
530 128 679 180 ευεεειι

120 279 175 342 δοι
193 258 298 340 αὑτοῦ
320 265 377 339 ὑπ’
405 265 508 359 ἀρχῆς
533 269 565 352 ἐξ
590 263 724 360 ἡμερῶν
747 270 876 349 αἰῶνος.
914 267 969 338 διὰ
987 276 1089 341 τοῦτο

118 372 223 443 δύσει
242 370 362 453 αύτούς
381 374 442 453 ἕως
460 374 578 461 καιροῦ
596 368 785 458 τικτούσης·
818 372 960 458 τέξεται,
979 372 1093 442 καλοί

119 477 286 545 ἐπίλοιποι
308 477 376 544 τοῖν
398 469 557 563 ἀδελφῶν
574 468 687 543 αῦτιῦν
707 467 975 562 ἐπιστρένουσι.”
1015 478 1087 544 149.

120 577 176 647 καὶ
199 573 280 665 μετῦ
304 577 430 667 βραχέα
455 577 598 661 ἐπιλέγει
616 569 697 643 “nal
720 581 812 644 ἔσται
833 569 870 643 τό
896 571 1090 664 ὑπόλειμμα

120 682 180 750 τοῦ
193 672 311 765 Ἰακώβ
336 681 373 747 ἐν
391 694 459 758 τοῖς
478 684 632 763 ἔθνεσιν,
660 678 697 745 ἐν
713 679 805 770 μέσῳ
829 678 920 746 λαοῦν
937 681 1087 765 πολλῶν,
1102 708 1117 749 τ

119 775 165 862 ῦς
184 778 302 869 δρόσος
320 776 410 867 παρὰ
428 784 547 865 κυρίου
565 785 750 865 πίπτουσα,
774 779 830 847 καλ
849 771 894 859 τός
910 773 1010 866 ἄρνες
1029 774 1086 849 ἐπ’

119 880 304 971 ἄγρωστιν,
330 878 421 959 ὅπως
442 877 488 968 μὴ
510 882 666 969 συναχθῇ
689 881 823 969 μηδεὶς,
848 878 932 968 μηδὲ
956 877 1090 971 ῦποστῇ

121 987 157 1053 ἐν
175 989 262 1062 υἱοῖς
280 978 488 1068 ἀνθρώπων·
524 981 580 1050 καὶ
604 987 696 1050 ἔσται
713 980 749 1051 τὸ
767 975 956 1069 ὑπόλειμμα
971 976 1091 1071 ’fannia

91 1117 107 1145 e
122 1086 158 1154 ἐν
175 1099 243 1164 τοῖς
261 1091 416 1170 ἔθνεσιν,
437 1087 473 1152 ἐν
490 1085 580 1175 μέσῳ
599 1085 689 1152 λαῶν
707 1084 858 1171 πολλῶν,
883 1079 928 1163 ῦς
946 1083 1032 1154 λέων
1052 1086 1090 1155 ἐν

120 1201 188 1266 τοῖς
207 1181 341 1273 κτήνεσι
359 1187 417 1254 τοῦ
437 1189 584 1276 δρυμοῦ,
603 1184 659 1252 καί
677 1177 722 1266 ῦς
739 1181 885 1273 σκύμνος
901 1186 937 1254 ἐν
955 1193 1089 1273 ποιμνί-
1103 1214 1131 1257 ιο

120 1315 169 1368 οις
186 1283 377 1376 προβάτων·
413 1280 454 1357 όν
470 1283 595 1376 τρόπον
611 1283 692 1355 ὅταν
711 1288 831 1376 διέλθῃ
862 1287 917 1355 καί
943 1291 1091 1358 διαστεί-

119 1397 179 1473 λας
196 1386 347 1479 ὑρπύση,
373 1386 492 1477 καὶμὴ
511 1376 568 1478 ἦὸ
593 1384 832 1479 ἐξαιρούμενος.
867 1384 1091 1476 ὑψωθήσεται

119 1488 140 1579 ἡ
165 1499 237 1580 χείρ
268 1514 330 1561 σου
358 1492 412 1560 ἐπὶ
439 1489 517 1571 τοῦς
541 1485 723 1578 θλίβοντύς
747 1512 801 1577 σε,
833 1492 890 1559 καλ
914 1487 1037 1572 πάντες
1055 1496 1092 1562 ol

117 1594 239 1681 ἐχθροί
254 1613 316 1663 σου
335 1588 708 1681 ἐξολοθρευθήσονται.”

198 1700 267 1763 150.
291 1690 428 1764 Τούτων
441 1689 517 1763 οὐδ’
535 1689 577 1762 ἄν
590 1722 621 1762 τι
634 1695 763 1780 γίνοιτο
779 1689 988 1782 λευκότερον,
1003 1692 1090 1764 κατὰ
1104 1720 1130 1763 ιε

119 1791 155 1865 τό
174 1792 254 1865 αὐτὸ
274 1795 329 1864 καλ
352 1792 414 1882 τὴν
431 1796 565 1883 γένεσιν
582 1791 644 1882 τὴν
670 1796 706 1865 ἐν
722 1795 877 1884 Βηθλεέμ
902 1798 961 1865 τοῦ
979 1799 1092 1884 σωτῆ-

119 1926 176 1986 ρος
200 1893 490 1985 ύναφωνούυτων,
515 1898 571 1965 καὶ
596 1894 658 1985 τὴν
686 1896 750 1986 πρὸ
780 1901 900 1976 αίῦνος
923 1893 1091 1969 ούσίωσιν

116 1996 241 2085 αὑτοῦ,
260 1999 316 2067 καλ
334 1996 392 2067 τὸν
409 1999 467 2084 τῆς
484 1998 658 2088 παρθένου
675 1995 809 2069 τοκετόυ
819 2051 828 2085 ,
847 1999 903 2068 καὶ
916 2003 984 2068 τῦν
1002 1993 1090 2070 ύπο-

120 2097 247 2168 στόλων
265 2100 321 2167 καὶ
343 2102 505 2187 μαθητῶν
528 2095 631 2169 αὑτοῦ
654 2098 716 2187 τὴν
733 2107 868 2188 κλῆσιν,
896 2101 952 2170 καὶ
969 2100 1005 2169 τὸ
1024 2099 1090 2189 κη’-

120 2229 230 2291 ρυγμα
249 2198 284 2270 τό
303 2195 383 2271 καθ’
403 2198 480 2290 ὅλης
500 2205 556 2290 τῆς
570 2204 766 2290 οίκουμένης
781 2203 856 2291 περὶ
871 2206 931 2271 τοῦ
939 2208 1088 2291 Χριστοῦ
1101 2231 1130 2273 ιο

88 2331 102 2373 d
121 2298 166 2371 δι’
186 2298 298 2373 αὐτῶν
315 2306 590 2393 κατηγγελμένον.
628 2308 699 2375 151.
719 2307 778 2373 τοῦ
797 2300 861 2392 γὰρ
876 2305 1087 2393 δηλουμένου

117 2402 294 2495 ἄρχοντος,
313 2395 354 2476 οῦ
371 2404 429 2490 τῦς
448 2404 581 2489 ἐξόδους
605 2402 623 2476 ὁ
641 2403 737 2494 λόγος
757 2408 789 2488 ἐξ
812 2399 947 2494 ἡμεροῦν
964 2409 1088 2490 αίῶνος

118 2506 205 2578 εἶναι
230 2516 342 2597 δηλοῖ,
369 2511 405 2578 ἐκ
428 2511 486 2595 τῆς
508 2507 664 2595 Βηθλεέμ
694 2508 999 2598 προελευσομένου,
1028 2511 1086 2578 καὶ

117 2613 175 2695 τῆς
198 2617 316 2679 τοῦτον
334 2606 574 2698 ἆποτικτούσης
591 2602 687 2695 ἁγίας
705 2611 879 2697 παρθένου
897 2609 1086 2698 τεξομένης,

116 2707 157 2776 οῦ
176 2707 302 2789 πάντας
320 2711 403 2799 φησὶ
421 2706 499 2789 τοῦς
518 2713 553 2779 ἐκ
571 2713 760 2799 περιτομῆς,
768 2705 851 2779 ῦλλόι
864 2709 988 2799 μόνους
1005 2708 1086 2794 τούς
1099 2738 1128 2781 εσ

118 2812 310 2891 ἐπιλοίπους
333 2806 638 2899 ἀνασωθήσεσθαι,
668 2805 728 2892 οῦς
758 2813 814 2881 καὶ
838 2821 959 2901 λεῖμμα
982 2811 1088 2901 γενή-

117 2922 237 2980 σεσθαι
256 2915 314 2981 τοῦ
330 2906 463 3000 Ἰακῦβ,
487 2914 543 2982 καλ
568 2918 667 3000 δίκην
685 2910 809 3003 δρόσου
829 2915 882 2983 ἐπὶ
897 2911 1007 2984 πάντα
1025 2919 1087 2985 δο-

114 3009 286 3101 θήσεσθαι
303 3012 342 3082 τό
361 3021 454 3102 ἔθνη.
473 3011 590 3085 “bom
607 3011 671 3103 γὰρ
690 3014 824 3105 (φησὶν)
842 3012 879 3085 τό
892 3013 1086 3105 ὑπόλειμμα

115 3117 176 3184 τοῦ
189 3110 305 3203 Ἰακιόβ
324 3118 361 3186 ἐν
378 3131 447 3197 τοῖς
465 3122 618 3204 ἔθνεσιν,
644 3110 688 3198 ῦς
713 3113 830 3205 δρόσος
854 3116 944 3209 παρὰ
962 3125 1085 3209 κυρίου

116 3222 282 3287 πίπτουσα
313 3212 431 3300 καλός
454 3215 554 3308 ἄρνες
580 3213 633 3288 ἐπ’
658 3215 857 3309 ῦγρωστιν.”
909 3224 978 3290 152.
998 3216 1081 3291 ἄνθ’
1097 3246 1125 3289 οο

116 3363 286 3373 ——-.-—--
293 3367 317 3375 ᾳ

183 3449 199 3496 4
219 3446 282 3502 Mic.
296 3453 320 3514 5,
334 3454 358 3501 ι.
