2326 3818
99 113 146 188 είς
164 112 198 175 τί
209 106 420 194 ἐγκατέλιπές
432 134 490 194 μες
509 113 569 174 καί
578 132 666 187 τινες
679 109 748 174 τῶν
762 104 982 176 ἀκουσάντων
1001 113 1069 176 ἔλε-

98 237 179 296 γον,
194 202 313 277 Ἠλίαν
329 203 471 295 φωνεῑ.”

176 312 225 378 15.
247 309 334 395 Φέρε
352 305 395 395 δὴ
408 295 473 379 οὖν
487 305 616 388 τούτοις
629 304 825 388 ἀκολούθως
841 313 966 395 ίδωμεν
980 305 1070 391 ὅπως

99 416 147 491 είς
165 406 270 479 αὐτὸν
286 405 546 499 ἀνενεχθήσεται
569 406 610 479 τά
628 405 684 478 διὰ
708 413 768 477 τοῦ
790 413 931 496 Ψαλμοῦ
951 413 1070 497 δηλού-

72 536 192 601 ιμενα.
242 513 298 581 καλ
328 508 462 600 πρῶτόν
484 539 523 599 χε
548 506 761 600 διαλάβωμεν
786 509 848 599 τὴν
870 508 1070 599 φάσκουσαν

98 612 298 703 προγραφὴν
310 607 383 693 “eis
406 610 442 682 τό
465 609 592 701 τέλος,”
619 606 640 700 ἢ
664 610 747 682 κατά
772 609 831 683 τὸν
844 608 987 682 Ἀκύλαν
1001 607 1071 704 “τηῐ

97 710 289 808 νικοποιῷ,”
306 708 327 801 ἢ
345 713 428 784 κατὰ
445 710 505 785 τὸν
518 711 702 804 Σύμμαχον
712 711 897 795 “έπινίκιος
910 711 995 803 ὑπὲρ
1012 717 1070 802 της

98 811 338 904 ἀντιλήψεως.”
383 821 433 886 16.
452 812 555 888 ταῦθ’
573 811 658 904 ημᾶς
681 811 931 906 ὑπεισέρχεται,
957 811 1008 885 ὅτι
1031 812 1069 885 τὸ

98 919 160 1007 μὲν
177 917 344 1008 σωτήριον
360 916 488 1004 πάθος,
508 912 552 998 ὦς
570 923 609 986 αί
623 919 726 1000 λέξεις
739 921 809 988 τω”υ
823 915 1070 1006 εὐαμγελιστοῖν

60 1047 85 1087 ιο
98 1021 313 1108 παρέστησαν
325 1016 488 1101 “σκε’τους
505 1019 688 1108 χωομένου
706 1015 771 1088 ἀπό
791 1014 879 1108 ὥρας
894 1022 988 1108 έκτης
1007 1022 1099 1100 ἕωςε

98 1116 185 1209 ὥροις
205 1115 355 1209 ένάτης,”
376 1115 463 1210 ἀμφὶ
476 1117 538 1208 τὴν
553 1118 674 1208 ἐνάτην
687 1121 924 1208 συνετελέσθη,
943 1119 998 1190 ὅτε
1012 1123 1069 1189 καὶ

96 1220 160 1309 τὴν
182 1219 302 1310 φωνὴν
323 1217 435 1310 ἀφῆκε
457 1221 520 1308 τὴν
542 1218 692 1311 μεγάλην
715 1219 754 1290 τά
783 1224 892 1314 μικρῷ
915 1219 1068 1311 πρόσθεν

99 1325 316 1412 δεδηλωμένα
343 1322 468 1410 εἰπάν,
500 1320 584 1394 ὥστε
613 1317 851 1412 ὁμολογεῖσθαι
885 1329 1000 1411 σαφῶς
1032 1319 1068 1392 τὸ

97 1422 207 1506 πάθος
225 1420 331 1494 αὐτοῦ
358 1421 434 1513 ’μφὶ
447 1420 510 1511 την
524 1426 670 1513 ἑσπέραν
683 1421 803 1506 νυκτὸς
819 1422 1068 1512 έπελαυνοάσης

59 1549 84 1591 ιτ
98 1527 281 1614 γενονέναι.
309 1530 357 1596 17.
379 1522 418 1594 τά
432 1526 470 1596 δὲ
483 1529 541 1615 της
560 1527 596 1595 έκ
609 1529 739 1615 νεκρωυ
752 1523 978 1614 ἀναστάσεως,
997 1524 1069 1614 ἥτις

97 1617 140 1715 ἦν
157 1623 332 1715 ἀντίληψις
357 1631 419 1696 τοῦ
443 1625 566 1718 πατρὸς
589 1624 921 1717 ἀντιλαμβανομένου
946 1630 1002 1697 καλ
1021 1634 1069 1709 είς

99 1728 221 1800 ἑαυτὸν
239 1732 275 1799 έκ
292 1732 360 1800 των
377 1734 437 1799 τοῦ
454 1726 606 1801 θανάτου
620 1736 752 1820 χωρίων
766 1731 999 1819 ἐπισπωμένου
1012 1732 1068 1798 καὶ

97 1829 326 1920 λαμβάνοντος
344 1827 464 1921 αὐτὸν,
483 1827 569 1922 ἀμφὶ
586 1829 648 1921 την
664 1835 709 1902 έω
727 1834 882 1921 γέγονεν,
906 1826 950 1914 ὦς
968 1821 1068 1912 αὖθις

97 1928 162 2000 ἀπὸ
185 1935 244 2018 τῆς
274 1937 344 2001 τῶν
375 1932 621 2021 εὐαμγελιστῶν
650 1941 835 2023 μαρτυρίας
861 1940 1068 2024 παρίσταται.

58 2056 84 2096 ω
100 2037 148 2101 18.
168 2029 186 2101 ὁ
210 2036 293 2120 γοῦν
311 2038 445 2113 Λουκᾶς
468 2055 552 2122 φησι
564 2031 630 2124 “τη
653 2035 691 2103 δέ
713 2041 773 2124 μιᾷ
797 2040 865 2104 τάν
889 2036 1069 2120 σαββάτων

96 2123 205 2221 ἦλθον
227 2129 356 2223 ὄρθρον
380 2136 505 2222 βαθέος
533 2136 588 2203 ἐπὶ
611 2132 649 2204 τὸ
671 2150 836 2223 μνημεῖον
859 2136 1021 2222 φέρουσαι
1046 2129 1069 2201 ἀ

97 2233 281 2326 ἡτοίμασαν
295 2230 486 2324 ἀράματα,”
508 2232 663 2322 δηλονότι
676 2240 715 2304 αί
725 2251 895 2323 γυναῖκες,
910 2241 970 2303 καί
980 2262 1068 2314 τινες

96 2336 162 2409 σὺν
179 2332 304 2418 αάταῖς.
341 2326 443 2426 εὗρον
459 2336 497 2406 δέ
514 2332 572 2406 πδν
589 2345 689 2406 λίθου
706 2333 1011 2425 ἀποκεκυλισμένον
1030 2338 1066 2404 ἐκ
1080 2363 1136 2413 (ωε)

96 2442 156 2508 τοῦ
178 2445 352 2528 μνημείου.
396 2444 610 2510 εἰσελθοῦσαι
634 2438 670 2508 δέ
694 2433 755 2527 οὐχ
780 2426 882 2527 εὖρον
904 2435 941 2506 τὸ
960 2441 1065 2527 σῶμα,

58 2562 84 2602 2⁵
98 2536 154 2609 διά
171 2538 209 2611 τδ
226 2538 292 2630 ἤδη
309 2538 368 2611 τόν
385 2542 518 2630 σωτῆρα
535 2534 631 2629 ἡμων
650 2542 685 2610 ἐκ
702 2542 833 2629 νεκρῶν
852 2536 1063 2628 έχηγέρθαι.”

97 2645 148 2710 19.
164 2644 263 2710 τοῦτο
278 2641 315 2711 δέ
328 2639 409 2712 αὐτὸ
422 2644 479 2710 καλ
491 2639 510 2711 ὁ
524 2640 663 2731 Μάρκος
674 2648 771 2730 δηλοῖ
782 2636 975 2730 λέμωυ“καὶ
989 2648 1066 2711 λίαν
1081 2671 1134 2727 [ιω]

95 2748 187 2830 πρωί·
206 2745 249 2832 τῇ
271 2744 330 2832 μιηῖ
355 2747 424 2812 τῶν
454 2741 635 2831 σαββάτων
658 2749 809 2832 ἔρχονται
835 2745 890 2813 ἐπὶ
917 2740 954 2813 τὸ
981 2771 1067 2833 μνη-

95 2857 210 2932 μείου,
229 2851 278 2913 ἔτι
295 2838 530 2926 ἀνατείλαντος
552 2845 613 2914 του”
630 2837 744 2932 ἡλίου,
768 2845 825 2913 καὶ
850 2850 967 2932 ἔλεγον
984 2842 1067 2931 πρὸς

97 2940 216 3027 ἑαυτάς
223 2942 242 3034 ,“
251 2951 302 3027 τίς
318 2942 508 3035 ἀποαυλίση
522 2943 603 3034 ἡμῖν
615 2942 675 3015 τὸν
693 2951 792 3017 λίθον
806 2943 871 3015 ἀπὸ
886 2948 943 3032 τῆς
957 2942 1066 3033 θάρας

57 3068 84 3110 ⁸0
97 3051 156 3118 τοῦ
173 3052 355 3136 μυημείον;
373 3036 418 3135 ἦν
434 3044 498 3135 γάρ
511 3049 614 3136 μέγας
627 3042 794 3136 σφόδρα.”
828 3052 991 3135 ἔρχονται,
1010 3046 1067 3116 καὶ

164 3281 196 3330 21
216 3281 283 3330 Luc.
297 3281 339 3342 ει,
355 3281 381 3332 1.
486 3281 518 3330 ιτ
537 3248 718 3342 Mare‡16,2.
