2326 3818
127 128 192 190 420
538 128 685 178 αοεσιιιι

128 274 250 356 καρδία
268 272 326 336 τοῦ
346 271 428 336 λαοῦ
442 265 573 352 τούτου,
592 268 647 334 καὶ
661 284 729 347 τοῖς
743 261 826 336 ύσὶν
841 264 955 336 αὑτων
969 269 1104 356 βαρέως

128 367 276 456 ἥκουσαν
294 371 349 437 καὶ
369 365 447 447 τούς
467 364 665 455 ὀφθαλμούς
679 366 792 436 αύτοῖν
809 365 1015 455 ἐκάμμυσαν,
1035 368 1106 457 μή-

99 510 110 538 c
128 497 206 541 ποτε
226 477 323 540 ίδωσι
340 486 410 551 τοῖς
427 466 616 556 ὀφθαλμοῖς
644 467 757 538 αύτιόν
775 472 830 538 καὶ
849 486 917 547 τοῖς
936 466 1020 536 ὠσὶν
1041 466 1104 539 αύ-

127 577 194 641 miv
208 571 376 643 ἀκούσωσι
391 575 446 640 καὶ
460 576 500 659 τῇ
514 577 636 662 καρδίᾳ
650 574 778 640 συνῶσι
792 572 848 639 καὶ
863 572 1104 658 ἐπιστρέψωσι,

127 678 182 743 καὶ
201 672 345 762 ίύσωμαι
364 669 518 750 αὐτούς.”
564 677 612 740 16.
635 668 680 740 δι’
701 662 749 740 οἷν
771 669 928 759 ἄντικρυς
946 679 1132 756 θεσπίζειι

127 775 188 863 τήν
220 777 381 862 ἐσομένην
413 779 459 851 είς
490 769 593 841 αύτδν
623 769 815 860 ἀντιλογίαν
845 775 905 841 τού
926 767 1107 844 Ἰουδαίων

127 881 227 961 λαού,
245 878 301 944 καὶ
320 869 364 952 ύς
382 871 521 954 ὄψονται
538 874 600 961 μέν
618 872 742 957 αύτδν,
760 871 799 942 ού
814 872 881 962 μήν
899 875 1106 960 προσέξουσι

126 985 175 1057 τίς
195 988 263 1063 εἴη,
282 976 435 1061 λέγοντός
454 1002 489 1044 τε
509 979 545 1044 ἐν
564 971 747 1053 αὐτοῖςκαὶ
765 974 981 1052 διδάσκοντος
999 971 1105 1046 οἱκού-

127 1099 259 1161 σονται,
278 1074 318 1145 ού
335 1074 402 1163 μὴν
420 1079 475 1145 καὶ
493 1073 701 1162 συνήσουσιν
714 1073 793 1145 οὔθ’
813 1074 903 1155 ὅστις
922 1070 969 1143 ὧν
984 1072 1105 1160 αύτοίς

127 1181 307 1260 διαλέξοιτο
325 1174 406 1247 οὔθ’
426 1176 511 1265 ἅπερ
529 1175 643 1258 αύτοίς
661 1181 719 1265 της
743 1182 860 1265 καινῆς
880 1181 1103 1260 διδασακλίας
1119 1207 1144 1247 ιο

127 1278 318 1367 παραδώσει
336 1276 525 1367 μαθήματα.
565 1285 613 1348 17.
632 1295 794 1366 μαρτυρεῖ
816 1279 853 1345 δὲ
871 1293 940 1359 τοῖς
958 1283 1027 1348 τῶν
1048 1279 1103 1352 λύ-

126 1412 196 1469 γων
213 1377 508 1469 ἆποτελέσμασινδ
528 1376 761 1467 εύαγγελιστής
776 1377 932 1466 Ἰωάννης
946 1382 1023 1466 περὶ
1038 1387 1103 1452 τοῦ

127 1487 276 1572 σωτῆρος
294 1481 389 1570 ἡμῶν
407 1483 514 1569 λέγων
527 1476 694 1551 “τοσαύτα
719 1482 756 1549 δὲ
776 1473 879 1551 αύτού
897 1496 1017 1567 σημεῖα
1036 1509 1104 1551 πε-

97 1583 299 1672 ιποιηκότος
317 1592 509 1671 ἔμπροσθεν
533 1581 647 1652 αὐτῶν
668 1580 730 1651 ούκ
751 1586 951 1652 ἐπίστευσαν
969 1588 1016 1660 είς
1035 1580 1104 1652 αύ-

125 1685 200 1772 τδν,
219 1691 276 1755 ἵνα
294 1683 311 1755 ὁ
330 1683 425 1771 λόγος
439 1682 577 1753 Ἡσαΐου
595 1691 653 1752 τοῦ
671 1681 844 1770 προφήτου
862 1686 1040 1772 πληρωθῇ,
1059 1681 1103 1755 δν
1116 1710 1142 1751 ιι

128 1787 211 1872 εἷπε,
230 1784 325 1874 κύριε
348 1792 398 1865 τίς
423 1789 595 1855 ἐπίστευσε
612 1789 652 1871 τῇ
671 1780 757 1872 ἀκοή
774 1783 886 1872 ἡμῶν,
905 1787 960 1852 καὶ
977 1778 994 1853 ὁ
1013 1790 1100 1872 βρα-

126 1895 209 1975 χίων
229 1895 349 1973 κυρίου
373 1894 440 1955 τίνι
463 1882 704 1971 ύπεκαλύφθη;
737 1883 793 1953 διίι
810 1889 908 1954 τοῦτο
931 1880 993 1953 ούκ
1011 1881 1116 1972 ήδύ-“

49 2045 54 2049 .
127 2017 227 2056 ναντο
246 1985 417 2056 πιστεύειν
430 1985 480 2056 ὅτι
492 1984 594 2054 πάλιν
613 1986 705 2054 εἶπεν
718 1982 866 2071 Ἡσαΐας,
884 1983 1102 2072 τετύφλωκεν

127 2084 240 2155 αύτων
265 2085 340 2167 τούς
364 2085 580 2175 ὀφθαλμούς,
606 2091 662 2156 καὶ
680 2085 885 2174 πεπύρωκεν
905 2085 1017 2156 αὐτῶν
1034 2085 1100 2175 τήν

127 2195 287 2276 καρδίαν,
314 2194 370 2257 ἵνα
394 2188 439 2277 μή
459 2195 556 2258 ίδωσι
573 2205 642 2268 τοῖς
659 2180 848 2275 ὀφθαλμοῖς
875 2190 930 2256 καὶ
948 2185 1098 2274 νοήσωσι
1111 2217 1139 2257 ιο

126 2292 168 2380 τῇ
192 2296 314 2380 καρδίᾳ
338 2292 393 2358 καὶ
421 2293 661 2380 ἐπιστρέψωσι,
694 2292 750 2359 καὶ
787 2288 929 2377 ίοίσωμαι
964 2286 1097 2368 αύτούς.

127 2395 231 2461 ταύτα
256 2391 350 2462 εἶπεν
368 2390 507 2472 Ἠσαίας
531 2389 585 2462 ὅτε
611 2392 679 2461 εἶδε
697 2390 758 2479 τήν
777 2388 878 2472 δόξαν
902 2387 1022 2473 αύτού,
1041 2393 1099 2460 καὶ

128 2492 333 2584 ἐμαρτύρησε
347 2497 423 2580 περὶ
437 2489 572 2563 αύτού.”
594 2498 642 2562 18.
650 2490 885 2580 ἀναμφιλόγως
894 2482 956 2560 οὖν
971 2493 1025 2560 ἐπὶ
1037 2487 1099 2560 τδν

127 2593 272 2681 Χριστὸν
296 2592 460 2680 ἀνήνεγκε
489 2591 551 2680 τήν
577 2597 614 2661 έν
636 2598 682 2684 τῷ
705 2591 824 2682 Ἡσαΐᾳ
849 2587 1097 2679 θεοφύνειανὸ

101 2739 104 2745 -
128 2692 374 2781 εύαγγελιστής,
394 2698 450 2763 καὶ
469 2696 522 2762 ἐπὶ
536 2693 595 2762 τόν
609 2690 781 2764 Ἰουδαίων
799 2692 881 2763 λαὸν
897 2692 937 2763 ού
952 2698 1097 2780 παραδε-
1110 2720 1138 2762 αι

128 2797 289 2882 δεγμένον
319 2793 377 2863 τὸν
403 2799 593 2882 ἑωραμένον
615 2800 661 2886 τῷ
692 2792 846 2884 προφήτῃ
872 2792 991 2881 κύριον
1014 2792 1098 2863 κατὰ

59 2929 113 2980 (ειη
127 2893 189 2982 τήν
207 2898 283 2983 περὶ
302 2891 406 2966 αύτού
425 2894 619 2984 πρόρρησιν,
651 2899 697 2987 τῷ
717 2902 800 2983 γοῦν
817 2894 971 2986 προφήτη
992 2899 1099 2982 ἑωρα-

128 2996 199 3067 κότι
216 2995 274 3066 τὸν
293 2996 411 3087 κύριον
430 2996 585 3086 Σαβαωθ
602 3019 707 3086 φησιν
724 2995 742 3066 ὁ
762 2997 906 3086 χρησμδς
926 3005 1033 3073 είπεῖν
1051 3001 1097 3089 τῷ

122 3098 295 3170 Ἰουδαίων
320 3108 413 3169 ἔθνει
437 3096 489 3169 ὅτι
515 3096 557 3187 δή
580 3101 636 3167 καὶ
660 3096 755 3167 αὐτοὶ
778 3095 922 3182 ὅψονταί
942 3124 1021 3168 ποτε
1037 3097 1097 3168 τὸν

129 3194 243 3288 αὐτὸν,
262 3199 337 3270 ἀλλ’
358 3200 398 3271 ού
416 3198 622 3288 συνήσουσιν
633 3199 722 3279 ὅστις
741 3209 803 3288 εἴη,
823 3204 878 3269 καὶ
896 3198 1097 3270 ἀκούσονται
1110 3227 1137 3268 ω

199 3434 230 3482 13
248 3433 291 3482 Jo.
306 3436 346 3494 12,
361 3437 401 3485 37.
