2326 3818
301 163 478 214 DEMONST
505 162 638 216 EVANG.
658 163 734 213 VIII.
753 164 775 214 l.
964 161 1025 225 501

56 299 241 391 θαυμάζειν
255 299 348 385 ἀξιον
361 298 450 383 ὅπως
465 299 596 372 δάδεκα
610 297 722 372 ούσοόν
731 307 799 374 των
805 301 885 390 παρ’
897 297 1027 394 Ἐβραί-
1041 334 1054 374 ι

56 432 106 485 οις
124 407 244 491 φυλῶν
269 407 300 486 ἐξ
319 399 476 492 οὐδεμιᾶς
495 399 597 492 ἀλλης
610 397 631 492 ἢ
645 400 710 473 ἀπὸ
729 402 833 493 μόνης
850 407 908 492 τῆς
918 402 1027 476 Ἰούδα

56 503 77 592 ἡ
95 507 154 575 τοῦ
173 511 296 586 ἔθνους
315 507 416 575 εἰσέτι
433 511 499 576 νῦν
509 500 729 595 ἀνηγόρευται
747 513 969 595 προσηγορία·
987 503 1028 577 ού

57 602 104 676 δι’
131 601 288 696 ἐτερονδη
315 604 370 676 διά
394 603 512 694 τὸτῆς
538 612 741 697 προφητείας
765 604 879 696 λόγιον
902 610 944 695 τῇ
967 615 1026 678 τοῦ

30 703 163 778 τἸούδα
180 714 273 796 φυλῇ
296 706 332 777 τὸ
358 704 496 797 ἀρχικὸν
513 705 682 798 περιάψαν
699 705 835 798 ἀξίωμα.
872 706 1028 796 36.,ἀλλδι

56 810 112 879 καί
130 806 192 899 την
210 807 349 899 πάτριον
367 808 480 880 αὐτῶν
497 806 611 899 χάραν
625 807 793 882 Ἰουδαίαν
812 807 867 880 διά
884 808 946 899 τὴν
964 806 1028 878 αύ-

56 909 118 1000 τίγν
141 908 385 982 ἀποκαλεῖσθαι
407 918 586 1001 συμβαίνει
604 916 725 983 αἰτίαν.
769 915 839 982 ἐπεί
860 909 916 982 διά
933 911 1028 1001 τίμὴ

57 1010 123 1082 ἀπὸ
140 1016 201 1084 τοῦ
216 1011 350 1103 πράτου
367 1016 435 1083 τάν
453 1009 600 1100 δάδεκα,
619 1013 705 1101 λέγω
724 1013 762 1083 δέ
779 1010 845 1084 ἀπὸ
862 1016 922 1084 τοῦ
935 1011 1029 1084 Ῥου-

57 1117 134 1204 βίμ,
166 1114 202 1184 τὸ
230 1123 330 1196 ἔθνος
355 1112 466 1184 αὐτῶν
491 1111 705 1203 ἐχρημάτισε,
736 1122 844 1185 καίτοι
869 1113 959 1204 παρά
982 1117 1052 1208 τρία

20 1240 44 1280 ιο
58 1223 144 1308 θείην
162 1213 254 1308 νόμω
272 1218 340 1286 τῶν
364 1212 585 1303 πρωτοτόκων
602 1217 845 1304 τετιμημένους
867 1216 922 1286 διά
940 1222 976 1286 τί
992 1217 1029 1286 δέ

56 1315 101 1405 μὴ
119 1313 184 1386 ἀπὸ
201 1319 259 1404 τῆς
277 1321 337 1387 τοῦ
350 1317 447 1406 Λενί,
465 1311 549 1406 ὁμοῦ
567 1318 623 1386 καί
641 1322 687 1410 τῷ
705 1313 813 1409 χρόνῳ
831 1319 887 1387 καί
906 1320 953 1410 τηὶ
969 1321 1028 1406 τῇς

60 1414 244 1507 ἱερωσύνης
262 1415 418 1507 τιμήματι
435 1416 494 1488 τὸν
508 1413 639 1488 Ἰούδαν
656 1414 914 1507 παρεξάγοντοςς
939 1422 974 1487 τί
991 1418 1029 1488 δέ

57 1514 132 1608 ούχί
155 1522 283 1607 μάλλον
305 1516 370 1590 ἀπδ
393 1521 455 1590 τοῦ
473 1516 593 1608 Ἰωσὴφ
618 1526 817 1609 χρηματίσαι
840 1522 967 1608 συνέβη
991 1516 1028 1588 τδ

57 1625 125 1690 πᾶν
144 1625 242 1703 ἔθνος
266 1623 322 1690 καί
346 1618 408 1709 την
431 1618 561 1711 χάραν,
586 1619 641 1690 διδι
664 1620 701 1692 τὸ
719 1624 774 1690 καί
801 1619 903 1690 πάλαι
921 1616 1029 1708 πάσης

20 1745 45 1786 15
57 1717 98 1792 ού
116 1719 221 1810 μόνον
234 1720 425 1811 Αἰγύπτου,
444 1718 528 1793 ἀλλά
545 1723 602 1792 καί
619 1725 688 1793 των
704 1728 838 1792 οἰκείων
855 1718 892 1792 τδ
910 1718 1029 1811 κράτος

58 1820 256 1909 ἀνάψασθαι
272 1828 408 1913 τοῦτον,
427 1822 505 1905 τούς
521 1852 558 1894 τε
577 1827 610 1906 ἐξ
628 1819 731 1894 αύτοῦ
749 1826 950 1913 γενομένους
969 1852 1029 1911 μα·

59 1941 150 2016 κροῖς
167 1924 310 2017 ὕστερον
328 1923 531 2017 χρόνοιςέπί
549 1935 708 1997 πλεῖστον
725 1921 806 1996 ὅσον
824 1923 913 1995 ὅλων
932 1927 1029 1995 ἐννέα

31 2049 34 2054 ·
58 2030 177 2115 φυλαῖν
199 2034 259 2098 τοῦ
283 2034 405 2109 ἔθνους
429 2023 621 2116 ἡγήσασθαι
628 2081 639 2116 ,
668 2023 714 2096 δι’
739 2021 798 2111 οδς
823 2031 880 2097 καὶ
902 2030 1029 2116 μᾶλλον

60 2125 150 2209 εἰκὸς
167 2117 211 2215 ἦν
224 2127 287 2217 την
298 2131 359 2199 τού
369 2126 578 2219 προπάτορος
592 2133 788 2218 ἐπωνυμίαν
799 2127 836 2198 τὸ
847 2135 915 2198 πᾶν
929 2134 1029 2209 ἔθνος

21 2253 46 2293 εο
60 2229 116 2297 καὶ
133 2227 197 2317 τὴν
220 2226 334 2318 χάραν
357 2227 625 2318 ἐπιγράφασθαις
649 2236 699 2310 τίς
718 2227 750 2298 δ’
771 2227 834 2299 οὐκ
852 2225 895 2299 ἀν
912 2227 1028 2317 ὁμολο-

57 2326 158 2423 γήσαι
175 2326 265 2419 παρά
281 2327 421 2410 τούτους
438 2326 587 2411 ἅπαντας
605 2328 749 2417 εὐλόγως
766 2326 809 2399 ἀν
828 2333 865 2399 ἐκ
877 2337 937 2399 τού
944 2341 1057 2399 Βεν-ι

59 2433 152 2520 ιαμίν
177 2428 238 2519 την
263 2434 457 2519 ἐπωνυμίαν
479 2427 601 2512 αύτούς
624 2437 758 2518 λαβεῖν,
785 2427 965 2519 ἐπειδήπερ
988 2433 1030 2519 τῇ

58 2529 177 2603 τούτου
200 2535 292 2623 φυλῇ
314 2526 336 2621 ἡ
365 2530 561 2622 περιβόητος
588 2527 701 2602 αύτων
729 2527 885 2619 βασιλικὴ
906 2528 1029 2620 μητρό-

59 2629 190 2715 πολιςὸ
212 2663 248 2705 τε
272 2637 326 2704 ἐπί
349 2633 471 2723 ταύτης
490 2630 670 2724 ἆγιάτατος
687 2639 746 2703 τοῦ
769 2637 853 2703 θεοῦ
871 2629 955 2714 νειίς
973 2660 1030 2702 κε-

20 2759 46 2800 ει
59 2735 226 2832 κλήρωτος
244 2733 320 2806 ἀλλ’
341 2732 429 2825 ὅμως
447 2725 523 2807 οὔδ’
544 2739 580 2806 ἐκ
597 2733 745 2824 τούτων,
767 2729 845 2804 οὐδ’
865 2736 899 2816 ἐξ
917 2734 1029 2824 ἑτέρας

57 2832 199 2926 ἢμόνης
223 2840 260 2906 ἐκ
283 2841 342 2927 της
361 2834 470 2908 Ἰούδα
494 2838 622 2926 φυλῆς,
646 2833 742 2925 ἡτης
765 2833 874 2925 χώρας
897 2838 1032 2905 καὶτοῦ

59 2935 182 3018 παντὸς
213 2944 336 3019 ἔθνους
366 2939 572 3026 προσηγορία
597 2939 756 3027 διέπρειγε
778 2943 818 3026 τῇ
842 2944 1029 3026 προφητεία

59 3035 264 3120 ἀκολούθως.
302 3043 352 3108 37.
372 3036 460 3110 οὕτω
476 3040 518 3127 γέ
531 3067 582 3109 τοι
599 3034 636 3108 τὸ
649 3033 736 3108 “ούκ
755 3041 899 3121 ἐκλείψει
917 3035 1030 3127 ἀρχων

62 3144 93 3225 ἐξ
107 3136 239 3212 Ἰοάδα”
260 3141 313 3211 ἔπί
331 3139 392 3229 τὴν
410 3140 523 3230 φυλὴν
540 3134 622 3229 ἡμῖν
639 3135 875 3227 ἀνενήνεκται,
894 3139 949 3206 καί
966 3133 1028 3225 μό-

22 3267 48 3309 ιο
61 3272 127 3326 νως
145 3239 250 3326 οὕτως
266 3239 433 3332 ἀληθῶςὴ
446 3239 628 3332 πρόρρησις
634 3237 842 3311 ἀποδέδοται.
870 3234 1030 3327 ἀπδγούν

60 3348 128 3416 των
137 3346 287 3427 Μωσέως
304 3341 436 3435 χρόνων
448 3347 592 3432 καθεξῆς
608 3338 649 3413 ού
669 3344 819 3413 διέλιπον
830 3340 1029 3429 μερικοίμὲν

62 3444 175 3518 αὐτῶν
192 3444 360 3538 άρχοντες,
380 3450 417 3516 ἐκ
435 3443 621 3537 διαφόρων,
639 3438 684 3526 ὥς
698 3451 795 3534 ἔφην,
815 3444 934 3531 φυλοὸν
947 3435 1008 3526 ἦγη
