2326 3818
133 123 196 187 326
542 122 691 174 υυευοιι

132 261 243 333 ὕπνου
259 260 378 350 αὐτοῦ,
402 264 459 332 καὶ
478 258 611 331 είπεν”
593 289 645 330 οτι
669 257 798 331 ἐστὶ
756 289 869 352 κυριος
888 263 990 353 ἐντῷ
1009 259 1111 358 τόπφ

133 363 238 457 τούτῳ
248 362 346 453 ,ἐγω
371 359 470 433 δὲ
426 392 488 433 ουκ
505 359 610 453 ᾔδειν.
647 364 703 433 καὶ
721 359 893 452 ἐφοβήθη,
917 362 1028 432 καὶῖ
994 389 1109 454 επεν,

134 494 178 546 ως
196 463 377 554 φοβερός’
363 494 380 534 ο
407 464 505 545 τόπος
529 455 634 546 οὗτος.
679 461 743 533 ούκ
769 471 838 533 ἔστι
863 465 962 533 τούτο
984 461 1108 535 ἀλλ”
1086 496 1109 557 η

133 566 222 648 οἶκος
240 570 342 655 θεοῦ,
360 564 480 636 καὶ“
434 594 519 654 αυτη
537 596 558 655 η
546 562 667 653 πύλη
684 570 744 635 τοῦ
761 560 919 653 ούρανοῦ.
952 567 1010 634 καὶ
1027 562 1106 637 ἀνί

133 690 193 757 στη
207 666 324 756 Ἰακωβ
351 665 387 737 τό
411 673 516 756 πρωῒ,
485 669 596 736 λκαὶ
615 673 714 754 ἔλαβε
736 664 795 735 τὸν
818 663 978 754 λίθου,“
959 695 1002 737 ου
1018 665 1132 739 ὑπό-ο

132 783 219 858 θηκε
236 767 318 858 πρὸς
336 771 483 856 κεφαλῆς
493 764 608 855 αύτοῦ,
627 770 683 836 καὶ
698 774 836 855 ἔστησεν
847 763 950 838 αύτόν
964 767 1107 861 στήλην,

133 874 188 940 καὶ
207 872 341 959 ἐπέχεεν
359 874 470 938 ἔλαιον
489 872 542 938 ἐπὶ
559 867 596 938 τὸ
614 866 717 958 ἀκρον
735 866 851 957 αὐτῆς,
870 872 926 939 καὶ
944 868 1108 943 ἐκάλεσεν

129 968 247 1057 Ἰακώβ
264 968 299 1039 τό
317 967 422 1058 ὄνομα
440 973 500 1039 τού
516 967 621 1040 τόπου
640 973 787 1059 ἐκείνου,
806 970 895 1052 οἶκος
912 967 1033 1041 θεού.”

209 1075 238 1140 4.
272 1076 400 1141 Τούτου
423 1070 482 1142 τὸυ
508 1071 656 1142 ἐνταῦθα
676 1069 731 1140 διά
749 1069 917 1141 τοσούτων
939 1081 1107 1163 χρηματί-

135 1180 230 1255 ζοντα
256 1169 375 1261 κύριον
404 1175 460 1242 καὶ
488 1172 573 1243 θεὸν
601 1169 744 1262 ἀγγελον
771 1178 833 1242 τοῦ
858 1176 944 1242 θεού
970 1171 1105 1264 προλῶυ
1117 1196 1143 1237 1⁰

134 1275 207 1359 ἕξής
227 1271 394 1362 εὑρήσεις,
423 1278 460 1344 ἐν
477 1269 527 1356 οἷς
544 1295 627 1363 φησι
645 1271 727 1365 πρός
745 1270 802 1354 τάς
820 1288 982 1362 γυναῖκας
1001 1273 1105 1358 αὐτὸς

129 1369 265 1463 'lanam‘
267 1373 337 1445 καί
356 1404 371 1445 ε
373 1374 430 1445 ίπί
444 1404 500 1465 μοι
516 1373 535 1444 ὁ
552 1372 691 1463 ἀγγελος
708 1403 768 1445 του
757 1378 866 1445 θεου
879 1372 961 1445 καθ
978 1373 1103 1467 ύπνον,

127 1473 261 1564 Ἰακωβ·
295 1476 359 1565 ἐγύ
384 1477 422 1545 δὲ
448 1477 604 1565 εἶπα,τί
627 1472 726 1561 ἐστι;’
729 1471 822 1545 ’καὶ
848 1471 974 1565 εξής“
944 1477 1103 1603 εύρρικα,

65 1604 120 1657 ατο)
135 1581 238 1701 φησὶ,
263 1576 371 1647 πάντα
394 1575 457 1647 ὅσα
483 1575 602 1665 Λάβαν
625 1580 679 1648 σοὶ
701 1594 798 1648 ποιεί.
850 1572 953 1665 ἐγὼ
937 1605 955 1646 ο
978 1576 1104 1660 θεὸςὸ

132 1675 254 1766 ὀφθείς
272 1702 323 1748 σοι
342 1677 434 1748 ἐν’
396 1705 499 1772 τοπφ,
517 1706 558 1747 ου
545 1669 714 1766 ἤλειψάς
731 1707 788 1767 μοι
806 1680 876 1748 ἐκεῖ
887 1675 1025 1767 στήλην,
1045 1682 1103 1749 καὶ
1115 1697 1141 1739 1⁶

133 1776 222 1867 ηύξω
241 1807 296 1867 μοι
315 1775 451 1868 εύχήυ.”

208 1885 237 1950 5.
248 1876 323 1970 ’Ἆρ’
343 1871 406 1951 ούυ
422 1878 441 1948 5
459 1877 616 1969 ἀνωτέρω
630 1877 739 1968 φήσας
752 1875 842 1968 “ἐγῶ
859 1874 1004 1967 κύριοςό
1021 1877 1105 1962 θεός

128 1978 277 2069 Ἀβραάμ
294 1985 354 2050 τοῦ
372 1976 494 2068 πατρός
512 2000 592 2068 σου,
620 1982 675 2051 καὶ
693 1979 712 2050 5
735 1977 816 2060 θεὸς
828 1976 973 2069 Ἰσαάκ,”
1000 1970 1029 2074 ᾦ
1045 1983 1106 2052 καὶ

132 2080 257 2168 στήλην
280 2079 456 2170 ἀνίστησιν
480 2075 497 2150 5
522 2079 703 2170 θεοφιλής,
729 2078 810 2162 θεός
826 2082 888 2169 μὲν
905 2073 948 2170 ἦν
966 2084 1023 2152 καὶ
1039 2081 1105 2152 κύ-

132 2197 220 2271 ριος“
253 2179 344 2275 αὐτῷ
367 2179 431 2271 γάρ
457 2184 587 2270 λέγοντι
610 2183 819 2253 πιστευτέον·
852 2178 894 2253 ού
916 2180 985 2271 μήν
1007 2177 1026 2252 5
1045 2186 1103 2253 ἐπὶ
1116 2206 1143 2247 ιο

132 2281 284 2371 πάντων,
303 2279 377 2353 ἀλλ’
398 2279 415 2353 5
434 2288 566 2356 ἐκείνου
585 2281 757 2372 δεύτερος,
774 2281 815 2353 τά
832 2286 892 2354 τοῦ
909 2280 1033 2374 πατρὸς
1051 2292 1104 2366 είς

131 2381 336 2474 ἀνθρώπους
362 2382 621 2474 διακονούμενος
644 2386 700 2454 καὶ
727 2387 941 2473 διαγγέλλων.
991 2390 1021 2454 6.
1049 2383 1104 2455 διό

103 2490 187 2556 ικαὶ
204 2483 347 2575 ἄγγελον
365 2486 469 2557 αὐτόν
492 2482 510 2555 5
524 2483 642 2572 Ἰακώβ
666 2487 720 2555 ἐπὶ
737 2489 800 2555 τού
825 2483 989 2574 παρόντος
1006 2494 1107 2557 καλεί

127 2582 226 2658 “είπε’
246 2617 301 2675 μοι
325 2586 342 2656 5
366 2586 505 2674 ἅγγελος
527 2592 588 2655 τοῦ
611 2590 696 2655 θεοῦ
714 2584 855 2674 φάσκων
878 2582 959 2656 καθ’
978 2582 1103 2676 ὕπνον,

132 2686 197 2775 ἐγώ
217 2694 283 2775 είμι
300 2682 318 2756 5
336 2687 416 2767 θεὸς
439 2682 457 2756 5
475 2685 596 2775 ὀφθείς
615 2708 667 2756 σοι
694 2690 731 2758 ἐν
747 2694 793 2782 τῷ
811 2684 935 2781 τόπφ.”
973 2685 1102 2759 ούκοῦυ
1114 2709 1141 2751 2⁶

131 2787 149 2857 ὁ
168 2785 267 2868 αὐτὸς
290 2784 427 2875 ἀγγελος
450 2794 570 2878 κυρίου
595 2790 650 2858 καὶ
674 2788 755 2870 θεὸς
772 2791 828 2858 καὶ
851 2786 965 2877 κύριος
983 2794 1102 2878 σαφῶς

61 2898 70 2915 ’
134 2886 188 2957 διά
206 2885 333 2959 τούτων
356 2884 586 2979 ἀνηγόρευται.
628 2892 685 2960 καὶ
704 2892 740 2960 ἐν
753 2884 872 2981 Ἡσαΐᾳ
897 2890 934 2960 55
957 2893 1005 2983 τῷ
1021 2916 1102 2980 προ·

132 2987 221 3078 φήτη
241 2988 387 3079 μεγάλης
405 2994 529 3079 βουλῆς
547 2988 702 3080 άγγελος,
720 2984 804 3079 ὁμοῦ
822 2991 860 3060 δὲ
877 2992 934 3061 καὶ
947 2989 1026 3070 θεὸς
1042 2988 1100 3056 καλ

132 3086 243 3180 ἀρχωυ
266 3095 322 3162 καὶ
347 3091 560 3180 ἐξουσιαστής
582 3088 883 3182 προσαγορεύεται,
908 3096 946 3163 ἐν
972 3084 1022 3171 οἷς
1038 3083 1102 3178 τήν

132 3198 180 3271 είς
203 3191 407 3284 ἀνθρώπους
432 3190 536 3265 αύτοῦ
558 3195 692 3281 γίνεσιυ
714 3199 866 3276 θεσπίζει
894 3195 1004 3280 λέγων
1027 3184 1143 3260 “flam

203 3426 233 3472 12
253 3424 322 3475 Gen.
337 3428 380 3488 31,
395 3428 436 3476 11.
