2326 3818
140 127 202 192 538
548 125 698 219 Ειιεροιι

140 264 221 355 μετά
238 271 374 353 τοῦτον,
401 263 542 354 ἀκρίτως
568 266 623 333 καί
650 261 690 333 ού
715 262 797 333 κατά
821 262 878 333 τὸν
901 262 1005 352 νόμον
1028 264 1108 349 τοὺς

140 367 304 457 ἀρχιερεῖς
335 373 506 436 καθίστων
533 361 591 448 οὓς
621 363 728 436 ἐδόκει
757 361 886 452 αὐτοῖς,
917 372 1108 454 δημοτικοῖς

140 492 206 540 τισι
224 473 278 539 καὶ
296 466 434 557 ἀσήμοις
452 462 596 557 ἀνδράσι
613 465 675 554 τὴν
686 465 785 553 τιμὴν
797 463 1013 556 χαριζόμενοι,
1034 471 1108 537 ἐπί-

141 568 289 659 πρασκόν
311 597 347 639 τε
370 572 426 640 καί
445 566 652 656 ἐκαπήλευον
669 564 833 657 τοῦνομα,
858 565 976 638 άλλοτε
994 566 1108 652 ἀλλοις

141 677 347 743 ἐνιαυσιαῖον
363 670 399 741 τὸ
418 669 545 757 ἀξίωμα
564 668 780 759 δωρούμενοι.
807 675 856 739 99.
870 667 922 738 διό
938 698 994 758 μοι
1013 676 1134 742 δοκεῖτ

139 769 156 842 ὁ
182 770 269 863 ίερός
293 769 527 860 εύαγγελιστὴς
544 777 676 852 Λουκᾶς
700 768 758 841 τόν
780 768 902 860 χρόνον
924 775 985 842 τοῦ
1002 771 1107 861 κηρύ-

139 903 261 964 γματος
283 877 343 944 τοῦ
366 876 513 962 σωτῆρος
536 869 632 960 ἡμῶν
655 867 863 963 ὑπογράφων
883 878 1106 961 σημειοῦσθαι

140 978 236 1044 τούτο
256 970 302 1043 δι’
323 964 371 1043 οἷν
384 996 489 1062 φησιν
502 967 562 1044 “gv
581 981 646 1043 ἐτει
658 971 942 1067 πεντεκαιδεκάτῳ
956 978 1013 1062 της
1031 972 1108 1062 ἡγε·

139 1084 257 1164 μανίας
286 1080 441 1164 Τιβερίου
464 1082 648 1165 Καίσαρος,
673 1069 934 1164 ἡγεμονεύοντος
958 1083 1108 1146 Ποντίου

139 1174 289 1246 Πιλάτου
312 1183 370 1265 τῆς
391 1172 571 1264 Ἰουδαίας,
600 1175 871 1268 τετραρχούυτων
895 1176 932 1245 δέ
953 1175 1106 1264 Ἡράδου
1121 1207 1145 1248 ιο

140 1279 196 1347 καὶ
220 1284 390 1349 Φιλίππου
414 1280 469 1347 καί
496 1285 687 1367 Λυσανίου,
722 1280 776 1348 ἐπὶ
806 1275 983 1368 ἀρχιερέως
1002 1275 1108 1349 ’Ἁννα

139 1382 196 1449 καὶ
213 1375 385 1469 Καῖάφα,”
423 1385 493 1449 100.
515 1378 577 1450 δύο
595 1377 658 1466 γάρ
677 1368 766 1449 ούτοι
792 1375 874 1449 κατά
891 1377 927 1450 τὸ
946 1377 1028 1450 αύτδ
1046 1378 1109 1468 ἀρ-

139 1498 259 1571 χιερεῖς
283 1486 353 1562 πῶς
382 1475 424 1551 ἀν
450 1483 601 1569 ἐγένοντο
632 1475 654 1569 ἢ
678 1488 924 1569 καταλυθείσης
948 1486 1005 1570 τῆς
1029 1485 1107 1571 περὶ

138 1587 206 1652 τῶν
224 1580 407 1672 ἀρχιερέων
429 1589 648 1670 νομοθεσίας;
675 1581 804 1663 τούτοις
827 1589 911 1668 γούν
929 1583 985 1651 καὶ
998 1581 1107 1670 ’λύση-

73 1709 200 1765 (εωωιος
225 1687 458 1774 ἐπιμαρτυρῶν
479 1687 583 1754 ταύτα
609 1682 732 1773 γράφει
751 1681 768 1707 “
776 1679 957 1772 Οὐαλέριος
979 1687 1107 1773 Γράτος
1121 1711 1147 1752 15

134 1782 303 1873 Ῥωμαίων
331 1782 513 1914 στρατηγός
548 1783 679 1866 παύσας
714 1780 933 1872 ἀρχιερᾶσθαι
960 1781 1108 1855 Ἄνανον

135 1881 306 1975 Ἰσμαῆλον
322 1882 486 2010 ἀρχιερέα
492 1883 673 1974 ἀποφαίνει
689 1883 748 1955 τόν
766 1914 824 1954 του
813 1884 945 1974 Φήβα,
963 1889 1017 1954 καί
1030 1889 1106 1955 τοῦ·

139 2016 198 2057 τον
227 1982 299 2075 μετ’
333 1985 373 2056 ού
404 1983 489 2056 πολύ
519 1985 723 2075 μεταστήσας
741 1984 936 2076 Ἐλεάζαρον
965 1985 1024 2057 τόν
1047 1993 1108 2058 τού

137 2082 275 2156 ’ίνάνου
301 2092 360 2157 τοῦ
383 2087 559 2178 ἀρχιερέως
584 2087 661 2159 υίὸν
678 2085 961 2159 ἀποδείκνυσιν’
942 2093 1107 2179 αρχιερέα

141 2193 295 2259 ἐνιαυτου
280 2190 352 2259 δε
375 2193 614 2278 διαγενομένου
633 2191 688 2260 καὶ
707 2190 806 2260 τόνδε
822 2188 954 2271 παύσας
973 2197 1106 2281 Σίμωνι
1120 2219 1146 2260 ιο

93 2312 96 2316 ’
139 2294 186 2383 τῷ
214 2298 370 2379 Καθίμου
395 2289 457 2378 τὴν
489 2287 740 2414 ἀρχιερωσύνην
772 2297 1014 2413 παραδίδωσιν.
1065 2292 1107 2363 ού

140 2394 241 2463 πλέον
266 2394 302 2463 δέ
325 2396 380 2463 καὶ
398 2397 484 2487 τῷδε
502 2390 709 2463 ἐνιαυτοῦ
674 2422 736 2480 την
753 2389 851 2481 τιμὴν
874 2401 982 2481 ἔχοντι
1000 2397 1106 2481 διεγέ-

139 2523 214 2597 νετο
233 2492 367 2618 χρόνος,
386 2497 442 2563 καὶ
456 2490 629 2616 Ἱωσχπος,
647 2523 665 2563 ο
654 2490 739 2564 καί
758 2492 847 2564 Kal·
814 2514 931 2582 ιαφας,
951 2493 1107 2584 διάδοχος

139 2625 181 2682 ην
212 2592 324 2688 αύτφῖ
327 2592 449 2662 ’.101
479 2598 582 2664 ταύτα
610 2591 798 2682 ἀναγκαίως
825 2599 1021 2726 παρεθέμην
1050 2594 1107 2666 διά

112 2692 175 2764 1]τό
188 2691 532 2783 “ἐξολοθρευθήσεται
558 2711 695 2784 χρῖσμα,
723 2699 780 2766 καὶ
803 2703 903 2786 κρίμα
927 2693 989 2764 ούκ
1014 2703 1105 2766 ἐστιν
1119 2724 1145 2766 ει

141 2799 178 2864 ἐν
196 2791 320 2887 αύτῷ,”
339 2824 359 2863 α
345 2792 463 2864 “ual‘
446 2824 589 2885 ηγουμαι
598 2794 891 2886 ἀναμφίλεκτον
856 2827 918 2886 την
933 2792 1107 2880 ἀπόδειξιν

140 2903 237 2983 ἔχειν.
273 2899 346 2986 ἑξῆς
363 2895 492 2978 τούτοις
510 2901 616 2986 φησὶν
634 2897 654 2986 ἡ
672 2905 859 2988 προφητεία
871 2895 950 2970 “καὶ
968 2896 1030 2988 τὴν
1048 2898 1106 2969 πό-

140 3007 194 3066 λιν
217 2999 273 3067 καί
295 2996 332 3067 τό
358 2996 453 3087 ἀγιον
485 3005 667 3092 διαφθερεῖ
689 2999 752 3071 σύν
781 3004 826 3093 τῷ
857 2996 1033 3094 ἡγουμένῳ
1059 3006 1105 3092 τῷ

141 3095 336 3193 ἐρχομένφ.”
373 3107 458 3170 ἔνθα
476 3099 577 3171 πάλιν
594 3097 653 3171 τόν
665 3098 822 3189 Ἡρώδην
839 3098 943 3173 αύτόν
956 3105 1011 3172 καὶ
1030 3099 1106 3183 τούς

140 3200 218 3286 μετά
237 3197 339 3272 αύτόν
363 3199 525 3290 ἀρξαντας
545 3205 576 3285 ἐξ
594 3198 788 3289 ἀλλοφύλου
811 3206 929 3290 γένους
953 3199 1105 3291 ύπολαμ-
1119 3225 1144 3265 ³0

207 3433 222 3480 8
240 3432 308 3483 Luc.
323 3437 347 3497 3,
362 3435 387 3483 1.
493 3436 530 3509 15ο
542 3434 655 3499 Ioseph.
669 3433 701 3484 A.
714 3435 741 3488 J.
754 3434 854 3485 XVIII.
867 3437 891 3497 2,
905 3436 929 3482 2.
