<?xml version="1.0" encoding="UTF-8"?>
<!DOCTYPE html PUBLIC "-//W3C//DTD XHTML 1.0 Transitional//EN"
    "http://www.w3.org/TR/xhtml1/DTD/xhtml1-transitional.dtd">
<html xmlns="http://www.w3.org/1999/xhtml" xml:lang="en" lang="en">
 <head>
  <title>
</title>
<meta http-equiv="Content-Type" content="text/html;charset=utf-8" />
  <meta name='ocr-system' content='tesseract 3.04.00' />
  <meta name='ocr-capabilities' content='ocr_page ocr_carea ocr_par ocr_line ocrx_word'/>
</head>
<body>
  <div class='ocr_page' id='page_1' title='image "./eusebiicaesarie01dindgoog/eusebiicaesarie01dindgoog_0678.png"; bbox 0 0 2326 3818; ppageno 0'>
   <div class='ocr_carea' id='block_1_1' title="bbox 150 142 704 208">
    <p class='ocr_par' dir='ltr' id='par_1_1' title="bbox 150 142 704 208">
     <span class='ocr_line' id='line_1_1' title="bbox 150 142 704 208; baseline 0 -14"><span class='ocrx_word' id='word_1_1' title='bbox 150 143 215 208; x_wconf 62' lang='grc' dir='ltr'><strong><em>ως</em></strong></span> <span class='ocrx_word' id='word_1_2' title='bbox 554 142 704 194; x_wconf 58' lang='grc' dir='ltr'><strong><em>ωωω</em></strong></span> 
     </span>
    </p>
   </div>
   <div class='ocr_carea' id='block_1_2' title="bbox 91 278 1163 3313">
    <p class='ocr_par' dir='ltr' id='par_1_2' title="bbox 151 278 1117 371">
     <span class='ocr_line' id='line_1_2' title="bbox 151 278 1117 371; baseline -0.003 -18"><span class='ocrx_word' id='word_1_3' title='bbox 151 282 315 371; x_wconf 88' lang='grc' dir='ltr'><strong><em>θήσονται</em></strong></span> <span class='ocrx_word' id='word_1_4' title='bbox 333 280 476 354; x_wconf 76' lang='grc' dir='ltr'><strong><em>ἐνώπιόν</em></strong></span> <span class='ocrx_word' id='word_1_5' title='bbox 493 304 574 370; x_wconf 91' lang='grc' dir='ltr'><strong><em>σου,</em></strong></span> <span class='ocrx_word' id='word_1_6' title='bbox 593 279 637 363; x_wconf 80' lang='grc' dir='ltr'><strong><em>ὦς</em></strong></span> <span class='ocrx_word' id='word_1_7' title='bbox 655 288 690 352; x_wconf 91' lang='grc' dir='ltr'><strong><em>οί</em></strong></span> <span class='ocrx_word' id='word_1_8' title='bbox 706 279 964 371; x_wconf 78' lang='grc' dir='ltr'><em>εὐφραινόμενοι</em></span> <span class='ocrx_word' id='word_1_9' title='bbox 983 285 1019 351; x_wconf 83' lang='grc' dir='ltr'><strong><em>ἐν</em></strong></span> <span class='ocrx_word' id='word_1_10' title='bbox 1036 278 1117 370; x_wconf 90' lang='grc' dir='ltr'><strong><em>άμη-</em></strong></span> 
     </span>
    </p>

    <p class='ocr_par' dir='ltr' id='par_1_3' title="bbox 125 379 1146 1084">
     <span class='ocr_line' id='line_1_3' title="bbox 125 379 1118 478; baseline -0.004 -22"><span class='ocrx_word' id='word_1_11' title='bbox 125 417 137 456; x_wconf 81' lang='grc' dir='ltr'><em>ι</em></span> <span class='ocrx_word' id='word_1_12' title='bbox 153 391 209 478; x_wconf 78' lang='grc' dir='ltr'><strong><em>τῷ,</em></strong></span> <span class='ocrx_word' id='word_1_13' title='bbox 228 387 285 454; x_wconf 84' lang='grc' dir='ltr'><strong><em>καὶ</em></strong></span> <span class='ocrx_word' id='word_1_14' title='bbox 298 379 338 454; x_wconf 82' lang='grc' dir='ltr'><strong><em>δν</em></strong></span> <span class='ocrx_word' id='word_1_15' title='bbox 350 381 475 475; x_wconf 79' lang='grc' dir='ltr'><strong><em>τρόπον</em></strong></span> <span class='ocrx_word' id='word_1_16' title='bbox 488 389 523 473; x_wconf 84' lang='grc' dir='ltr'><strong><em>οί</em></strong></span> <span class='ocrx_word' id='word_1_17' title='bbox 533 381 761 475; x_wconf 80' lang='grc' dir='ltr'><strong><em>διαιρούμενοι</em></strong></span> <span class='ocrx_word' id='word_1_18' title='bbox 775 387 896 453; x_wconf 85' lang='grc' dir='ltr'><strong><em>σκῦλα·</em></strong></span> <span class='ocrx_word' id='word_1_19' title='bbox 926 381 1011 453; x_wconf 91' lang='grc' dir='ltr'><strong><em>διότι</em></strong></span> <span class='ocrx_word' id='word_1_20' title='bbox 1020 381 1118 473; x_wconf 87' lang='grc' dir='ltr'><strong><em>ιἰφαι-</em></strong></span> 
     </span>
     <span class='ocr_line' id='line_1_4' title="bbox 153 480 1120 576; baseline 0 -21"><span class='ocrx_word' id='word_1_21' title='bbox 153 484 331 576; x_wconf 87' lang='grc' dir='ltr'><strong><em>ρεθήσεται</em></strong></span> <span class='ocrx_word' id='word_1_22' title='bbox 347 484 365 555; x_wconf 89' lang='grc' dir='ltr'>ὁ</span> <span class='ocrx_word' id='word_1_23' title='bbox 379 483 505 574; x_wconf 80' lang='grc' dir='ltr'><strong><em>ζυγὸςὸ</em></strong></span> <span class='ocrx_word' id='word_1_24' title='bbox 525 481 577 556; x_wconf 81' lang='grc' dir='ltr'><strong><em>ἐπ’</em></strong></span> <span class='ocrx_word' id='word_1_25' title='bbox 593 483 707 556; x_wconf 77' lang='grc' dir='ltr'><strong><em>αῦτοῦν</em></strong></span> <span class='ocrx_word' id='word_1_26' title='bbox 719 491 870 576; x_wconf 77' lang='grc' dir='ltr'><strong><em>κείμενος</em></strong></span> <span class='ocrx_word' id='word_1_27' title='bbox 888 480 976 572; x_wconf 81' lang='grc' dir='ltr'><strong><em>καλή</em></strong></span> <span class='ocrx_word' id='word_1_28' title='bbox 995 483 1120 575; x_wconf 77' lang='grc' dir='ltr'><em>ῥάβδος</em></span> 
     </span>
     <span class='ocr_line' id='line_1_5' title="bbox 155 583 1120 678; baseline -0.003 -20"><span class='ocrx_word' id='word_1_29' title='bbox 155 586 250 676; x_wconf 81' lang='grc' dir='ltr'><strong><em>ήέπὶ</em></strong></span> <span class='ocrx_word' id='word_1_30' title='bbox 272 593 332 669; x_wconf 82' lang='grc' dir='ltr'><strong><em>τοῦ</em></strong></span> <span class='ocrx_word' id='word_1_31' title='bbox 363 585 530 678; x_wconf 75' lang='grc' dir='ltr'><strong><em>τραχήλου</em></strong></span> <span class='ocrx_word' id='word_1_32' title='bbox 554 585 676 659; x_wconf 82' lang='grc' dir='ltr'><strong><em>αῦτῦν.</em></strong></span> <span class='ocrx_word' id='word_1_33' title='bbox 725 583 788 674; x_wconf 91' lang='grc' dir='ltr'><strong><em>τήν</em></strong></span> <span class='ocrx_word' id='word_1_34' title='bbox 811 584 874 675; x_wconf 88' lang='grc' dir='ltr'><strong><em>γάρ</em></strong></span> <span class='ocrx_word' id='word_1_35' title='bbox 899 585 1028 678; x_wconf 79' lang='grc' dir='ltr'><strong><em>ῥάβδον</em></strong></span> <span class='ocrx_word' id='word_1_36' title='bbox 1051 593 1120 657; x_wconf 77' lang='grc' dir='ltr'><strong><em>τῶν</em></strong></span> 
     </span>
     <span class='ocr_line' id='line_1_6' title="bbox 153 685 1146 780; baseline -0.003 -21"><span class='ocrx_word' id='word_1_37' title='bbox 153 687 384 760; x_wconf 80' lang='grc' dir='ltr'><strong><em>ἀπαιτούντων</em></strong></span> <span class='ocrx_word' id='word_1_38' title='bbox 402 689 597 760; x_wconf 73' lang='grc' dir='ltr'><em>διεσκέδασε</em></span> <span class='ocrx_word' id='word_1_39' title='bbox 614 686 754 779; x_wconf 80' lang='grc' dir='ltr'><strong><em>κάριος,</em></strong></span> <span class='ocrx_word' id='word_1_40' title='bbox 765 685 809 769; x_wconf 80' lang='grc' dir='ltr'><strong><em>ὡς</em></strong></span> <span class='ocrx_word' id='word_1_41' title='bbox 826 694 866 779; x_wconf 80' lang='grc' dir='ltr'><strong><em>τῇ</em></strong></span> <span class='ocrx_word' id='word_1_42' title='bbox 881 686 988 780; x_wconf 81' lang='grc' dir='ltr'><strong><em>ήμέρηι</em></strong></span> <span class='ocrx_word' id='word_1_43' title='bbox 1005 695 1045 777; x_wconf 79' lang='grc' dir='ltr'><strong><em>τῇ</em></strong></span> <span class='ocrx_word' id='word_1_44' title='bbox 1065 689 1117 757; x_wconf 79' lang='grc' dir='ltr'><strong><em>ἐπὶ</em></strong></span> <span class='ocrx_word' id='word_1_45' title='bbox 1133 715 1146 756; x_wconf 87' lang='lat'>5</span> 
     </span>
     <span class='ocr_line' id='line_1_7' title="bbox 152 787 1122 883; baseline -0.005 -20"><span class='ocrx_word' id='word_1_46' title='bbox 152 789 312 880; x_wconf 86' lang='grc' dir='ltr'><strong><em>Μαδιάμ,</em></strong></span> <span class='ocrx_word' id='word_1_47' title='bbox 329 788 380 860; x_wconf 81' lang='grc' dir='ltr'><strong><em>ὅτι</em></strong></span> <span class='ocrx_word' id='word_1_48' title='bbox 396 793 508 862; x_wconf 84' lang='grc' dir='ltr'><strong><em>πάσαν</em></strong></span> <span class='ocrx_word' id='word_1_49' title='bbox 524 787 646 878; x_wconf 86' lang='grc' dir='ltr'><strong><em>στολήν</em></strong></span> <span class='ocrx_word' id='word_1_50' title='bbox 660 792 929 878; x_wconf 79' lang='grc' dir='ltr'><strong><em>ἐπισυνηγμένην</em></strong></span> <span class='ocrx_word' id='word_1_51' title='bbox 947 787 1047 883; x_wconf 85' lang='grc' dir='ltr'><strong><em>δόλφ,</em></strong></span> <span class='ocrx_word' id='word_1_52' title='bbox 1066 792 1122 859; x_wconf 78' lang='grc' dir='ltr'><strong><em>καὶ</em></strong></span> 
     </span>
     <span class='ocr_line' id='line_1_8' title="bbox 152 887 1122 982; baseline -0.002 -19"><span class='ocrx_word' id='word_1_53' title='bbox 152 891 283 982; x_wconf 87' lang='grc' dir='ltr'><strong><em>ίμάτιον</em></strong></span> <span class='ocrx_word' id='word_1_54' title='bbox 299 889 381 980; x_wconf 86' lang='grc' dir='ltr'><strong><em>μετά</em></strong></span> <span class='ocrx_word' id='word_1_55' title='bbox 395 897 601 979; x_wconf 75' lang='grc' dir='ltr'><strong><em>καταλλαγῆς</em></strong></span> <span class='ocrx_word' id='word_1_56' title='bbox 613 887 820 979; x_wconf 87' lang='grc' dir='ltr'><strong><em>άποτίσουσι,</em></strong></span> <span class='ocrx_word' id='word_1_57' title='bbox 836 893 892 963; x_wconf 71' lang='grc' dir='ltr'><strong><em>καὶ,</em></strong></span> <span class='ocrx_word' id='word_1_58' title='bbox 903 889 1122 978; x_wconf 77' lang='grc' dir='ltr'><strong><em>θελήσουσιν,</em></strong></span> 
     </span>
     <span class='ocr_line' id='line_1_9' title="bbox 154 991 1121 1084; baseline -0.002 -20"><span class='ocrx_word' id='word_1_59' title='bbox 154 1002 185 1065; x_wconf 90' lang='grc' dir='ltr'><strong><em>εί</em></strong></span> <span class='ocrx_word' id='word_1_60' title='bbox 207 991 420 1083; x_wconf 81' lang='grc' dir='ltr'><strong><em>ἐγενήθησαν</em></strong></span> <span class='ocrx_word' id='word_1_61' title='bbox 446 999 675 1084; x_wconf 90' lang='grc' dir='ltr'><strong><em>πυρίκαυστοι.</em></strong></span> <span class='ocrx_word' id='word_1_62' title='bbox 715 991 766 1062; x_wconf 85' lang='grc' dir='ltr'><strong><em>ότι</em></strong></span> <span class='ocrx_word' id='word_1_63' title='bbox 791 1000 928 1064; x_wconf 83' lang='grc' dir='ltr'><strong><em>παιδίον</em></strong></span> <span class='ocrx_word' id='word_1_64' title='bbox 953 991 1121 1081; x_wconf 77' lang='grc' dir='ltr'><strong><em>ἐγεννήθη</em></strong></span> 
     </span>
    </p>

    <p class='ocr_par' dir='ltr' id='par_1_4' title="bbox 124 1084 1161 1497">
     <span class='ocr_line' id='line_1_10' title="bbox 124 1084 1121 1186; baseline -0.004 -20"><span class='ocrx_word' id='word_1_65' title='bbox 124 1168 126 1172; x_wconf 66' lang='grc'><strong><em>,</em></strong></span> <span class='ocrx_word' id='word_1_66' title='bbox 156 1091 250 1184; x_wconf 77' lang='grc' dir='ltr'><strong><em>ἡμῖν,</em></strong></span> <span class='ocrx_word' id='word_1_67' title='bbox 276 1093 348 1175; x_wconf 82' lang='grc' dir='ltr'><strong><em>υίὸς</em></strong></span> <span class='ocrx_word' id='word_1_68' title='bbox 370 1097 425 1165; x_wconf 80' lang='grc' dir='ltr'><strong><em>καὶ</em></strong></span> <span class='ocrx_word' id='word_1_69' title='bbox 450 1093 554 1184; x_wconf 84' lang='grc' dir='ltr'><strong><em>ἐδόθη</em></strong></span> <span class='ocrx_word' id='word_1_70' title='bbox 572 1089 669 1184; x_wconf 83' lang='grc' dir='ltr'><strong><em>ήμῑν,</em></strong></span> <span class='ocrx_word' id='word_1_71' title='bbox 694 1084 773 1184; x_wconf 84' lang='grc' dir='ltr'><strong><em>οῦή</em></strong></span> <span class='ocrx_word' id='word_1_72' title='bbox 797 1093 882 1186; x_wconf 82' lang='grc' dir='ltr'><strong><em>άρχὴ</em></strong></span> <span class='ocrx_word' id='word_1_73' title='bbox 901 1091 1047 1183; x_wconf 81' lang='grc' dir='ltr'><strong><em>ἐγενήθη</em></strong></span> <span class='ocrx_word' id='word_1_74' title='bbox 1067 1096 1121 1163; x_wconf 77' lang='grc' dir='ltr'><strong><em>ἐπὶ</em></strong></span> 
     </span>
     <span class='ocr_line' id='line_1_11' title="bbox 153 1192 1161 1285; baseline 0.001 -19"><span class='ocrx_word' id='word_1_75' title='bbox 153 1200 213 1267; x_wconf 87' lang='grc' dir='ltr'><strong><em>τοῦ</em></strong></span> <span class='ocrx_word' id='word_1_76' title='bbox 231 1193 323 1284; x_wconf 77' lang='grc' dir='ltr'><strong><em>άμου</em></strong></span> <span class='ocrx_word' id='word_1_77' title='bbox 341 1192 463 1285; x_wconf 80' lang='grc' dir='ltr'><strong><em>αὐτοῦ,</em></strong></span> <span class='ocrx_word' id='word_1_78' title='bbox 482 1198 537 1266; x_wconf 77' lang='grc' dir='ltr'><strong><em>καὶ</em></strong></span> <span class='ocrx_word' id='word_1_79' title='bbox 555 1198 703 1267; x_wconf 83' lang='grc' dir='ltr'><strong><em>καλείται</em></strong></span> <span class='ocrx_word' id='word_1_80' title='bbox 719 1195 756 1266; x_wconf 91' lang='grc' dir='ltr'><strong><em>τδ</em></strong></span> <span class='ocrx_word' id='word_1_81' title='bbox 773 1193 878 1285; x_wconf 78' lang='grc' dir='ltr'><strong><em>ὄνομα</em></strong></span> <span class='ocrx_word' id='word_1_82' title='bbox 896 1194 1000 1267; x_wconf 89' lang='grc' dir='ltr'><strong><em>αῦτοῦ</em></strong></span> <span class='ocrx_word' id='word_1_83' title='bbox 1019 1192 1121 1284; x_wconf 90' lang='grc' dir='ltr'><strong><em>μεγά-</em></strong></span> <span class='ocrx_word' id='word_1_84' title='bbox 1136 1227 1161 1267; x_wconf 83' lang='grc' dir='ltr'><strong><em>ιο</em></strong></span> 
     </span>
     <span class='ocr_line' id='line_1_12' title="bbox 155 1294 1121 1389; baseline -0.001 -21"><span class='ocrx_word' id='word_1_85' title='bbox 155 1307 213 1388; x_wconf 91' lang='grc' dir='ltr'><strong><em>λης</em></strong></span> <span class='ocrx_word' id='word_1_86' title='bbox 238 1305 362 1386; x_wconf 88' lang='grc' dir='ltr'><strong><em>βουλής</em></strong></span> <span class='ocrx_word' id='word_1_87' title='bbox 388 1294 543 1386; x_wconf 86' lang='grc' dir='ltr'><strong><em>άγγελος,</em></strong></span> <span class='ocrx_word' id='word_1_88' title='bbox 574 1295 687 1389; x_wconf 84' lang='grc' dir='ltr'><strong><em>άρχων</em></strong></span> <span class='ocrx_word' id='word_1_89' title='bbox 710 1296 865 1389; x_wconf 81' lang='grc' dir='ltr'><strong><em>εἰρήνης,</em></strong></span> <span class='ocrx_word' id='word_1_90' title='bbox 897 1296 1121 1385; x_wconf 80' lang='grc' dir='ltr'><strong><em>ἐξουσιαστής,</em></strong></span> 
     </span>
     <span class='ocr_line' id='line_1_13' title="bbox 154 1396 975 1497; baseline -0.002 -25"><span class='ocrx_word' id='word_1_91' title='bbox 154 1400 233 1482; x_wconf 87' lang='grc' dir='ltr'><strong><em>θεὸς</em></strong></span> <span class='ocrx_word' id='word_1_92' title='bbox 252 1396 405 1497; x_wconf 83' lang='grc' dir='ltr'><strong><em>ίσχυρδς,</em></strong></span> <span class='ocrx_word' id='word_1_93' title='bbox 424 1398 531 1490; x_wconf 86' lang='grc' dir='ltr'><strong><em>πατήρ</em></strong></span> <span class='ocrx_word' id='word_1_94' title='bbox 549 1402 610 1469; x_wconf 88' lang='grc' dir='ltr'><strong><em>τοῦ</em></strong></span> <span class='ocrx_word' id='word_1_95' title='bbox 626 1401 803 1488; x_wconf 79' lang='grc' dir='ltr'><strong><em>μέλλοντος</em></strong></span> <span class='ocrx_word' id='word_1_96' title='bbox 821 1397 975 1482; x_wconf 79' lang='grc' dir='ltr'><strong><em>αίάνος.”</em></strong></span> 
     </span>
    </p>

    <p class='ocr_par' dir='ltr' id='par_1_5' title="bbox 132 1497 1161 2705">
     <span class='ocr_line' id='line_1_14' title="bbox 132 1497 1123 1592; baseline -0.002 -22"><span class='ocrx_word' id='word_1_97' title='bbox 132 1543 143 1570; x_wconf 71' lang='grc' dir='ltr'><em>ι</em></span> <span class='ocrx_word' id='word_1_98' title='bbox 231 1507 261 1571; x_wconf 79' lang='lat'><strong><em>2.</em></strong></span> <span class='ocrx_word' id='word_1_99' title='bbox 284 1501 373 1588; x_wconf 89' lang='grc' dir='ltr'><strong><em>Πρὸς</em></strong></span> <span class='ocrx_word' id='word_1_100' title='bbox 396 1497 499 1571; x_wconf 89' lang='grc' dir='ltr'><strong><em>άπασι</em></strong></span> <span class='ocrx_word' id='word_1_101' title='bbox 522 1497 720 1582; x_wconf 82' lang='grc' dir='ltr'><strong><em>τοϊςάλλοις</em></strong></span> <span class='ocrx_word' id='word_1_102' title='bbox 740 1505 924 1592; x_wconf 80' lang='grc' dir='ltr'><strong><em>ἐπληροῦτο</em></strong></span> <span class='ocrx_word' id='word_1_103' title='bbox 944 1502 1123 1570; x_wconf 80' lang='grc' dir='ltr'><strong><em>καὶταῦτα</em></strong></span> 
     </span>
     <span class='ocr_line' id='line_1_15' title="bbox 156 1597 1123 1693; baseline -0.004 -18"><span class='ocrx_word' id='word_1_104' title='bbox 156 1606 211 1675; x_wconf 82' lang='grc' dir='ltr'><strong><em>ἐπὶ</em></strong></span> <span class='ocrx_word' id='word_1_105' title='bbox 227 1601 287 1674; x_wconf 88' lang='grc' dir='ltr'><strong><em>τόν</em></strong></span> <span class='ocrx_word' id='word_1_106' title='bbox 304 1606 436 1691; x_wconf 86' lang='grc' dir='ltr'><strong><em>σωτήρα</em></strong></span> <span class='ocrx_word' id='word_1_107' title='bbox 449 1604 505 1672; x_wconf 79' lang='grc' dir='ltr'><strong><em>καὶ</em></strong></span> <span class='ocrx_word' id='word_1_108' title='bbox 519 1600 639 1693; x_wconf 88' lang='grc' dir='ltr'><strong><em>κόριον</em></strong></span> <span class='ocrx_word' id='word_1_109' title='bbox 650 1597 745 1691; x_wconf 74' lang='grc' dir='ltr'><strong><em>ήμοῦν</em></strong></span> <span class='ocrx_word' id='word_1_110' title='bbox 760 1599 890 1692; x_wconf 83' lang='grc' dir='ltr'><strong><em>Ἰησοῦν</em></strong></span> <span class='ocrx_word' id='word_1_111' title='bbox 906 1599 965 1672; x_wconf 85' lang='grc' dir='ltr'><strong><em>τόν</em></strong></span> <span class='ocrx_word' id='word_1_112' title='bbox 978 1601 1123 1689; x_wconf 85' lang='grc' dir='ltr'><strong><em>Χριστὸν</em></strong></span> 
     </span>
     <span class='ocr_line' id='line_1_16' title="bbox 156 1700 1161 1794; baseline -0.002 -20"><span class='ocrx_word' id='word_1_113' title='bbox 156 1709 215 1775; x_wconf 90' lang='grc' dir='ltr'><strong><em>τοῦ</em></strong></span> <span class='ocrx_word' id='word_1_114' title='bbox 244 1707 348 1791; x_wconf 88' lang='grc' dir='ltr'><strong><em>θεοῦ,</em></strong></span> <span class='ocrx_word' id='word_1_115' title='bbox 379 1701 435 1775; x_wconf 87' lang='grc' dir='ltr'><strong><em>ότε</em></strong></span> <span class='ocrx_word' id='word_1_116' title='bbox 465 1701 548 1774; x_wconf 87' lang='grc' dir='ltr'><strong><em>κατά</em></strong></span> <span class='ocrx_word' id='word_1_117' title='bbox 578 1702 638 1775; x_wconf 86' lang='grc' dir='ltr'><strong><em>τόν</em></strong></span> <span class='ocrx_word' id='word_1_118' title='bbox 662 1702 859 1794; x_wconf 85' lang='grc' dir='ltr'><strong><em>θαυμαστὸν</em></strong></span> <span class='ocrx_word' id='word_1_119' title='bbox 883 1700 1122 1793; x_wconf 85' lang='grc' dir='ltr'><strong><em>εῦαγγελιστήν</em></strong></span> <span class='ocrx_word' id='word_1_120' title='bbox 1136 1733 1161 1773; x_wconf 85' lang='lat'><strong><em>15</em></strong></span> 
     </span>
     <span class='ocr_line' id='line_1_17' title="bbox 152 1801 1125 1896; baseline 0 -22"><span class='ocrx_word' id='word_1_121' title='bbox 152 1801 320 1888; x_wconf 79' lang='grc' dir='ltr'><strong><em>“άκοάσας</em></strong></span> <span class='ocrx_word' id='word_1_122' title='bbox 333 1803 384 1876; x_wconf 80' lang='grc' dir='ltr'><strong><em>ὅτι</em></strong></span> <span class='ocrx_word' id='word_1_123' title='bbox 399 1801 556 1894; x_wconf 77' lang='grc' dir='ltr'><strong><em>Ἰωάννης</em></strong></span> <span class='ocrx_word' id='word_1_124' title='bbox 569 1804 756 1896; x_wconf 80' lang='grc' dir='ltr'><strong><em>παρεδόθη,</em></strong></span> <span class='ocrx_word' id='word_1_125' title='bbox 775 1803 988 1895; x_wconf 75' lang='grc' dir='ltr'><strong><em>ἀνεχώρησεν</em></strong></span> <span class='ocrx_word' id='word_1_126' title='bbox 1001 1812 1048 1887; x_wconf 90' lang='grc' dir='ltr'><strong><em>είς</em></strong></span> <span class='ocrx_word' id='word_1_127' title='bbox 1062 1805 1125 1890; x_wconf 88' lang='grc' dir='ltr'><strong><em>τήν</em></strong></span> 
     </span>
     <span class='ocr_line' id='line_1_18' title="bbox 156 1903 1124 1997; baseline -0.003 -20"><span class='ocrx_word' id='word_1_128' title='bbox 156 1913 352 1995; x_wconf 85' lang='grc' dir='ltr'><strong><em>Γαλιλαίαν,</em></strong></span> <span class='ocrx_word' id='word_1_129' title='bbox 371 1909 427 1975; x_wconf 78' lang='grc' dir='ltr'><strong><em>καί</em></strong></span> <span class='ocrx_word' id='word_1_130' title='bbox 441 1905 633 1976; x_wconf 76' lang='grc' dir='ltr'><strong><em>καταλιπόν</em></strong></span> <span class='ocrx_word' id='word_1_131' title='bbox 646 1904 708 1994; x_wconf 85' lang='grc' dir='ltr'><strong><em>τήν</em></strong></span> <span class='ocrx_word' id='word_1_132' title='bbox 722 1908 881 1997; x_wconf 75' lang='grc' dir='ltr'><strong><em>Ναζαρὲθ</em></strong></span> <span class='ocrx_word' id='word_1_133' title='bbox 896 1903 1006 1975; x_wconf 75' lang='grc' dir='ltr'><strong><em>ἐλθόν</em></strong></span> <span class='ocrx_word' id='word_1_134' title='bbox 1018 1903 1124 1996; x_wconf 75' lang='grc' dir='ltr'><strong><em>κατῴ·</em></strong></span> 
     </span>
     <span class='ocr_line' id='line_1_19' title="bbox 157 2001 1126 2096; baseline -0.003 -19"><span class='ocrx_word' id='word_1_135' title='bbox 157 2030 260 2096; x_wconf 87' lang='grc' dir='ltr'><strong><em>κησευ</em></strong></span> <span class='ocrx_word' id='word_1_136' title='bbox 277 2014 324 2088; x_wconf 89' lang='grc' dir='ltr'><strong><em>είς</em></strong></span> <span class='ocrx_word' id='word_1_137' title='bbox 343 2006 568 2095; x_wconf 82' lang='grc' dir='ltr'><strong><em>Καπερναοῦμ</em></strong></span> <span class='ocrx_word' id='word_1_138' title='bbox 584 2005 647 2095; x_wconf 91' lang='grc' dir='ltr'><strong><em>τήν</em></strong></span> <span class='ocrx_word' id='word_1_139' title='bbox 657 2015 948 2096; x_wconf 88' lang='grc' dir='ltr'><strong><em>παραθαλασσίαν,</em></strong></span> <span class='ocrx_word' id='word_1_140' title='bbox 968 2009 1004 2075; x_wconf 82' lang='grc' dir='ltr'><strong><em>ἐν</em></strong></span> <span class='ocrx_word' id='word_1_141' title='bbox 1020 2001 1126 2092; x_wconf 86' lang='grc' dir='ltr'><strong><em>ὁρίοις</em></strong></span> 
     </span>
     <span class='ocr_line' id='line_1_20' title="bbox 159 2105 1125 2198; baseline -0.002 -20"><span class='ocrx_word' id='word_1_142' title='bbox 159 2107 343 2193; x_wconf 74' lang='grc' dir='ltr'><strong><em>Ζαβονλοδυ</em></strong></span> <span class='ocrx_word' id='word_1_143' title='bbox 360 2111 416 2176; x_wconf 82' lang='grc' dir='ltr'><strong><em>καὶ</em></strong></span> <span class='ocrx_word' id='word_1_144' title='bbox 434 2111 655 2198; x_wconf 75' lang='grc' dir='ltr'><strong><em>Νεφθαλείμ,</em></strong></span> <span class='ocrx_word' id='word_1_145' title='bbox 673 2106 762 2191; x_wconf 82' lang='grc' dir='ltr'><strong><em>ὅπως</em></strong></span> <span class='ocrx_word' id='word_1_146' title='bbox 780 2112 944 2197; x_wconf 81' lang='grc' dir='ltr'><strong><em>πληρωθή</em></strong></span> <span class='ocrx_word' id='word_1_147' title='bbox 962 2105 999 2177; x_wconf 83' lang='grc' dir='ltr'><strong><em>τό</em></strong></span> <span class='ocrx_word' id='word_1_148' title='bbox 1017 2108 1125 2197; x_wconf 71' lang='grc' dir='ltr'><strong><em>ῥηθὲν</em></strong></span> 
     </span>
     <span class='ocr_line' id='line_1_21' title="bbox 160 2204 1158 2298; baseline -0.004 -20"><span class='ocrx_word' id='word_1_149' title='bbox 160 2208 214 2279; x_wconf 90' lang='grc' dir='ltr'><strong><em>διά</em></strong></span> <span class='ocrx_word' id='word_1_150' title='bbox 234 2204 372 2282; x_wconf 63' lang='grc' dir='ltr'><strong><em>Ἠσαίου</em></strong></span> <span class='ocrx_word' id='word_1_151' title='bbox 395 2215 455 2279; x_wconf 87' lang='grc' dir='ltr'><strong><em>τοῦ</em></strong></span> <span class='ocrx_word' id='word_1_152' title='bbox 478 2208 652 2298; x_wconf 84' lang='grc' dir='ltr'><strong><em>προφήτου</em></strong></span> <span class='ocrx_word' id='word_1_153' title='bbox 676 2212 846 2297; x_wconf 81' lang='grc' dir='ltr'><strong><em>λέγοντος,</em></strong></span> <span class='ocrx_word' id='word_1_154' title='bbox 871 2213 914 2298; x_wconf 82' lang='grc' dir='ltr'><strong><em>γη</em></strong></span> <span class='ocrx_word' id='word_1_155' title='bbox 939 2206 1158 2297; x_wconf 68' lang='grc' dir='ltr'><strong><em>Ζαβουλώνιι</em></strong></span> 
     </span>
     <span class='ocr_line' id='line_1_22' title="bbox 158 2307 1126 2400; baseline -0.001 -20"><span class='ocrx_word' id='word_1_156' title='bbox 158 2314 212 2381; x_wconf 82' lang='grc' dir='ltr'><strong><em>καὶ</em></strong></span> <span class='ocrx_word' id='word_1_157' title='bbox 230 2315 271 2399; x_wconf 80' lang='grc' dir='ltr'><strong><em>γῆ</em></strong></span> <span class='ocrx_word' id='word_1_158' title='bbox 291 2313 512 2400; x_wconf 73' lang='grc' dir='ltr'><strong><em>Νεφθαλείμ,</em></strong></span> <span class='ocrx_word' id='word_1_159' title='bbox 538 2310 619 2381; x_wconf 86' lang='grc' dir='ltr'><strong><em>ὁδόν</em></strong></span> <span class='ocrx_word' id='word_1_160' title='bbox 641 2309 816 2399; x_wconf 77' lang='grc' dir='ltr'><strong><em>θαλάσσης</em></strong></span> <span class='ocrx_word' id='word_1_161' title='bbox 836 2313 946 2400; x_wconf 74' lang='grc' dir='ltr'><strong><em>’πέραν</em></strong></span> <span class='ocrx_word' id='word_1_162' title='bbox 969 2313 1029 2380; x_wconf 87' lang='grc' dir='ltr'><strong><em>τοῦ</em></strong></span> <span class='ocrx_word' id='word_1_163' title='bbox 1042 2307 1126 2399; x_wconf 90' lang='grc' dir='ltr'><strong><em>Ἰορ-</em></strong></span> 
     </span>
     <span class='ocr_line' id='line_1_23' title="bbox 159 2407 1126 2500; baseline -0.002 -19"><span class='ocrx_word' id='word_1_164' title='bbox 159 2411 282 2500; x_wconf 90' lang='grc' dir='ltr'><strong><em>δάνου,</em></strong></span> <span class='ocrx_word' id='word_1_165' title='bbox 300 2420 463 2482; x_wconf 90' lang='grc' dir='ltr'><strong><em>Γαλιλαία</em></strong></span> <span class='ocrx_word' id='word_1_166' title='bbox 480 2419 549 2483; x_wconf 76' lang='grc' dir='ltr'><strong><em>τῶν</em></strong></span> <span class='ocrx_word' id='word_1_167' title='bbox 567 2416 698 2499; x_wconf 79' lang='grc' dir='ltr'><strong><em>ἐθνῶν,</em></strong></span> <span class='ocrx_word' id='word_1_168' title='bbox 716 2410 732 2482; x_wconf 85' lang='grc' dir='ltr'><strong><em>ό</em></strong></span> <span class='ocrx_word' id='word_1_169' title='bbox 753 2411 830 2493; x_wconf 87' lang='grc' dir='ltr'><strong><em>λαὸς</em></strong></span> <span class='ocrx_word' id='word_1_170' title='bbox 848 2407 1069 2500; x_wconf 87' lang='grc' dir='ltr'><strong><em>δκαθήμευος</em></strong></span> <span class='ocrx_word' id='word_1_171' title='bbox 1089 2415 1126 2479; x_wconf 85' lang='grc' dir='ltr'><strong><em>ἐν</em></strong></span> 
     </span>
     <span class='ocr_line' id='line_1_24' title="bbox 157 2509 1126 2603; baseline -0.002 -20"><span class='ocrx_word' id='word_1_172' title='bbox 157 2512 267 2584; x_wconf 87' lang='grc' dir='ltr'><strong><em>σκότει</em></strong></span> <span class='ocrx_word' id='word_1_173' title='bbox 285 2518 357 2602; x_wconf 85' lang='grc' dir='ltr'><strong><em>φως</em></strong></span> <span class='ocrx_word' id='word_1_174' title='bbox 377 2514 446 2582; x_wconf 86' lang='grc' dir='ltr'><strong><em>είδε</em></strong></span> <span class='ocrx_word' id='word_1_175' title='bbox 463 2516 563 2603; x_wconf 83' lang='grc' dir='ltr'><strong><em>μέγα,</em></strong></span> <span class='ocrx_word' id='word_1_176' title='bbox 589 2516 731 2593; x_wconf 77' lang='grc' dir='ltr'><strong><em>καὶτοῖς</em></strong></span> <span class='ocrx_word' id='word_1_177' title='bbox 749 2516 961 2583; x_wconf 88' lang='grc' dir='ltr'><strong><em>κατοικοῦσιν</em></strong></span> <span class='ocrx_word' id='word_1_178' title='bbox 980 2516 1016 2582; x_wconf 83' lang='grc' dir='ltr'><strong><em>ἐν</em></strong></span> <span class='ocrx_word' id='word_1_179' title='bbox 1034 2509 1126 2602; x_wconf 78' lang='grc' dir='ltr'><strong><em>χάρη</em></strong></span> 
     </span>
     <span class='ocr_line' id='line_1_25' title="bbox 158 2608 1126 2705; baseline -0.002 -21"><span class='ocrx_word' id='word_1_180' title='bbox 158 2617 213 2684; x_wconf 87' lang='grc' dir='ltr'><strong><em>καὶ</em></strong></span> <span class='ocrx_word' id='word_1_181' title='bbox 231 2617 309 2705; x_wconf 79' lang='grc' dir='ltr'><strong><em>σκιηῖ</em></strong></span> <span class='ocrx_word' id='word_1_182' title='bbox 330 2612 501 2700; x_wconf 89' lang='grc' dir='ltr'><strong><em>θανάτου,</em></strong></span> <span class='ocrx_word' id='word_1_183' title='bbox 525 2619 597 2703; x_wconf 80' lang='grc' dir='ltr'><strong><em>φῦς</em></strong></span> <span class='ocrx_word' id='word_1_184' title='bbox 620 2610 789 2685; x_wconf 84' lang='grc' dir='ltr'><strong><em>άνέτειλεν</em></strong></span> <span class='ocrx_word' id='word_1_185' title='bbox 812 2612 933 2695; x_wconf 77' lang='grc' dir='ltr'><strong><em>αὐτοῖς.</em></strong></span> <span class='ocrx_word' id='word_1_186' title='bbox 970 2608 1035 2683; x_wconf 88' lang='grc' dir='ltr'><strong><em>άπδ</em></strong></span> <span class='ocrx_word' id='word_1_187' title='bbox 1052 2610 1126 2682; x_wconf 89' lang='grc' dir='ltr'><strong><em>τότε</em></strong></span> 
     </span>
    </p>

    <p class='ocr_par' dir='ltr' id='par_1_6' title="bbox 133 2712 1163 2804">
     <span class='ocr_line' id='line_1_26' title="bbox 133 2712 1163 2804; baseline -0.001 -20"><span class='ocrx_word' id='word_1_188' title='bbox 133 2718 244 2802; x_wconf 79' lang='grc' dir='ltr'><strong><em>ιγοῦν</em></strong></span> <span class='ocrx_word' id='word_1_189' title='bbox 267 2712 388 2803; x_wconf 79' lang='grc' dir='ltr'><strong><em>ἤρξατο</em></strong></span> <span class='ocrx_word' id='word_1_190' title='bbox 410 2712 428 2784; x_wconf 87' lang='grc' dir='ltr'><strong><em>ό</em></strong></span> <span class='ocrx_word' id='word_1_191' title='bbox 447 2712 575 2802; x_wconf 83' lang='grc' dir='ltr'><strong><em>Ἰησοῦς</em></strong></span> <span class='ocrx_word' id='word_1_192' title='bbox 599 2712 780 2804; x_wconf 80' lang='grc' dir='ltr'><strong><em>κηρύσσειν</em></strong></span> <span class='ocrx_word' id='word_1_193' title='bbox 803 2717 859 2784; x_wconf 81' lang='grc' dir='ltr'><strong><em>καὶ</em></strong></span> <span class='ocrx_word' id='word_1_194' title='bbox 877 2717 1003 2803; x_wconf 83' lang='grc' dir='ltr'><strong><em>λέγειν,</em></strong></span> <span class='ocrx_word' id='word_1_195' title='bbox 1028 2742 1126 2803; x_wconf 90' lang='grc' dir='ltr'><strong><em>μετα·</em></strong></span> <span class='ocrx_word' id='word_1_196' title='bbox 1156 2744 1163 2772; x_wconf 64' lang='lat'><strong><em>«⁴</em></strong></span> 
     </span>
    </p>

    <p class='ocr_par' dir='ltr' id='par_1_7' title="bbox 91 2812 1163 3313">
     <span class='ocr_line' id='line_1_27' title="bbox 91 2812 1129 2906; baseline -0.003 -19"><span class='ocrx_word' id='word_1_197' title='bbox 91 2847 144 2899; x_wconf 72' lang='grc' dir='ltr'><strong><em>μιν]</em></strong></span> <span class='ocrx_word' id='word_1_198' title='bbox 159 2832 277 2903; x_wconf 82' lang='grc' dir='ltr'><strong><em>νοεῖτε,</em></strong></span> <span class='ocrx_word' id='word_1_199' title='bbox 289 2813 340 2884; x_wconf 85' lang='grc' dir='ltr'><strong><em>ότι</em></strong></span> <span class='ocrx_word' id='word_1_200' title='bbox 353 2812 491 2904; x_wconf 90' lang='grc' dir='ltr'><strong><em>ήγγικεν</em></strong></span> <span class='ocrx_word' id='word_1_201' title='bbox 505 2814 525 2906; x_wconf 84' lang='grc' dir='ltr'><strong><em>ή</em></strong></span> <span class='ocrx_word' id='word_1_202' title='bbox 540 2822 693 2904; x_wconf 87' lang='grc' dir='ltr'><strong><em>βασιλεία</em></strong></span> <span class='ocrx_word' id='word_1_203' title='bbox 704 2819 772 2887; x_wconf 79' lang='grc' dir='ltr'><strong><em>τάν</em></strong></span> <span class='ocrx_word' id='word_1_204' title='bbox 784 2813 948 2905; x_wconf 82' lang='grc' dir='ltr'><strong><em>οῦρανῦν.</em></strong></span> <span class='ocrx_word' id='word_1_205' title='bbox 974 2821 1003 2885; x_wconf 88' lang='grc'><strong><em>3.</em></strong></span> <span class='ocrx_word' id='word_1_206' title='bbox 1023 2813 1129 2902; x_wconf 90' lang='grc' dir='ltr'><strong><em>παρά-</em></strong></span> 
     </span>
     <span class='ocr_line' id='line_1_28' title="bbox 160 2914 1130 3007; baseline -0.001 -19"><span class='ocrx_word' id='word_1_207' title='bbox 160 2947 229 3006; x_wconf 91' lang='grc' dir='ltr'><strong><em>γων</em></strong></span> <span class='ocrx_word' id='word_1_208' title='bbox 248 2916 285 2986; x_wconf 71' lang='grc' dir='ltr'><strong><em>δὲ</em></strong></span> <span class='ocrx_word' id='word_1_209' title='bbox 303 2915 393 3007; x_wconf 87' lang='grc' dir='ltr'><strong><em>παρά</em></strong></span> <span class='ocrx_word' id='word_1_210' title='bbox 416 2916 478 3005; x_wconf 81' lang='grc' dir='ltr'><strong><em>τήν</em></strong></span> <span class='ocrx_word' id='word_1_211' title='bbox 499 2916 676 2988; x_wconf 92' lang='grc' dir='ltr'><strong><em>θάλασσαν</em></strong></span> <span class='ocrx_word' id='word_1_212' title='bbox 694 2921 751 3006; x_wconf 81' lang='grc' dir='ltr'><strong><em>τῆς</em></strong></span> <span class='ocrx_word' id='word_1_213' title='bbox 769 2926 949 2999; x_wconf 88' lang='grc' dir='ltr'><strong><em>Γαλιλαίας</em></strong></span> <span class='ocrx_word' id='word_1_214' title='bbox 976 2916 1046 2986; x_wconf 79' lang='grc' dir='ltr'><strong><em>εἶδε</em></strong></span> <span class='ocrx_word' id='word_1_215' title='bbox 1064 2914 1130 2987; x_wconf 88' lang='grc' dir='ltr'><strong><em>δύο</em></strong></span> 
     </span>
     <span class='ocr_line' id='line_1_29' title="bbox 159 3015 1129 3110; baseline 0 -22"><span class='ocrx_word' id='word_1_216' title='bbox 159 3015 344 3107; x_wconf 85' lang='grc' dir='ltr'><strong><em>ἀδελφοῦς,</em></strong></span> <span class='ocrx_word' id='word_1_217' title='bbox 364 3025 505 3108; x_wconf 85' lang='grc' dir='ltr'><strong><em>Σίμωνα</em></strong></span> <span class='ocrx_word' id='word_1_218' title='bbox 522 3016 581 3090; x_wconf 87' lang='grc' dir='ltr'><strong><em>τόν</em></strong></span> <span class='ocrx_word' id='word_1_219' title='bbox 605 3018 814 3110; x_wconf 80' lang='grc' dir='ltr'><strong><em>καλούμενον</em></strong></span> <span class='ocrx_word' id='word_1_220' title='bbox 832 3023 964 3110; x_wconf 82' lang='grc' dir='ltr'><strong><em>Πέτρου</em></strong></span> <span class='ocrx_word' id='word_1_221' title='bbox 981 3019 1036 3087; x_wconf 80' lang='grc' dir='ltr'><strong><em>καὶ</em></strong></span> <span class='ocrx_word' id='word_1_222' title='bbox 1051 3015 1129 3088; x_wconf 87' lang='grc' dir='ltr'><strong><em>Ἀν-</em></strong></span> 
     </span>
     <span class='ocr_line' id='line_1_30' title="bbox 161 3117 1130 3211; baseline -0.001 -20"><span class='ocrx_word' id='word_1_223' title='bbox 161 3123 263 3210; x_wconf 80' lang='grc' dir='ltr'><strong><em>δρέαν</em></strong></span> <span class='ocrx_word' id='word_1_224' title='bbox 284 3119 342 3190; x_wconf 85' lang='grc' dir='ltr'><strong><em>τὸν</em></strong></span> <span class='ocrx_word' id='word_1_225' title='bbox 365 3117 514 3210; x_wconf 87' lang='grc' dir='ltr'><strong><em>άδελφὸν</em></strong></span> <span class='ocrx_word' id='word_1_226' title='bbox 538 3119 642 3192; x_wconf 84' lang='grc' dir='ltr'><strong><em>αὐτοῦ</em></strong></span> <span class='ocrx_word' id='word_1_227' title='bbox 666 3120 849 3209; x_wconf 81' lang='grc' dir='ltr'><strong><em>βάλλοντας</em></strong></span> <span class='ocrx_word' id='word_1_228' title='bbox 873 3120 1130 3211; x_wconf 78' lang='grc' dir='ltr'><strong><em>ἀμφίβληστρον</em></strong></span> 
     </span>
     <span class='ocr_line' id='line_1_31' title="bbox 161 3214 1163 3313; baseline -0.002 -21"><span class='ocrx_word' id='word_1_229' title='bbox 161 3231 207 3304; x_wconf 83' lang='grc' dir='ltr'><strong><em>είς</em></strong></span> <span class='ocrx_word' id='word_1_230' title='bbox 220 3221 281 3311; x_wconf 81' lang='grc' dir='ltr'><strong><em>τήν</em></strong></span> <span class='ocrx_word' id='word_1_231' title='bbox 294 3220 487 3293; x_wconf 88' lang='grc' dir='ltr'><strong><em>θάλασσαν·</em></strong></span> <span class='ocrx_word' id='word_1_232' title='bbox 507 3214 593 3312; x_wconf 89' lang='grc' dir='ltr'><strong><em>ήσαν</em></strong></span> <span class='ocrx_word' id='word_1_233' title='bbox 606 3220 670 3313; x_wconf 84' lang='grc' dir='ltr'><strong><em>γάρ</em></strong></span> <span class='ocrx_word' id='word_1_234' title='bbox 685 3223 803 3305; x_wconf 77' lang='grc' dir='ltr'><strong><em>ἁλιεῖς·</em></strong></span> <span class='ocrx_word' id='word_1_235' title='bbox 828 3225 885 3292; x_wconf 83' lang='grc' dir='ltr'><strong><em>καὶ</em></strong></span> <span class='ocrx_word' id='word_1_236' title='bbox 898 3225 987 3310; x_wconf 79' lang='grc' dir='ltr'><strong><em>λέγει</em></strong></span> <span class='ocrx_word' id='word_1_237' title='bbox 1001 3217 1129 3311; x_wconf 79' lang='grc' dir='ltr'><strong><em>αὐτοῖς,</em></strong></span> <span class='ocrx_word' id='word_1_238' title='bbox 1161 3259 1163 3283; x_wconf 83' lang='grc' dir='ltr'><strong><em>ι</em></strong></span> 
     </span>
    </p>
   </div>
   <div class='ocr_carea' id='block_1_3' title="bbox 217 3455 473 3521">
    <p class='ocr_par' dir='ltr' id='par_1_8' title="bbox 217 3455 473 3521">
     <span class='ocr_line' id='line_1_32' title="bbox 217 3455 473 3521; baseline 0.023 -20"><span class='ocrx_word' id='word_1_239' title='bbox 217 3455 473 3521; x_wconf 59' lang='grc' dir='ltr'><strong><em>πωωηω</em></strong></span> 
     </span>
    </p>
   </div>
   <div class='ocr_carea' id='block_1_4' title="bbox 0 0 1174 3818">
    <p class='ocr_par' dir='ltr' id='par_1_9' title="bbox 0 0 1174 3818">
     <span class='ocr_line' id='line_1_33' title="bbox 0 0 1174 3818; baseline 0 0"><span class='ocrx_word' id='word_1_240' title='bbox 0 0 1174 3818; x_wconf 95' lang='lat' dir='ltr'><strong><em> </em></strong></span> 
     </span>
    </p>
   </div>
  </div>
 </body>
</html>
