2326 3818
142 135 207 200 504
557 136 709 189 ωυεωειε

144 279 176 359 ἐξ
201 272 393 364 ἀλλοφύλου
416 276 535 364 γένους
555 269 726 347 Ἰουδαίων
748 270 988 366 ἀναγορεύεται
1012 282 1110 362 βασι-

142 374 233 457 λεύς·
261 373 344 446 καθ’
363 371 402 448 ῦν
415 379 637 466 γεννηθέντος
650 375 758 466 Ἰησοῦ
770 383 829 447 τοῦ
836 381 981 466 Χριστοῦ
999 374 1111 467 καθή-

143 506 222 567 ρητο
239 477 301 567 μὲν
314 479 399 567 ὁμοῦ
412 481 465 548 καὶ
480 481 537 566 τής
551 475 661 548 Ἰούδα
674 484 783 569 φυλής
796 477 832 548 τὸ
845 473 983 566 ἀξίωμα,
1003 475 1110 568 καθή-

144 607 222 669 ρητο
246 579 284 650 δὲ
308 582 364 649 καὶ
386 574 408 668 ή
434 583 502 650 τῶν
515 577 691 650 Ἰουδαίων
708 577 793 669 ἀρχή
814 608 852 673 τε
871 581 926 648 καὶ
944 584 1109 667 βασιλεία,

142 678 339 770 πεπλήρωτο
365 681 402 749 δδ
426 682 481 749 καὶ
504 678 525 767 ή
550 683 796 770 προτεταγμένη
820 686 1006 768 προφητεία
1025 675 1146 752 “odas

143 785 288 865 ἐκλείψει
312 778 425 871 ἀρχων
448 783 481 863 ἐξ
508 776 635 870 Ἰούδα,
659 777 741 852 οῦδὲ
768 776 951 870 ήγούμενος
982 783 1017 851 έκ
1043 785 1111 852 τῶν

141 886 258 973 μηρῶν
276 877 398 967 αύτοῦ,
422 878 573 971 φήσασα,
598 886 659 965 ἕως
678 876 720 953 ἀν
743 890 827 972 ἔλθη
845 881 885 951 τά
908 880 1111 972 ἀποκείμενα

143 977 270 1074 αῦτρῦ,”
295 978 335 1052 δν
358 988 418 1076 καί
438 1005 521 1071 φησι
549 981 755 1072 γενήσεσθαι
785 979 826 1053 οῦ
852 987 910 1053 τοῦ
935 981 1111 1055 Ἰουδαίων

144 1089 283 1169 ἔθνους,
315 1082 398 1152 ἀλλά
420 1088 488 1155 τῶν
519 1087 630 1154 έθνῶν
654 1090 868 1175 προσδοκίαν.
917 1088 970 1154 46.
996 1083 1110 1174 ἐπειδή

142 1190 259 1254 τοίνυν
289 1178 443 1256 ἀπέκειτο
465 1180 486 1272 ή
511 1183 678 1274 πρόπαλαι
705 1192 750 1280 τῷ
772 1182 921 1276 Ἀβραάμ
951 1215 1108 1276 χρηματι-
1122 1215 1147 1256 ιο

142 1296 264 1355 σθεῑσα
286 1290 344 1374 τής
369 1291 437 1356 τῶν
462 1289 574 1357 ἐθνῶν
597 1285 745 1375 κλήσεως
768 1293 971 1376 προσδοκία,
1000 1285 1043 1368 ῶς
1067 1283 1110 1358 ἀν

115 1385 382 1458 οέκλελοιπότων
399 1393 467 1458 τῶν
483 1392 519 1458 ἐκ
535 1394 595 1458 τοῦ
609 1385 784 1459 Ἰουδαίων
802 1394 925 1470 ἔθνους
939 1386 1110 1478 ἀρχόντων

141 1515 176 1557 τε
200 1491 256 1557 καὶ
280 1484 494 1579 ἡγουμένων,
519 1488 724 1579 μεταστάσης
748 1518 784 1561 τε
806 1494 864 1578 τής
887 1485 961 1559 κατ’
987 1486 1110 1571 αὐτοὺς

142 1587 245 1681 ἀρχῆς
270 1591 324 1659 ἐπὶ
338 1585 515 1680 Ῥωμαίους
539 1594 595 1661 καὶ
611 1589 671 1662 τόν
689 1595 721 1675 ἐξ
745 1594 857 1662 ἐθνῶν
877 1594 1110 1680 δεδηλωμένον

136 1687 308 1779 Ἡρώδην,
336 1690 468 1773 εἰκότως
486 1690 504 1762 ὁ
521 1693 583 1781 μέν
606 1689 840 1782 εύαγγελιστής
857 1697 1011 1778 Λουκᾶς,
1037 1695 1108 1762 έπι-
1123 1720 1150 1762 ιε

142 1789 383 1881 σημαινόμενος
406 1791 482 1875 τοῦς
506 1791 646 1884 χρόνους
669 1797 727 1881 τής
745 1797 923 1876 ἐκλείψεως
942 1799 1010 1862 τῶν
1024 1790 1110 1864 Ἰου-

143 1897 249 1963 δαίων
273 1889 461 1983 ἀρχόντων,
488 1894 551 1983 τήν
575 1892 742 1984 καταρχὴν
765 1897 822 1981 τής
840 1896 988 1981 Χριστοῦ
1013 1886 1111 1962 διδά-

141 2001 277 2075 σκαλίας
296 2000 423 2085 ἱστορεῖ
437 1997 610 2084 γεγονέναι
625 1997 662 2064 έν
675 2000 740 2065 ἔτει
753 1990 1038 2086 πεντεκαιδεκάτῳ
1052 1999 1111 2082 τῆς

141 2088 320 2182 ήγεμονίας
344 2103 500 2187 Τιβερίου
518 2103 704 2187 Καίσαρος,
729 2090 992 2185 ἡγεμονεύοντος
1018 2105 1110 2166 Πον-

140 2201 214 2265 τίου
234 2193 382 2267 Πιλάτου
400 2205 456 2287 τής
470 2196 653 2285 Ἰουδαίας,
678 2200 734 2268 καὶ
752 2207 931 2279 Ματθαῖος
950 2197 987 2268 δὲ
1010 2202 1108 2269 τοῦτο
1121 2225 1149 2267 εο

141 2292 222 2367 αὐτὸ
241 2297 465 2387 αἰνιττόμενος
479 2306 642 2388 σημαίνει.
673 2305 724 2369 47.
739 2297 936 2390 ῦπογράφας
950 2302 1033 2387 γοῦν
1046 2297 1108 2388 τήν

139 2405 199 2470 τοῦ
217 2405 337 2492 κυρίου
356 2402 410 2470 καί
435 2403 584 2491 σωτήρος
600 2398 696 2490 ἡμῶν
719 2402 853 2490 γένεσιν
871 2403 1013 2488 έπιλέγει
1027 2395 1110 2470 “τοῦ

142 2500 179 2569 δὲ
193 2498 303 2590 Ἰησοῦ
321 2503 545 2590 γεννηθέντος
570 2505 607 2571 έν
624 2503 779 2591 Βηθλεὲμ
796 2495 854 2589 τής
868 2499 1051 2588 Ἰουδαίας,
1072 2505 1109 2570 έν

138 2598 276 2690 ήμίραις
289 2598 443 2691 Ἡρῶδου
460 2605 519 2670 τοῦ
536 2603 716 2691 βασιλέως,
737 2601 811 2672 ίδοῦ
829 2601 927 2691 μα’γοι
945 2598 1009 2671 ἀπὸ
1028 2598 1107 2672 ἀνα·

65 2734 70 2743 ·
140 2705 246 2771 τολῶν
269 2703 492 2789 παρεγένοντο
516 2707 563 2783 είς
583 2699 815 2790 Ἱεροσόλυμα,
845 2704 1016 2791 λέγοντες,
1041 2709 1106 2795 ποῦ
1119 2729 1146 2770 εε

72 2829 125 2880 (ευ)
141 2804 231 2870 ἐστιν
255 2794 273 2869 ό
296 2801 428 2889 τεχθεὶς
456 2797 613 2889 βασιλεῦς
636 2805 705 2872 τῶν
732 2799 945 2889 Ἰουδαίων;”
984 2799 1030 2873 δι’
1059 2794 1107 2874 ῶν

140 2903 254 2989 σαφοῦς
271 2907 450 2993 παρίστησι
468 2905 523 2974 καὶ
541 2907 601 2974 τοῦ
617 2901 811 2993 ἀλλοφύλου
828 2902 890 2994 τήν
903 2902 974 2974 κατ’
996 2902 1108 2976 αὐτῶν

72 3033 125 3090 μου]
139 2997 263 3092 ἀρχήν,
287 3006 343 3073 καὶ
365 3008 433 3075 τῶν
452 3008 484 3089 {a
502 3003 665 3094 ἀνατολῆς
688 3003 890 3095 ἀλλοφύλων
915 3011 1028 3077 ἐθνῶν
1045 3004 1108 3094 τήν

137 3097 203 3174 ῦπό
226 3107 288 3175 τοῦ
310 3111 395 3176 θεοῦ
421 3111 548 3195 κλήσιν.
595 3111 646 3178 48.
672 3105 756 3196 ὁμοῦ
779 3136 815 3178 τε
844 3106 908 3197 γὰρ
932 3103 1106 3178 Ἰουδαίων

137 3201 321 3297 ἀλλόφυλοι
346 3205 508 3298 έκράτονν
530 3210 586 3279 κοιλ
608 3204 668 3279 τόν
690 3206 792 3279 πάλαι
811 3207 1144 3299 προφητευόμενονεο

139 3350 341 3365 Ἢ

204 3438 239 3489 2³
255 3437 354 3491 Matth.
369 3441 394 3504 2,
408 3441 432 3490 1.
