2326 3818
155 130 197 194 (38
551 130 702 182 Ευευοιι

155 268 176 357 ἢ
207 267 290 340 κατά
317 269 395 349 τοῦς
423 267 585 350 παλαιοῦς
619 278 745 351 θυσίας
779 297 815 340 τε
850 272 906 340 καλ
929 273 1126 357 ἱερουργίας

155 369 347 463 ἠξιωμένοι,
366 369 483 441 οὐκέθ’
509 369 603 441 ὅσιον
627 370 801 461 ἡγούμεθα
824 378 1043 441 καταπίπτειν
1068 374 1126 443 ἐπὶ

131 471 195 557 ,τά
214 479 327 562 πρῶτα
345 476 400 543 καλ
419 471 552 562 άσθενῆ
568 491 725 563 στοιχεῖα,
733 471 885 562 σύμβολα
903 475 958 543 καλ
979 471 1125 560 εἰκόνας,

155 574 229 645 ἀλλ’
255 573 316 646 οῦκ
330 574 436 664 αὐτὴν
455 572 619 662 άληθειαν
642 579 845 664 περιέχοντα.
875 580 922 645 19.
933 571 1067 656 εἰκότως
1086 576 1126 645 δέ

155 682 210 748 καλ
236 675 348 748 αὐτῶν
361 676 535 748 Ἰουδαίων
559 683 594 746 οἱ
617 683 663 758 εἰς
688 675 746 746 τόν
771 675 917 762 Χριστόν
945 679 1006 746 τοῦ
1036 680 1153 747 θεοῦ5

154 778 459 868 καταπεφευγότες,
497 784 527 847 ελ
552 780 667 866 μηκέτι
697 782 765 849 τῶν
794 782 946 860 Μωσέως
970 781 1128 865 ἐπιστρέ-

155 911 272 972 φοιντο
297 878 598 967 παραγγελμάτων,
624 878 706 949 κατά
725 879 785 967 τὴν
809 879 930 968 καινὴν
955 877 1127 969 διαθήκην

156 988 309 1070 βιοῦντες
333 987 390 1069 της
408 976 474 1050 ῦπό
489 983 642 1061 Μωσέως
666 977 851 1071 ῶρισμένης
872 979 963 1063 ἐκτός
987 975 1031 1050 άν
1054 980 1127 1052 εἶεν

156 1083 317 1171 κατάρας,
336 1081 393 1152 ἅτε
412 1082 453 1170 θη
471 1078 579 1171 άμνοῦ
597 1086 656 1153 τοῦ
670 1088 756 1153 θεοῦ
772 1082 813 1153 οὐ
823 1081 927 1172 μόνον
938 1081 999 1170 την
1016 1080 1129 1171 ἆμαρ-

156 1192 232 1255 τέαν
249 1189 308 1255 τοῦ
327 1182 464 1273 κόσμου,
483 1180 568 1254 άλλά
586 1187 641 1253 καλ
659 1184 722 1272 την
741 1188 776 1254 έν
794 1188 835 1274 τῇ
852 1181 1043 1273 παραβάσει
1054 1189 1128 1255 τῶν
1142 1208 1161 1245 ιΙ

156 1289 308 1368 Μωσέως
339 1290 485 1357 ἐντολῶν
516 1284 666 1376 κατάραν
698 1293 744 1366 εἰς
767 1285 870 1355 αὐτὸν
895 1283 1126 1374 άνειληφότος.

126 1415 140 1454 d
157 1391 296 1478 γέγονεν
314 1380 376 1461 νῦν
393 1384 410 1458 ὁ
431 1384 536 1477 άμνός
554 1391 616 1458 τοῦ
632 1393 717 1459 θεοῦ
737 1390 793 1457 καὶ
816 1386 960 1476 ἁμαρτία
984 1389 1039 1456 καλ
1064 1416 1130 1457 κα-

157 1490 254 1580 τάρα·
281 1490 423 1580 ἁμαρτία
452 1492 514 1579 μέν
537 1485 624 1578 ῦπλρ
654 1493 721 1560 τῶν
750 1485 956 1578 ἁμαρτωλῶν
978 1493 1038 1558 τοῦ
1069 1486 1128 1559 κό-

157 1616 259 1682 σμου,
280 1590 408 1677 κατάρα
429 1587 461 1660 θ’
481 1592 567 1679 ὑπὲρ
586 1599 654 1660 τῶν
667 1589 712 1680 μη
731 1588 945 1680 ἐμμενόντων
964 1597 1044 1659 πᾶσι
1057 1609 1130 1673 τοῖς

159 1695 435 1780 ἐγγεγραμμένοις
456 1695 491 1761 έν
508 1696 555 1784 τῷ
573 1696 724 1774 Μωσέως
742 1690 861 1785 νόμῳ.”
893 1698 944 1761 λθ.
957 1690 1008 1761 διό
1021 1715 1154 1780 φησιν1

157 1790 374 1873 ὁάπόστολος
399 1763 604 1881 ((Χριστός’
588 1798 672 1881 ημᾶς
692 1792 892 1918 ἐξηγόρασεν
921 1799 957 1863 ἐκ
981 1798 1040 1882 τῆς
1067 1823 1132 1865 κα·

158 1895 259 1983 τάρας
276 1901 334 1966 τοῦ
353 1891 469 2017 νόμον,
484 1893 661 1984 γενόμενος
679 1893 798 1983 ὑπὲρ
781 1901 876 1984 ημῶν
894 1892 1044 1983 κατάρα,’
1047 1893 1132 1967 ’καὶ

155 1996 243 2068 “τόν
266 2026 311 2085 μη
335 1995 460 2084 γνόντα
497 1990 663 2084 άμαρτέαν
704 1992 848 2087 ὑπὲρ
830 2002 925 2085 ημῶν
960 1991 1131 2086 άμαρτίαν

161 2095 326 2187 ἕποίησε.”
478 2120 489 2159 1

236 2207 286 2272 21.
328 2208 372 2272 Τί
386 2197 450 2287 γάρ
469 2199 530 2270 οῦκ
549 2207 664 2288 ἔμελλε
683 2209 838 2288 γίνεσθαι
863 2196 899 2270 τό
923 2201 983 2269 τοῦ
1002 2197 1133 2289 κόσμον
1150 2229 1157 2249 ··=

162 2304 360 2394 καθάρσιον,
378 2300 415 2372 τό
432 2306 500 2373 τῶν
517 2300 723 2391 ἁμαρτωλῶν
740 2300 945 2390 άντέψυχον,
964 2296 985 2371 ό
1011 2298 1053 2389 θη
1077 2304 1137 2371 καλ

162 2402 205 2489 ῶς
224 2405 394 2498 πρόβατον
412 2408 465 2475 ἐπὶ
491 2402 626 2493 σφαγὴν
643 2402 745 2495 ἤχθη,
767 2407 822 2473 καὶ
841 2402 886 2484 ῶς
910 2401 1030 2491 άρνίον
1055 2400 1152 2491 άγό·“

161 2538 263 2596 μενον
277 2514 339 2580 τοῦ
356 2507 526 2593 θύεσθαι,
545 2505 649 2575 ταῦτά
668 2533 703 2574 τε
722 2504 829 2574 πάντα
848 2499 934 2592 ῦπέρ
957 2499 1054 2590 ἡμῶν
1078 2507 1138 2575 καὶ

164 2609 209 2677 δι’
243 2608 344 2697 ημᾶς;
366 2608 451 2679 ὅθεν
467 2615 503 2676 οἱ
518 2609 579 2695 μὲν
597 2609 731 2675 παλαιοὶ
749 2608 805 2674 καὶ
823 2615 995 2693 θεοφιλεῖς
1013 2602 1139 2695 ἄνδρες

108 2749 150 2799 (38,
164 2709 299 2790 εἰκότως
333 2709 480 2799 άπονσίμ
515 2711 583 2776 τῶν
614 2705 814 2794 κρειττόνων
847 2724 916 2788 τοῖς
952 2708 1155 2795 συμβόλοις

160 2827 393 2898 προσανεῑχον,
413 2805 456 2889 ῶς
475 2811 530 2877 καὶ
550 2814 646 2878 τοῦτο
672 2806 751 2879 αὐτό
780 2804 797 2878 ό
829 2808 938 2896 σωτὴρ
963 2803 1058 2897 ἡμῶν
1083 2815 1133 2879 θι-

161 2910 276 2981 θάσκει
294 2917 403 2999 λέγων
424 2905 444 2934 “
454 2912 570 2981 πολλοὶ
585 2915 752 3001 προφῆται
776 2913 832 2981 καὶ
857 2918 983 2980 δίκαιοι
1008 2912 1132 2981 ἐπιθό-

158 3035 269 3103 μησαν
300 3020 387 3083 ἰδεῖν
410 3007 432 3081 ά
455 3001 551 3102 ῦμεῖς
574 3014 727 3099 βλέπετε,
753 3014 808 3082 καλ
841 3008 905 3081 οῦκ
937 3011 1045 3082 εἶδον·
1073 3014 1133 3082 καὶ

158 3115 300 3188 άκοῦσαι
312 3113 333 3185 ά
347 3110 443 3203 ῦμεῑς
462 3111 611 3201 άκοῦετε,
623 3116 678 3184 καὶ
690 3109 752 3184 οῦκ
764 3110 948 3203 ἥκουσαν.”
975 3118 1027 3184 22.
1036 3111 1134 3203 ἡμεῖς

161 3221 197 3288 θλ
216 3219 255 3287 τά
274 3216 386 3305 άληθη
411 3218 553 3286 καὶτῶν
572 3215 712 3287 εἰκόνων
735 3213 775 3286 τά
799 3213 969 3305 άρχέτνπα
993 3213 1048 3285 διά
1070 3220 1153 3303 τῆς1

196 3453 227 3500 16
247 3451 350 3512 (zal.3,
372 3454 411 3501 13.
499 3452 529 3500 18
548 3452 572 3499 2.
592 3450 655 3500 Cor.
674 3452 752 3512 5,‘21.
831 3449 972 3499 27Matth
1010 3451 1056 3504 13,
1089 3448 1130 3497 17.
