2326 3818
324 112 508 165 DEMONST.
526 113 661 167 nmo.
680 115 732 165 111.
749 117 774 164 2.
964 114 1023 176 141

55 257 188 342 γνῶσίν,
207 280 244 322 τε
265 255 322 322 καὶ
338 249 515 340 εὐσέβειαν
537 257 641 322 πᾶσιν
661 248 858 340 ἀνθρώποις
875 253 1024 341 προυβά-

56 365 149 442 λετο,
167 359 287 424 καινοῦ
303 383 340 424 τε
355 360 434 442 βίου
452 356 508 423 καί
524 359 694 434 πολιτείας
704 356 881 441 θεοσεβὲσι
897 377 1024 443 προση-

57 453 181 543 κούσης
198 459 329 546 πρώτος
347 451 551 542 εἰσαγωγεύς
574 456 631 523 καί
648 457 833 542 νομοθέτης
848 453 1023 526 ἀποδέδει-

57 585 142 628 κται.
163 561 192 626 7.
211 559 268 626 καί
280 553 321 626 τῦ
333 555 434 626 λοιπὰ
445 556 484 627 δὲ
495 552 624 645 ιδπερὶ
637 552 764 644 κόσμου
776 557 951 644 γενέσεως,
968 562 1022 627 καί

29 655 98 727 ετῦ
120 659 198 749 περὶ
221 662 329 747 ψυχῆς
353 654 562 746 ἀθανασίας,
584 659 641 727 καὶ
662 653 726 726 ὅσα
746 652 832 726 ἄλλα
854 654 1024 745 φιλόσοφα

57 756 222 848 δόγματα,
246 766 376 849 πρώτος
393 762 524 850 Μωσῆς
552 763 600 853 τῷ
625 756 799 830 Ἰουδαίων
828 760 1024 850 παρέδωκεν

56 866 169 948 ἐθνει,
198 867 303 931 ταῦτα
325 862 615 952 θεοπρεπέστερον
642 862 772 949 πρώτος
799 874 868 941 τοῖς
895 869 1024 942 λοιποῖς

56 968 195 1032 ἔθνεσιν
216 960 343 1051 Ἰησοῦς
364 961 384 1032 ὁ
408 961 550 1052 Χριστὸς
575 960 631 1049 διὰ
653 964 722 1032 τών
738 957 845 1032 αῦτοῦ
860 965 1048 1051 μαθητῶν(

56 1062 287 1153 κατήγγειλεν·
319 1062 405 1134 ὥστε
422 1066 552 1136 Μωσέα
572 1063 636 1153 μὲν
659 1061 793 1144 εἰκότως
816 1067 950 1153 πρώτον
967 1066 1024 1133 καὶ

18 1195 43 1233 10
55 1163 160 1253 μόνον
178 1163 351 1254 εὐσεβείας
367 1167 556 1254 νομοθέτην
574 1161 824 1253 ῦνηγορεῦσθαι
837 1163 1022 1254 Ἰουδαίων,

52 1261 183 1352 Ἰησοῦν
209 1267 248 1335 δέ
270 1265 330 1337 τὸν
346 1263 493 1356 Χριστῦν
516 1273 585 1336 τῶν
608 1269 722 1337 ἐθνῶν
743 1264 922 1354 ἁπάντων,
940 1268 1024 1337 κατὰ

55 1364 117 1454 τήν
141 1364 299 1456 φήσασαν
323 1364 529 1459 περὶαύτοῦ
554 1373 763 1458 προφητείαν
781 1362 1023 1456 “κατύστησον,

56 1465 168 1557 κύριε,
194 1469 384 1557 νομοθέτην
406 1466 458 1538 ἐπ’
485 1466 622 1550 αὐτούς·
657 1466 841 1555 γνώτωσαν
864 1476 950 1557 ἔθνη
973 1465 1023 1538 ὅτι

56 1565 237 1660 ἄνθρωποί
251 1565 373 1640 εἰσιν.”

18 1700 43 1739 15
134 1675 162 1740 8.
190 1668 303 1741 Πάλιν
326 1674 456 1758 Μωσῆς
478 1677 682 1760 θαυμασίοις
705 1677 814 1760 ἔργοις
838 1673 894 1741 καὶ
918 1697 1023 1759 παρα·

55 1774 257 1855 δοξοποιίαις
270 1773 333 1862 τῆν
345 1771 429 1862 πρὸς
442 1768 548 1844 αῦτοῦ
553 1781 840 1861 καταγγελθεῖσαν
849 1768 1023 1860 εὐσέβειαν

55 1872 276 1945 ἐπιστώσατο
310 1872 471 1957 ὡσαύτως
495 1875 531 1945 δὲ
555 1876 612 1944 καὶ
635 1872 653 1945 ὁ
677 1873 821 1965 Χριστὸς
843 1891 916 1955 ταῖς
939 1870 1023 1944 ἅνα-

54 1973 213 2065 γράπτοις
236 1984 524 2068 θαυματουργίαις
546 1972 628 2067 πρὸς
646 1984 759 2047 πίστιν
782 1978 850 2046 τοῖν
866 1970 1023 2063 ὁρώντων

55 2079 255 2165 κεχρημένος
284 2077 325 2147 τὰ
348 2077 448 2148 καινὰ
476 2082 534 2166 τῆς
564 2073 781 2167 εῦαγγελικῆς
806 2083 1023 2159 διδασκαλίας

15 2205 42 2244 ιο
55 2173 161 2245 αῦτοῦ
179 2176 360 2267 μαθήματα
384 2176 620 2267 συνεστήσατο.
663 2184 693 2248 9.
714 2177 816 2248 πάλιν
834 2185 964 2267 Μωσῆς
988 2183 1023 2249 ἐκ
1038 2211 1049 2247 ι

54 2279 175 2364 πικρᾶς
201 2281 258 2367 τῆς
286 2274 349 2350 ὑπ’
381 2285 580 2367 Αἰγυπτίοις
611 2285 764 2361 δουλείας
794 2277 830 2349 τό
851 2277 1023 2350 Ἰουδαίων

55 2385 156 2460 ἔθνος
174 2386 222 2460 εἰς
241 2382 440 2470 ἐλευθερίαν
457 2377 693 2468 μετεστήσατο·
727 2383 782 2449 καί
797 2378 922 2468 Ἰησοῦς
950 2383 985 2449 δὲ
1005 2377 1022 2449 ὁ

56 2479 196 2570 Χριστὸς
215 2483 251 2550 ἐκ
268 2483 327 2569 τῆς
344 2479 411 2551 ῦπὸ
425 2496 493 2562 τοῖς
507 2495 666 2571 πονηροῖς
683 2486 816 2569 δαίμοσι
836 2485 1021 2568 δυσσεβοῦς
1036 2509 1075 2560 ιω]

55 2585 109 2651 καὶ
134 2585 365 2671 Αἰγυπτιακῆς
396 2588 652 2670 εἰδωλολατρίας
682 2590 730 2664 εἰς
760 2584 958 2670 ἐλευθερίαν
986 2580 1022 2653 τό

16 2711 43 2751 ει
56 2681 193 2754 πάντων
222 2682 417 2776 ἀνθρώπων
446 2686 542 2773 γένος
565 2681 796 2756 ἀνεκαλέσατο.
847 2689 894 2756 10.
921 2683 1022 2755 πάλιν

55 2787 183 2873 Μωσῆς
201 2788 266 2874 γῆν
281 2785 384 2875 ἁγίαν
401 2790 457 2857 καί
474 2791 620 2877 θεοφιλῆ
644 2794 722 2875 βίον
740 2789 776 2858 ἐν
793 2784 896 2877 ταύτη
915 2816 1023 2876 μακα-

55 2882 169 2973 ριστῦν
184 2905 253 2970 τοῖς
270 2891 339 2961 τών
355 2889 469 2978 νόμων
486 2887 631 2978 φύλαξιν
649 2892 879 2979 ἐπηγγείλατο·
908 2885 1022 2959 ῦσαύ-

53 3015 118 3069 τως
143 2987 180 3056 δὲ
203 2991 259 3059 καί
281 2985 405 3079 Ἰησοῦς
427 2987 623 3079 ὁΧριστός,
646 2988 819 3081 μακάριοι,
844 2993 966 3079 φησὶν,
990 2995 1025 3060 οἰ

53 3104 187 3177 πραεῖς,
219 3086 269 3160 ὅτι
301 3087 395 3161 αῦτοί
420 3088 708 3181 κληρονομήσουσι
737 3089 799 3180 τῆν
823 3094 904 3179 γῆν,
936 3089 1022 3159 πολῦ

14 3217 41 3257 ιο
54 3196 227 3280 κρείττονα
245 3195 308 3281 γῆν
331 3189 467 3281 ιἰληθῦς
491 3191 592 3281 ἁγίαν
610 3194 666 3261 καί
684 3198 847 3280 θεοφιλῆ,
869 3186 943 3278 οῦχί
961 3190 1021 3278 τήν

123 3425 312 3486 wffiffiw
