2326 3818
121 116 163 180 ςς
530 114 682 167 Ειιεειιιι

96 253 262 347 ικατάρᾳ,
280 258 327 348 τῷ
338 255 423 344 μηδὲ
442 251 588 324 δυνατόν
606 249 717 335 αὐτοῖς
736 253 880 325 εἶναιτὰ
898 254 988 345 παρὰ
1006 267 1092 328 Μω·

122 374 177 428 σεῖ
198 359 489 446 νενομοθετημένα
507 365 694 442 συντελελν,
712 359 958 447 περιηρημέυης
975 357 1093 431 αὐτῶν

123 464 181 547 της
199 458 449 550 μητροπόλεως,
481 461 537 529 καλ
564 457 864 547 ἀποκεκλεισμένης
890 464 947 547 τῆς
982 458 1092 549 μόνον

124 559 245 631 αὐτόθι
291 564 588 651 συγκεχωρημένης
637 565 862 631 ἐπιτελεῖσθαι
902 570 1093 651 Μωσαλκῆς

123 672 315 755 θρησκείας.
352 669 403 732 22.
422 661 518 781 ἡμεῖς
546 664 583 732 δὲ
606 660 664 732 τὸν
681 657 748 733 ὑπὸ
768 666 921 744 Μωσέως
938 666 995 733 καὶ
1018 669 1121 737 τῶνε

124 772 250 837 λοιπων
274 769 456 853 προφητῶν
477 765 744 888 κατηγγελμένων
767 762 1008 854 ἀποδεξάμενοι
1034 768 1107 839 καί·

123 868 230 960 τούτῳ
250 875 432 936 πείθεσθαι
452 862 496 934 δι’
519 862 616 956 εύχής
640 864 833 956 ποιούμενοι
851 864 1068 990 πληρωταὶ
1047 898 1094 940 αν

125 982 239 1057 είημεν
269 972 327 1089 τής
359 969 509 1048 Μωσέως
536 976 778 1057 παραγγελίας,
815 964 861 1038 δι’
895 958 934 1057 ής
964 975 1095 1058 ἔφησεν

118 1065 252 1139 “αύτοῦ
288 1065 485 1140 άκούσεσθε.
539 1074 685 1140 πᾶσαδ
666 1070 703 1139 δὲ
738 1067 827 1159 ψυχή
862 1066 933 1157 ήτις
967 1064 1011 1143 άν
1044 1072 1094 1162 μὴ

124 1168 251 1259 άκοόση
271 1175 329 1240 τοῦ
350 1168 525 1260 προφήτου
550 1176 681 1241 ἐκείνου
707 1169 1029 1260 έξολοθρευθήσεται
1055 1178 1133 1245 έκιο

124 1277 185 1343 τού
197 1276 319 1401 γένους
329 1271 450 1361 αύτήςῖ
453 1270 537 1344 ’23
552 1281 628 1343 τίνα
642 1275 678 1343 δὲ
691 1267 890 1355 διετάξατο’
874 1302 892 1343 ο
906 1271 1093 1403 προφήτης,

126 1405 174 1446 ων
194 1373 372 1446 ἐπακούειν
390 1372 514 1466 χρειδυ,
533 1380 639 1468 μικρῷ
664 1373 816 1466 πρόσθεν
838 1372 1028 1465 ἀκηκόαμεν
1052 1378 1095 1448 τὰ

124 1475 283 1600 πάνσρφα
309 1481 364 1547 καὶ
384 1482 499 1565 έντελή
519 1480 574 1547 καλ
600 1475 743 1567 οὐράνια
768 1475 1096 1568 παραγγέλματα·εἴ
1071 1509 1094 1551 α

126 1577 167 1669 δή
186 1576 248 1648 ούκ
267 1582 304 1648 έν
322 1582 419 1662 πλαξὶ
439 1587 586 1660 λιθίναις
604 1588 728 1649 Μωσεί
743 1587 994 1667 παραπλησίως,
1008 1576 1097 1653 ούδέ

125 1709 163 1769 γε
187 1683 303 1768 μέλανι
324 1683 379 1748 καὶ
403 1679 536 1767 χάρταις
560 1678 682 1766 ήξίωσε
705 1682 940 1768 παραθέσθαι,
966 1696 1093 1771 ψυχαῖς
1108 1709 1135 1753 ισ

71 1810 112 1860 ρο)
128 1781 165 1851 δὲ
191 1782 458 1868 κεκαθαρμέναις
489 1782 544 1849 καὶ
575 1779 698 1868 νοεράν
727 1778 847 1852 ούσίαν
877 1787 1097 1872 κεκτημέναις

123 1886 192 1953 των
210 1879 315 1952 αὐτοῦ
332 1886 515 1970 φοιτητωῖν·
536 1885 573 1951 ἐν
590 1877 642 1962 αἷς
661 1880 829 1973 ἐγγράψας
847 1880 924 1964 νοός
941 1889 999 1972 τῆς
1018 1914 1098 1957 και-

124 1991 185 2071 νής
205 1980 371 2070 διαθήκης
396 1980 520 2071 νόμους
550 1990 658 2073 ἔργοις
676 1981 871 2073 άπεπλήρου
894 1984 957 2074 τήν
981 1985 1097 2076 φήσα-

125 2106 189 2153 σαν
213 2081 269 2152 διά
295 2081 457 2174 Ἱερεμίου
484 2093 692 2175 προφητείαν
712 2081 730 2108 “
743 2085 947 2175 διαθήσομαι
971 2089 1097 2179 διαθή-

125 2214 188 2274 κην
221 2183 357 2274 καινήν,
382 2183 423 2255 ού
441 2185 524 2258 κατά
554 2187 616 2275 τήν
651 2186 820 2277 διαθήκην
855 2185 898 2276 ήν
928 2192 1136 2280 διεθέμην»

124 2306 192 2368 τοῖς
211 2285 376 2379 πατράσιν
394 2285 514 2358 αὐτῶν.
552 2286 602 2360 ότι
627 2287 748 2380 αύτηή
775 2288 923 2380 διαθήκη
946 2287 991 2379 ήν
1017 2299 1097 2363 δια-

125 2389 274 2481 θήσομαι
292 2397 338 2485 τῷ
351 2403 431 2484 οίκφ
446 2389 587 2481 Ἰσραήλ,
606 2390 723 2474 διδούς
740 2391 863 2482 νόμους
881 2422 946 2482 μου
961 2404 1008 2474 είς
1021 2394 1097 2465 διά-

124 2523 221 2564 νοιαν
239 2492 364 2583 αὐτῶν,
384 2496 439 2563 καὶ
460 2497 513 2562 ἐπὶ
527 2492 590 2582 τήν
607 2501 751 2582 καρδίαν
770 2490 882 2563 αύταῖν
893 2494 1011 2585 γράψω
1030 2493 1096 2567 αύ-

124 2594 213 2681 τούς,
233 2597 289 2663 καὶ
308 2603 424 2683 ἔσομαι
443 2590 556 2663 αὐτων
573 2592 664 2683 θεός,
683 2597 740 2664 καὶ
758 2590 854 2665 αύτοὶ
870 2604 1007 2667 ἔσονταί
1025 2626 1096 2688 μου

125 2692 231 2776 λαός.”
1106 2724 1136 2767 ετ

96 2827 110 2868 b
202 2808 273 2868 Vlll.
308 2791 397 2865 Ἀλλ’
424 2789 441 2864 ὃ
465 2794 527 2884 μὲν
552 2798 589 2864 ἐν
615 2798 736 2879 πλαξὶν
759 2794 918 2887 ιἰψύχοις,
951 2797 1026 2870 ὁδ’
1055 2805 1095 2873 έν

127 2901 290 2978 διανοίαις
310 2894 426 2981 ζωσαις
444 2894 484 2966 τά
502 2900 611 2966 τέλεια
629 2903 687 2984 τής
711 2903 828 2987 καινής
848 2899 1011 2988 διαθήκης
1029 2931 1093 2973 πα-

126 3002 335 3089 ραγγέλματα
355 3001 555 3087 ἐνέγραψεν·
580 3005 616 3069 oc
631 3002 672 3069 δέ
691 3027 730 3088 γε
748 3000 850 3070 αὐτοῦ
874 3004 1021 3091 μαθηταὶ
1046 3008 1095 3097 τῷ

125 3107 185 3169 τοῦ
206 3098 409 3170 διδασκάλου
431 3097 568 3188 νεύματι
587 3101 794 3189 κατάλληλον
817 3119 889 3182 ταῖς
919 3108 988 3174 τῶν
1010 3115 1095 3175 πολ-

125 3265 329 3279 -—-————-

194 3368 1090 3434 9fleut.18,15.18.19.Act3‚22.23.142.Cor.‚.33
1150 3382 1154 3393 '

127 3434 158 3482 19
175 3433 233 3485 Jer
252 3437 331 3484 31:
348 3439 389 3498 38,
408 3439 450 3488 31.
