2326 3818
352 109 538 162 DEMONST.
557 109 690 164 EVANG.
710 112 747 162 IL
766 115 789 163 3.
1031 112 1074 175 97

102 249 163 323 τὸν
180 247 307 339 κύριον.
344 252 400 319 καὶ
418 246 595 338 ποιήσουσι
608 258 751 335 θυσίας,
770 253 826 320 καὶ
845 248 997 335 εὔξονται
1016 249 1075 323 εῦ-

103 350 164 444 χίις
187 355 233 446 τῷ
265 357 372 446 κυρίῳ
402 354 458 421 καί
480 348 750 423 αποδύσουσιν.”
806 361 890 429 ἔνθα
921 357 976 424 καὶ
1001 358 1074 424 ε’πι-

103 452 237 543 στήσεις
262 447 307 534 ῦς
327 449 418 534 ἕκτδς
441 456 499 542 τής
517 451 732 543 Ἰερουσαλήμ
751 456 805 524 ἐπὶ
819 459 877 545 τῆς
897 454 1072 544 Αἰγύπτου

103 555 349 646 θυσιαστήριον
371 558 417 647 τῷ
450 563 555 648 κυρίῳ
583 552 830 643 συστήσεσθαι,
862 560 917 626 καὶ
949 557 1073 629 θύσειν

51 656 227 734 ’,εαύτύθι
257 654 334 738 τοῦς
358 663 567 745 Αίγυπτίους
598 660 655 727 καὶ
684 654 843 741 εὔξεσθαι
869 656 984 748 εύχῦς,
1016 663 1072 730 καὶ

101 756 295 831 ἀποδώσειν
312 762 357 852 τῳ
376 766 483 852 κυρίῳ
501 756 754 850 προῳητεύεται.
786 765 837 831 34.
857 757 897 829 ού
912 759 1016 851 μόνον
1035 762 1073 830 δὲ

100 860 168 952 ἄρα
186 863 240 932 ἐπὶ
259 865 318 950 τής
336 858 529 950 Αἰγύπτου,
548 857 632 930 ιἰλλῦ
651 862 706 930 καὶ
726 859 777 931 ἐπ’
799 859 902 952 αὐτής
914 866 972 951 τής
990 860 1073 951 οἰλη-

100 966 187 1046 θοῦς
201 959 431 1053 Ἰερουσαλήμ,
457 959 527 1051 ήτις
545 964 624 1033 ποτὲ
642 959 725 1051 αῦτη
744 981 887 1052 νοεῖται,
906 963 1015 1035 πάντα
1032 965 1096 1035 τῦε

103 1073 207 1154 ἔθνη,
241 1067 297 1135 καὶ
324 1059 423 1134 αύτοί
449 1092 488 1153 γε
518 1069 554 1135 οί
569 1062 706 1137 πάντων
734 1070 1071 1155 δεισιδαιμονέστατοι

64 1200 89 1240 ιι
103 1165 285 1257 Αἰγύπτιοι
308 1163 370 1254 τήν
394 1164 476 1236 κατῦ
502 1163 654 1237 διάνοιαν
684 1169 926 1256 θεωρουμένην
950 1191 1073 1254 σκηνο-

101 1276 227 1359 πηγίαν
247 1266 419 1359 ἑορτάσειν
436 1263 502 1338 ῦπό
519 1271 577 1357 τής
594 1276 798 1359 προφητείας
815 1265 1070 1340 ἀνακαλοῦνται.

101 1375 154 1442 35.
176 1378 207 1442 εί
225 1371 263 1442 δὲ
280 1374 336 1441 καὶ
354 1367 456 1440 πύλαι
474 1367 636 1461 πρότερον
650 1365 821 1459 “ε’γενήθη
839 1374 932 1461 μερὶς
951 1379 1071 1456 κυρίου

101 1473 182 1555 λαὸς
213 1470 318 1544 αῦτοῦ
345 1468 480 1559 Ἰακώβ,
509 1479 685 1561 σχοίνισμα
716 1480 937 1561 κληρονομίας
968 1470 1073 1543 αὐτοῦ

97 1570 263 1668 Ἰσραήλ,”
289 1570 362 1644 ἄλλ’
389 1569 531 1664 ῦστερύν
555 1600 634 1645 ποτε
658 1571 771 1643 καὶτὰ
789 1581 874 1663 ἔθνη
899 1571 1007 1644 πάντα
1025 1577 1073 1666 τῳ

63 1707 89 1748 ιι
102 1679 208 1771 κυρίῳ
242 1673 452 1766 δοθήσεσθαι
480 1679 602 1764 κλήρος
626 1685 754 1767 είρηται
783 1673 951 1764 φήσαντος
981 1673 1071 1768 αύτῷ
1151 1695 1155 1701 ’

101 1785 161 1850 τοῦ
179 1775 302 1868 πατρὸς
315 1772 473 1865 “almam
490 1772 571 1866 παρ’
592 1781 691 1867 ἐμοῦ,
717 1778 773 1846 καὶ
799 1775 895 1847 δύσω
914 1801 968 1848 σοι
986 1785 1071 1866 ἔθνη

100 1881 163 1971 τήν
181 1887 408 1970 κληρονομίαν
427 1873 523 1950 σου.”
566 1881 621 1948 καὶ
648 1878 711 1970 γὰρ
736 1877 1012 1966 κατακυριεύσειν
1030 1877 1070 1948 ού

100 1987 159 2071 νής
175 1978 355 2070 Ἰουδαίας,
374 1978 448 2051 ἀλλ’
469 1978 534 2051 ῦπδ
552 1978 725 2070 θαλάσσης
744 1983 805 2062 ἕως
823 1979 996 2070 θαλάσσης
1015 1985 1070 2050 καὶ

102 2081 257 2176 περάτων
274 2087 331 2171 τής
349 2084 547 2172 οἰκουμένης
571 2080 814 2174 προφητεύεται
828 2078 960 2154 ’πάντα
978 2111 1013 2153 τε
1031 2084 1071 2153 τὰ

61 2217 89 2257 εο
103 2193 188 2274 ἔθνη
217 2183 460 2257 δουλεύσουσιν
484 2179 591 2279 αύτῷ,
616 2187 672 2254 καὶ
692 2183 1016 2274 ε’νευλογηθήσονται
1035 2189 1100 2256 ἐνιι

103 2286 194 2383 αὐτῷ
220 2295 323 2358 πᾶσαι
348 2291 386 2357 αἱ
410 2288 515 2375 φυλαὶ
538 2290 597 2374 τῆς
621 2282 714 2374 W„
751 2291 801 2356 36.
822 2285 941 2356 τούτου
967 2288 1004 2356 δὲ
1028 2278 1071 2374 ήν

101 2401 210 2460 αίτιον
226 2388 263 2461 τῦ
281 2397 446 2478 γνωρίσαι
463 2391 531 2457 τῶν
555 2385 643 2456 ὅλων
668 2386 751 2458 θεὸν
768 2384 805 2457 τδ
825 2386 989 2476 σωτήριον
1008 2384 1069 2457 αύ-

100 2494 160 2562 τοῦ
192 2489 336 2563 ἐνύπιον
359 2489 495 2561 πάντων
523 2491 591 2559 τιῦν
619 2491 739 2560 ε’θνων.
789 2498 1008 2577 σεσημείωται
1033 2489 1071 2558 δὲ

100 2591 182 2682 ήμϊν
199 2590 265 2683 ήδη
283 2590 491 2683 πρότεροντὸ
506 2587 631 2680 Ἰησοῦς
648 2587 753 2681 ὄνομα
768 2598 814 2672 είς
828 2588 890 2679 τήν
903 2585 1070 2679 Ἑλλήνων

61 2724 88 2765 ιι
102 2693 166 2766 ἀπὸ
192 2694 429 2786 τήςἙβραίων
451 2693 741 2784 μεταβαλλόμενον
765 2698 881 2783 φωνής
906 2691 1070 2785 σωτήριον

102 2796 365 2886 ἑρμηνεύεσθαι,
391 2792 435 2879 οῦς
459 2797 565 2886 μηδὲν
589 2801 704 2886 ἕτερον
728 2795 815 2866 εἶναι
844 2793 880 2865 τό
905 2794 1070 2887 σωτήριον

101 2900 162 2966 τοῦ
184 2902 269 2967 θεοῦ
291 2893 312 2985 ή
337 2895 398 2987 τήν
421 2903 481 2968 τοῦ
506 2903 653 2988 σωτῆρος
676 2893 772 2988 ήμῶν
792 2895 898 2987 Ἰησοῦ
923 2903 1068 2989 Χριστοῦ
1083 2929 1124 2982 μοι

101 3006 336 3088 προσηγορίαν.
381 3003 431 3068 37.
450 3017 614 3092 μαρτυρεῖ
630 2999 735 3094 τούτῳ
760 3001 816 3069 καὶ
833 2997 850 3069 ὁ
869 2998 1015 3088 Συμεὼν
1035 3003 1071 3070 ἐν

64 3192 66 3195 ¹
100 3105 145 3195 τῷ
165 3099 366 3195 εὐαγγελίῳ,
390 3095 426 3181 ῦς
452 3099 566 3189 λαβών
583 3100 620 3172 τό
645 3108 798 3190 παιδίον,
823 3098 928 3171 αὐτὸν
951 3099 993 3187 δή
1011 3100 1070 3170 τὸν

62 3198 245 3293 σιἸησοῦν,
276 3201 357 3293 μετδι
383 3219 495 3293 χεῖρας
525 3202 687 3293 ἐπηύξατο
706 3201 796 3273 “νῦυ
824 3199 982 3281 ἀπολύεις
1011 3199 1070 3271 τόν

170 3371 200 3418 ιι
220 3371 304 3421 Dent.
316 3373 358 3435 ει,
371 3373 395 3424 9.
512 3369 543 3417 ιιι
562 3370 607 3418 ps.
621 3370 645 3429 ι,
659 3370 685 3418 8.
808 3369 838 3417 ιε
857 3368 902 3418 Ps.
916 3368 958 3433 τι,
972 3369 1013 3417 ιι.
1027 3369 1071 3416 ει.

100 3441 134 3488 εο
150 3438 219 3490 Luc.
233 3441 257 3502 2,
272 3441 312 3490 ιε.

151 3537 290 3573 susumus
306 3540 351 3576 111.
873 3520 895 3582 Ἰ
