2326 3818
147 131 212 194 540
551 129 702 179 Εοεεοιι

148 277 194 363 τῷ
207 268 379 340 Ἰουδαίων
397 276 491 338 έθνει
510 271 546 338 έν
558 269 604 360 τῷ
618 265 740 355 μεταξὺ
752 262 861 357 χρόνῳ
875 268 943 334 τῶν
963 263 1044 333 ἑπτά
1058 269 1117 350 καὶ

150 368 307 459 ἑξήκοντα
326 369 388 441 δόο
413 367 611 458 ἑβδομάδων
632 368 958 456 πεπροφητευμένων
976 361 1118 436 ἀκολού·

149 484 220 553 θως
238 470 258 560 ή
278 468 421 559 δήλωσις
438 474 496 558 τής
509 467 576 539 ὑπὸ
593 471 653 538 τοῦ
667 472 814 558 σωτῆρος
827 462 1119 557 ήμωνκαταγγελ-

148 580 265 660 θείσης
283 577 400 659 καινῆς
419 568 583 658 διαθήκης
606 576 806 652 θεσπίζεται.
856 574 926 638 107.
946 567 1119 640 τοσούτων

149 677 233 761 γοῦν
258 673 313 743 διά
337 676 440 762 μέσον
465 674 521 741 καὶ
544 669 667 759 μεταξὺ
684 673 751 740 των
769 667 850 738 ἑπτά
874 671 930 738 καὶ
956 667 1146 757 έξήκονταε

107 802 121 842 ι
148 773 211 844 δόο
244 771 443 862 ἑβδομάδων
475 773 660 861 εἰρημένων
693 773 877 859 έπιλέγεται
903 764 982 838 “nal
1010 777 1119 841 δυνα-

148 874 252 965 μιόσει
271 871 439 961 διαθήκην
456 882 590 953 πολλοῖς
604 871 748 961 ἑβδομάς
765 879 836 961 μία,
855 873 910 940 καὶ
930 874 966 942 ἐν
983 879 1029 965 τῷ
1043 871 1120 960 ήμί-

150 998 201 1046 σει
218 979 276 1061 τής
295 972 479 1063 ἑβδομάδος
497 970 682 1065 ἀρθήσεται
700 980 806 1042 θυσία
824 975 880 1042 καὶ
900 973 1042 1061 σπονδή,
1061 976 1119 1042 καὶ

151 1077 205 1145 ἐπὶ
222 1075 259 1144 τδ
279 1074 371 1166 ίερδυ
387 1077 559 1165 βδέλυγμα
572 1077 640 1145 των
654 1071 853 1165 ἐρημωσεων
865 1081 968 1161 ἔσται,
987 1077 1043 1144 καὶ
1057 1078 1120 1156 ἕως

150 1184 343 1257 συντελείας
363 1180 482 1265 καιροῦ
501 1177 673 1247 συντέλεια
693 1173 874 1263 δοθήσεται
889 1177 943 1244 ἐπὶ
961 1175 1024 1263 τήν
1043 1174 1117 1264 έρή-
1132 1207 1157 1248 ιο

150 1275 289 1368 μωσιν.”
337 1283 407 1348 108.
427 1284 503 1348 τίνα
529 1275 708 1366 δὲτρόπον
731 1279 787 1345 καὶ
811 1281 914 1346 ταῦτα
933 1280 1119 1365 ἐπληροῦτο

150 1376 419 1468 κατανοήσωμεν.
457 1383 635 1467 ἱστορεῖται
654 1378 692 1446 δὲ
709 1372 727 1446 ό
745 1381 809 1458 πᾶς
826 1384 884 1465 τῆς
899 1383 1119 1459 διδασκαλίας

150 1483 205 1550 καὶ
229 1483 510 1565 παραδοξοποιίας
532 1475 616 1568 ὁμοῦ
639 1483 699 1548 τοῦ
717 1483 864 1569 σωτήρος
887 1473 983 1568 ήμων
1000 1477 1119 1568 χρόνος

149 1585 252 1671 τριων
276 1578 378 1671 ήμισυ
402 1580 547 1670 γεγονως
571 1584 672 1670 ἐτῶν,
703 1578 785 1667 ὅπερ
817 1582 907 1650 ἐστὶν
933 1578 1119 1669 ἑβδομάδος

150 1679 260 1772 ήμισυ.
298 1681 396 1752 τοῦτό
414 1710 484 1762 πως
500 1679 654 1770 Ἰωάννης
677 1679 694 1751 ὁ
714 1679 948 1769 εὐαγγελιστής
971 1677 1118 1769 ἀκριβῶς
1134 1709 1158 1750 ιε

120 1786 326 1870 εέφιστάσιν
351 1779 454 1853 αὐτοῦ
477 1787 525 1875 τῷ
548 1781 732 1875 εὐαγγελίῳ
756 1780 968 1871 παραστήσει.
1006 1793 1057 1870 είη
1075 1779 1119 1852 ἀν

149 1874 212 1956 οὖν
241 1884 385 1973 ἑβδομάς
410 1887 493 1954 έτων
520 1892 579 1973 μία
602 1879 620 1952 ὁ
645 1889 709 1963 πᾶς
732 1881 849 1971 χρόνος
872 1888 929 1972 τῆς
951 1879 1033 1973 μετά
1048 1886 1119 1953 τῶν

149 1983 344 2055 ἀποστόλων
359 1984 465 2054 αὐτου
477 1987 716 2073 συνδιατριβής
725 2037 734 2070 ,
752 1983 816 2053 ὅτε
830 1984 894 2074 πρὸ
909 1989 968 2054 τον
985 1981 1118 2066 πάθους

150 2088 206 2154 καὶ
232 2081 250 2154 ὁ
273 2085 355 2173 μετά
378 2084 440 2173 τήν
467 2089 503 2154 ἐκ
527 2091 657 2174 νεκρῶν
681 2081 864 2156 ἀνάστασιν
888 2085 1002 2155 αὐτοῦ.
1046 2090 1117 2154 109.

150 2183 214 2275 πρὸ
231 2186 293 2275 μὲν
310 2183 373 2274 γάρ
391 2191 449 2257 τοῦ
468 2183 600 2267 πάθους
619 2188 672 2256 ἐπὶ
690 2193 765 2276 τρία
783 2189 839 2255 καὶ
856 2184 960 2276 ήμισν
979 2194 1035 2275 έτη
1049 2201 1119 2271 τοῖς
1131 2215 1158 2257 ιο

150 2292 251 2356 πᾶσιν
272 2287 392 2359 ἑαυτὸν
409 2291 564 2377 παρέχων
581 2301 749 2376 μαθηταῖς
770 2317 805 2358 τε
829 2291 969 2368 καὶτοῖς
987 2288 1119 2378 μήτοι-

150 2386 260 2469 ούτοις
283 2388 546 2481 ἀναγέγραπται·
580 2386 660 2459 καθ’
686 2385 726 2459 δν
751 2396 982 2471 διδασκαλίαις
1010 2417 1119 2481 παρα-

152 2488 257 2573 δόξοις
280 2520 316 2561 τε
338 2498 535 2581 θεραπείαις
552 2494 610 2578 τής
627 2489 785 2578 θεότητος
809 2487 911 2561 αὐτοῦ
935 2490 993 2572 τάς
1008 2489 1119 2561 ’δυνά-

150 2620 222 2678 μεις
235 2595 338 2661 πᾶσιν
351 2587 609 2679 ἀπλῶςἝλλησί
623 2620 659 2660 τε
676 2594 732 2660 καὶ
746 2587 919 2671 Ἰουδαίοις
934 2599 1117 2679 παρείχετο.

153 2697 222 2760 110.
243 2689 324 2779 μετά
342 2693 378 2760 δὲ
396 2691 457 2777 τήν
477 2695 512 2760 ἐκ
534 2699 664 2780 νεκρῶν
685 2690 870 2762 ἀνάστασιν
886 2692 945 2762 τὸν
963 2703 1051 2778 λ’σον,
1073 2692 1118 2775 ὡς
1131 2719 1156 2760 ιε

125 2789 259 2877 οείκδς,
283 2793 351 2860 τῶν
376 2795 458 2861 ἐτῶν
481 2789 603 2882 χρόνον
626 2809 694 2874 τοῖς
727 2795 850 2863 ἑαυτοῦ
871 2806 1038 2883 μαθηταῖς
1061 2800 1118 2864 καὶ

152 2885 345 2972 ἀποστόλοις
363 2898 491 2981 συνήν,
517 2890 564 2964 δι’
590 2889 724 2983 ήμερων
749 2894 997 2984 τεσσαράκοντα
1014 2892 1118 2964 ὀπτα-

151 2987 289 3079 νόμενος
308 2991 420 3076 αὐτοῖς
439 2997 494 3064 καὶ
512 2993 777 3084 συναλιζόμενος,
796 2999 852 3065 καὶ
864 3001 973 3084 λέγων
986 2996 1026 3065 τά
1040 3001 1118 3081 περὶ

150 3097 207 3180 τής
238 3101 409 3181 βασιλείας
435 3099 495 3166 τοῦ
520 3100 622 3183 θεοῦ,
654 3091 697 3178 ὦς
720 3101 805 3184 γοῦν
830 3103 865 3167 αἱ
882 3096 1026 3188 Πράξεις
1049 3101 1117 3166 τοῖν

92 3233 96 3242 ·
148 3191 343 3268 ἀποστόλων
369 3192 615 3287 περιέχουσιν,
632 3195 676 3279 ὡς
701 3195 788 3266 εἶναι
813 3197 938 3288 ταύτην
963 3197 1025 3286 τήν
1056 3205 1155 3286 δη-εο

149 3299 316 3383 λουμένην
333 3301 391 3386 τής
409 3306 612 3387 προφητείας
630 3304 697 3368 τῶν
717 3301 801 3368 έτωυ
820 3298 1006 3389 ἑβδομάδα,
1032 3298 1112 3368 καθ’

148 3389 191 3480 ήυ
227 3397 461 3487 ένεδυνάμωσε
496 3397 663 3488 διαθήκην
697 3409 849 3487 πολλοῖς,
893 3399 955 3489 τήν
996 3398 1117 3488 καινήν
