2326 3818
302 105 762 190 DEMQNST.EVANG.V.6.7.
966 102 1028 166 321

58 257 178 331 ζοντος.
219 251 249 316 5.
270 247 471 333 ζητουμένου
497 245 533 313 δὲ
548 240 615 333 άρα
639 241 721 321 κατά
743 242 779 314 τό
802 240 924 324 “αῦτὸς
944 243 1026 325 εἷπε,

58 351 114 416 καὶ
134 345 361 435 ἐγενήθησαν,
380 340 478 424 αῦτός
497 348 698 434 ἐνετείλατο,
718 347 773 412 καὶ
792 342 1026 433 έκτίσθησαν,”

29 478 30 481 ’
58 456 125 517 τίνι
142 445 204 536 τὴν
221 451 289 516 τῶν
306 451 477 535 γεννητῶν
501 447 687 514 ἐντέταλται
707 452 945 534 δημιουργίαν,
964 451 1028 516 νῦν

59 552 175 636 σαφῶς
195 546 428 618 ἀποδέδεικται
445 543 494 616 ότι
509 548 556 638 τῷ
568 543 713 634 φήσαντι
726 541 859 634 “ηέχείρ
873 574 938 633 μου
953 549 1029 616 ἐθε-

32 659 202 737 εμελίωσε
219 648 280 737 τὴν
304 651 368 740 γῆν
393 650 448 717 καὶ
473 643 494 736 η
514 644 606 729 δεξιά
618 676 684 735 μου
700 650 876 736 ἐστερέωσε
894 643 953 715 τόν
971 644 1029 715 οῦ-

59 746 203 835 ριινόν·”
231 746 266 831 ὃς
284 753 341 820 καὶ
358 746 440 840 πρός
458 753 517 818 τοῦ
531 756 716 839 κρείττονος
731 745 940 817 ἀπεστάλθαι
954 744 1029 834 ὁμο-

59 861 152 938 λογεῖ
174 854 282 939 λέγων
302 847 390 921 “υῦν
414 849 527 939 κύριος
551 847 665 936 κάρτος
689 848 877 920 άττέσταλκέ
890 877 948 936 με,
975 851 1030 916 καὶ
1045 876 1058 914 ι

58 950 95 1021 τό
120 957 252 1041 πνεῦμα
278 946 415 1022 αῦτοῦ.”
465 957 494 1021 6.
515 962 566 1039 είη
591 947 624 1020 δ’
649 947 727 1021 άνό
753 949 832 1032 θεός
859 949 956 1037 λόγος
974 952 1030 1018 καὶ

57 1057 160 1123 ταῦτα
183 1053 324 1141 φάσκων
342 1050 482 1142 “έιιειδη
507 1057 553 1144 τῷ
579 1050 667 1143 λόγῳ
692 1059 811 1142 κυρίου
836 1057 870 1121 οί
891 1050 1029 1141 οὐρανοὶ

21 1180 45 1217 10
60 1150 330 1241 ίστερεῶθ-ησαν”
350 1150 432 1222 κατά
442 1152 504 1241 τὴν
518 1151 584 1221 άπὸ
597 1156 657 1221 τοῦ
669 1156 810 1241 Ψαλμοῦ
828 1152 1027 1242 παράθεσιν,

58 1252 147 1340 πλὴν
164 1251 248 1323 άλλά
268 1262 297 1323 εί
314 1256 369 1322 καλ
388 1249 489 1334 αῦτός
507 1248 524 1321 ό
543 1255 604 1322 τοῦ
620 1256 707 1322 θεοῦ
730 1251 825 1339 λόγος
850 1259 889 1344 τῇ
915 1252 1029 1343 κῦριος

58 1363 266 1440 θεολογεῑται
281 1361 497 1444 προσηγορία,
512 1352 600 1442 ὅμως
614 1352 673 1422 τόν
683 1351 841 1423 άνωτάτω
850 1356 906 1421 καὶ
920 1363 1030 1441 κρείτ-

58 1482 139 1523 τονα
157 1456 283 1542 πατέρα
308 1453 410 1524 αὑτοῦ
435 1457 490 1523 καλ
509 1452 627 1543 κόριον
646 1444 682 1523 εὖ
705 1452 794 1542 μάλα
813 1450 958 1541 εὐσεβῶς
978 1456 1029 1532 θὶς

59 1553 178 1644 κόριον
201 1552 307 1625 αῦτὸν
329 1550 509 1643 άνακαλεῖ,
534 1557 579 1648 τῷ
605 1552 756 1648 διαφόρω
782 1552 950 1644 χριόμενος
976 1553 1025 1622 ἐπ’

21 1678 45 1717 1⁵
60 1652 165 1726 αὐτοῦ
183 1652 328 1745 ὀνόματι.
366 1662 394 1725 7.
413 1658 469 1725 καλ
492 1659 557 1726 νῦν
581 1653 644 1742 γάρ
663 1678 745 1744 φησι
760 1651 898 1746 “κῦριος
917 1653 1030 1743 κῦριος

58 1754 246 1827 άιιέσταλκέ
260 1753 336 1846 με,”
357 1754 401 1841 ῶς
420 1752 462 1826 άν
480 1763 604 1846 κυρίως
627 1753 724 1836 ὄντος
742 1762 802 1826 τοῦ
822 1759 876 1828 ἐπὶ
894 1755 1030 1826 πάντων

58 1862 144 1927 θεοῦ
161 1857 298 1947 πρῶτον
312 1861 368 1929 καλ
386 1855 522 1947 άληθῶς
540 1864 660 1946 κυρίου
679 1854 783 1928 αὐτοῦ
802 1886 838 1926 τε
855 1865 915 1928 τοῦ
933 1887 1029 1946 μονο-

59 1965 178 2046 γενοῦς
198 1957 301 2030 αὐτοῦ
325 1958 445 2048 λόγου,
470 1962 611 2029 καὶτῶν
635 1957 705 2048 μετ’
734 1955 836 2029 αὐτόν
859 1964 1031 2048 γεννητῶν

58 2058 228 2147 ἁπάντων,
246 2056 327 2131 καθ’
348 2052 396 2130 ῶν
415 2064 577 2151 δευτέρως
594 2057 657 2148 τὴν
674 2069 813 2150 κυρείαν
831 2063 886 2130 καλ
906 2067 1027 2131 ὃεσπο-
1043 2089 1096 2139 (232)

21 2166 153 2229 κοτείαν
178 2160 267 2247 παρά
291 2168 350 2231 τοῦ
374 2161 497 2251 πατρὸς
519 2157 537 2231 ὁ
561 2165 621 2231 τοῦ
648 2166 734 2232 θεοῦ
751 2162 847 2251 λόγος
865 2160 1029 2244 άναδεξά-

59 2287 173 2348 μενος,
205 2258 258 2330 οἷα
290 2261 426 2350 γνήσιος
456 2261 529 2342 υίὸς
559 2263 616 2332 καὶ
643 2261 842 2351 μονογενὴς,
873 2262 1028 2350 δεύτερος

60 2359 194 2441 είκότως
212 2364 268 2431 καὶ
286 2359 385 2442 αὐτὸς
403 2357 446 2432 άν
464 2361 610 2449 εὐσεβῶς
629 2371 818 2452 χρηματίζοι
836 2362 958 2451 κάρτος.

367 2608 522 2702 Ἀπάτης
541 2616 719 2694 Γενέσεως.

57 2741 106 2802 Ὡς
119 2742 169 2796 καλ
182 2739 196 2794 ὁ
210 2741 343 2810 μέγιστος
355 2743 407 2796 τοῦ
420 2742 494 2796 θεοῦ
507 2736 760 2810 θεράπωνΜωοῆς
774 2735 804 2795 ἐν
814 2743 847 2810 τῆ
858 2745 1029 2809 κοσμοποιία

21 2823 47 2861 25
61 2805 125 2862 οἶδε
136 2808 246 2875 πατέρα
259 2808 309 2863 καλ
322 2804 395 2864 θεὸν
407 2811 463 2862 τῶν
475 2802 548 2863 ὅλων
562 2805 647 2876 ἑτέρῳ
664 2799 921 2879 κοινολογοῦμενον
935 2804 982 2862 ἐπὶ
995 2812 1029 2877 τῇ

968 2873 980 2884 κ

61 2876 112 2926 τοῦ
130 2869 288 2942 άνθρῶιιου
306 2877 492 2945 δημιουργίᾳ·
516 2876 566 2929 τὸν
583 2880 668 2930 θεῖον
682 2874 714 2930 δὲ
731 2875 816 2946 λόγον
834 2879 937 2931 τοῦτον
951 2883 1029 2930 εἰναι

403 2942 681 3012 κρομεμαθήκαμεν.

137 3080 196 3140 Vll.
222 3061 313 3137 “Kal
338 3067 432 3136 ελτιεν
454 3064 472 3136 ὁ
495 3064 593 3156 θεὸς,
625 3066 816 3157 ποιήσωμεν
845 3066 1030 3158 άνθρωτιον

61 3165 135 3238 κατ’
156 3166 269 3238 είκόνα
285 3165 449 3257 ἡμετέραν
463 3169 519 3237 καὶ
532 3163 613 3238 καθ’
632 3165 826 3257 ὁμοίωσιν.“’
859 3172 914 3238 καὶ
929 3158 1029 3250 αῦθις

129 3403 162 3450 νο
182 3399 250 3452 Gen.
266 3403 288 3463 1,
303 3403 344 3452 ει.

112 3499 248 3534 ΕΠΕΕΒΙῸΒ
268 3500 314 3533 111.
