2326 3818
344 123 531 176 οεαοπεν.
544 122 678 176 ωνιαο.
697 123 731 172 x.
751 126 775 175 3.
973 121 1036 187 643

60 267 133 338 ἐπεὶ
152 265 189 335 δέ
209 266 308 334 εἰσέτι
326 267 392 333 νῦν
408 269 444 333 οἰ
460 265 496 332 ἐκ
514 265 692 354 περιτομῆς
716 261 863 350 τὴντῶν
881 264 1035 356 πατέρων
1049 296 1102 346 (ωε)

60 365 174 444 αὑτῶν
192 372 240 448 εἰς
260 364 400 446 ἑαντούς
412 361 498 454 άράν
513 360 737 452 ἐπισπώμενοι
751 362 961 453 βλασφήμοις
980 372 1035 437 καί

59 466 195 556 ἀσεβέσι
220 465 365 559 ῥήμασιν
390 473 709 556 καταναθεματίζειν
731 462 791 535 τὸν
820 470 955 556 σωτήρα
978 472 1035 539 καὶ

58 569 180 660 κύριον
197 564 292 659 ἡμῶν
309 571 365 639 καί
382 566 459 650 τούς
475 575 522 650 εἰς
535 564 638 638 αὐτὸν
651 564 910 648 πεπιστευκότας
925 564 1035 641 άπαν-

32 701 118 754 στας
137 669 289 759 εἰῶθασι,
307 669 428 742 τούτου
446 667 545 760 χάριν
558 673 632 758 ἑξῆς
646 671 790 758 ἐπιλέγει
802 666 1035 758 δ’καταράσον-

58 802 113 845 ται
132 771 246 862 αὐτοὶ,
266 775 321 842 καί
340 769 383 843 σύ
402 768 603 860 εὐλογήσας.
648 776 699 840 21.
719 777 755 841 οἰ
778 769 1037 860 ἐπανιστάμενοί

58 904 115 966 μοι
133 871 428 965 αἰσχυνθήτωσαν,
447 872 465 944 ὁ
484 874 522 944 δέ
538 871 656 955 δοῦλός
671 895 733 945 σον
748 868 1031 963 εὐφρανθήσεται.

60 976 327 1048 ἐνδνσάσθωσαν
353 980 388 1047 οἰ
413 973 688 1064 ἐνδιαβάλλοντές
712 1004 754 1065 με
773 975 958 1069 ἐντροπὴν,
977 978 1033 1045 καὶ

58 1081 362 1170 περιβαλέσθωσαν
380 1073 425 1159 ῶς
443 1083 601 1147 διπλοΐδα
624 1075 791 1166 αἰσχύνην
809 1077 930 1150 αὑτῶν.
970 1078 1033 1167 ἐμῶ

20 1211 45 1251 ιο
59 1179 98 1251 δέ
117 1178 394 1272 ἐξομολογήσομαι
417 1183 464 1272 τῶ
482 1185 589 1271 κυρίφ
607 1176 740 1267 σφόδρα
765 1181 802 1247 ἐν
824 1185 872 1272 τῶ
895 1179 1036 1269 στόματί

57 1311 135 1373 μον,
154 1286 209 1353 καὶ
229 1286 265 1351 ἐν
282 1283 373 1375 μέσφ
391 1283 526 1350 πολλῶν
544 1281 667 1350 αἰνέσω
686 1277 801 1367 αὐτὸν,
819 1277 870 1349 ὅτι
885 1283 1059 1371 παρέστην

59 1388 96 1454 ἐκ
114 1388 233 1466 δεξιῶν
251 1386 391 1469 πένητος
409 1387 470 1452 τοῦ
489 1384 595 1450 σῶσαι
614 1384 737 1450 ἐκτῶν
754 1379 1033 1451 καταδιωκόντων

56 1484 119 1573 τήν
137 1482 248 1573 ψυχήν
261 1478 360 1570 μον.”
396 1487 447 1551 22.
468 1484 524 1551 καί
543 1479 714 1570 πρόδηλόν
728 1507 766 1570 γε
778 1478 914 1564 ὁπόσοις
931 1485 1031 1552 εἰσέτι

58 1587 114 1655 καὶ
131 1587 196 1653 νῶν
214 1588 248 1653 οἰ
263 1580 321 1663 τάς
339 1580 411 1652 κατ’
430 1580 535 1652 αὐτοῦ
545 1578 629 1674 άράς
642 1586 679 1652 ἐν
688 1598 761 1663 ταῖς
776 1584 907 1653 ἑαυτῶν
923 1606 1030 1652 συνα-

18 1713 44 1753 15
57 1698 182 1772 γωγαῖς
200 1681 395 1772 ποιούμενοι
413 1689 595 1754 παλαίουσι
613 1699 727 1763 κακοῖς
747 1683 813 1753 άπὸ
831 1689 899 1754 τῶν
918 1679 1031 1754 αὐτῶν

56 1783 186 1876 χρόνων
208 1779 288 1875 μηδ’
308 1780 393 1867 ὅλως
411 1783 599 1857 άνοινεῶσαι
617 1787 857 1874 δεδννημένοι,
885 1783 975 1866 ὅπως
993 1815 1030 1856 τε

57 1883 156 1970 αὖτδς
174 1887 272 1960 αἰνον
285 1890 332 1983 τῶ
345 1890 446 1981 πατρὶ
462 1888 601 1984 ἐνμέσῳ
620 1893 753 1959 πολλῶν
770 1889 883 1958 ἐθνῶν
900 1884 959 1958 τδν
974 1887 1030 1956 διά

55 1994 114 2079 τής
131 1995 250 2080 καινῆς
274 1990 440 2081 διαθήκης
464 1987 568 2062 αὐτοῦ
594 1997 837 2084 καταρτίζεται,
865 1988 1031 2079 συνεργὸν

55 2091 116 2164 τὸν
132 2095 259 2182 πατέρα
281 2097 339 2163 καί
362 2097 419 2182 τής
443 2097 565 2164 ἑαυτοῦ
590 2098 700 2178 δεξιάς
725 2092 896 2185 πάρεδρον
914 2122 1032 2182 κεκτη-

17 2222 43 2263 ιο
55 2196 163 2284 με’νος.
202 2191 270 2283 διδ,
290 2197 412 2282 φησὶν,
427 2189 488 2263 “gv
504 2196 595 2287 μέσῳ
613 2200 750 2263 πολλῶν
767 2199 891 2264 αἰνέσω
914 2195 1030 2282 αὐτὸν,

55 2292 106 2366 ὅτι
123 2296 271 2387 παρέστη
296 2299 332 2364 ἐκ
352 2298 472 2378 δεξιῶν
495 2290 668 2384 πένητος.”
711 2299 762 2362 23.
783 2297 839 2364 καί
862 2293 923 2382 τήν
946 2293 1053 2381 μετάτ

54 2389 115 2468 τὸν
138 2395 289 2469 θάνατον
314 2394 419 2467 αὑτοῦ
443 2402 611 2487 σωτηρίαν
643 2392 795 2464 διδάσκει
819 2395 928 2482 λέγων
946 2392 1029 2464 “tofi

55 2502 161 2571 σῶσαι
180 2504 217 2570 ἐκ
234 2506 303 2570 τῶν
320 2495 598 2570 καταδιωκόντων
621 2493 684 2586 τήν
699 2494 815 2585 φνχήν
839 2491 937 2584 μον.”
975 2501 1026 2567 24.

55 2597 212 2694 άνωτέρω
230 2605 315 2692 γοῦν
333 2599 444 2692 φήσας
468 2600 505 2672 τὸ
519 2595 743 2682 “κατεδι’ωξεν
766 2595 951 2690 άνθρωπον
968 2598 1029 2665 πέ-

16 2731 43 2773 ει
55 2732 139 2793 νητα
157 2706 214 2773 καὶ
231 2701 364 2795 πτωχδν
382 2707 438 2776 καὶ
455 2703 747 2794 κατανενυημένον
764 2707 805 2793 τῇ
827 2704 950 2792 καρδίᾳ
968 2704 1027 2769 τοῦ

54 2801 284 2892 θανατῶσαι,”
306 2808 362 2875 καί
371 2813 487 2894 σαφῶς
501 2804 654 2895 δηλῶσας
670 2808 793 2874 ἑαυτοῦ
806 2801 864 2874 τὸν
877 2801 1028 2874 θάνατον

56 2901 274 2997 περιγράφων
291 2904 354 2992 τήν
371 2912 597 2997 προφητείαν,
621 2904 683 2992 τήν
700 2902 783 2993 μετά
800 2902 859 2973 τδν
877 2902 1028 2975 θάνατον

56 3003 159 3079 αὑτοῦ
173 3013 341 3096 σωτηρίαν
354 3003 490 3098 ήνίξατο
501 3003 688 3079 εἰπῶν“ὅτι
701 3008 848 3096 παρέστη
859 3008 894 3075 ἐκ
909 3010 1028 3088 δεξιῶν

55 3114 211 3202 πένητος,
236 3113 296 3179 τοῦ
315 3112 422 3180 σῶσαι
440 3113 476 3180 ἐκ
493 3112 562 3180 τῶν
579 3105 858 3178 καταδιωκόντων
880 3106 943 3195 τήν
960 3122 1026 3189 ψυ-

89 3213 98 3237 t
214 3206 234 3236 θ’

16 3245 42 3287 σο
56 3244 119 3304 χην
136 3241 211 3304 μον.
