2326 3818
98 126 139 190 ης
508 125 657 177 Ευευεεε

99 295 152 347 τες
171 271 206 336 οί
226 266 301 334 λαοὶ
324 266 380 334 καὶ
399 268 528 354 ἐροῦσι,
549 269 662 353 δεῦτε,
687 265 743 334 καὶ
760 259 940 353 άναβῦμεν
963 270 1011 346 είς
1028 263 1067 336 τὸ

99 365 175 459 ῦρος
193 373 314 456 κυρίου
332 369 388 436 καὶ
407 371 454 448 είς
471 363 529 436 τὸν
546 365 640 436 οἶκον
657 370 717 436 τοῦ
734 369 819 437 θεοῦ
832 361 982 452 Ἰακωβ.”

177 474 204 539 8.
229 475 286 550 Τίς
306 464 339 537 δ’
358 462 401 538 άν
420 477 471 557 είη
488 465 506 538 ὁ
526 471 562 537 έκ
580 466 675 537 Σιεδυ
698 464 937 559 προεληλυθώς
955 464 1068 558 νόμος,

101 574 210 660 ἕτερος
234 566 282 640 ῦν
303 573 363 639 τοῦ
389 571 442 639 ἐπὶ
465 574 523 658 τῆς
547 567 673 658 ἐρήμου
704 568 760 639 διά
784 570 936 650 Μωσέως
961 572 998 639 έν
1019 574 1070 664 τῷ

98 676 186 742 Σινά
210 669 281 764 ῦρει
307 672 634 760 νενομοθετημένον,
667 666 742 740 άλλ’
766 666 787 759 ῆ
810 668 828 739 ὁ
854 667 1095 759 εῦαγγελικῦςε

99 772 195 862 λόγος
218 772 236 843 ὁ
263 770 319 843 διά
344 776 405 843 τοῦ
428 779 575 862 σωτῆρος
598 769 694 862 ῆμῦν
710 771 818 860 Ἰησοῦ
842 778 902 841 τοῦ
921 777 1070 863 Χριστοῦ

100 879 155 945 καὶ
172 877 241 945 των
259 871 455 944 ἀποστόλων
466 870 571 944 αῦτοῦ
587 876 622 944 ἐκ
636 878 693 963 τῆς
707 871 802 944 Σιῦν
814 873 1069 965 προεληλυθὼς,

100 979 157 1046 καὶ
176 973 324 1045 διελθοδν
347 974 456 1047 πάντα
479 972 518 1045 τά
543 982 643 1063 ίθνη;
664 972 835 1063 πρόδηλον
858 975 921 1063 γάρ
940 969 984 1057 ῦς
1002 973 1070 1048 άπδ

101 1081 159 1165 τῆς
184 1074 400 1166 Ἰερουσαλήμ
430 1077 485 1146 καὶ
515 1080 575 1147 τοῦ
598 1075 703 1166 ταῦτη
735 1079 1071 1167 προσπαρακειμένου

102 1175 197 1249 Σιων
214 1175 329 1266 ὅρους,
348 1185 433 1248 ἔνθα
450 1177 508 1260 τάς
526 1184 682 1259 πλείστας
701 1175 872 1268 διατριβάς
891 1180 1000 1248 τεκαὶ
1020 1185 1072 1250 δι·
1083 1208 1109 1249 ιο

64 1307 91 1359 ιε)
103 1285 283 1362 δυσκολίας
301 1277 318 1349 δ
334 1279 444 1371 οωτῆρ
462 1282 518 1349 καὶ
536 1277 649 1368 κύριος
667 1275 763 1369 ῆμῦν
780 1287 956 1368 πεποίητο,
974 1277 1072 1370 ὁτῆς

101 1385 218 1470 καινῆς
245 1380 409 1469 διαθήκης
436 1376 541 1451 αῦτοῦ
571 1379 753 1470 ἀρξάμενος
779 1378 879 1470 νόμος
909 1377 1072 1453 κάκεῑθεν

101 1481 280 1574 προελθῦν
304 1489 351 1565 είς
377 1481 504 1563 πάντας
529 1485 711 1571 ἐξέλαμψεν
740 1479 960 1573 άνθρώπους,
988 1479 1073 1555 άκο-

102 1583 235 1664 λοῦθως
252 1601 324 1665 ταῖς
343 1580 448 1654 αῦτοῦ
464 1602 612 1673 φωναῖς,
631 1580 670 1666 ῦς
688 1581 771 1672 πρὸς
788 1582 866 1664 τοῦς
884 1579 989 1655 αῦιοῦ
1004 1614 1073 1674 μα-

32 1751 35 1757 .
102 1682 209 1773 θητάς
238 1692 397 1773 πεποίητο
428 1683 536 1773 φήσας
556 1679 802 1776 “πορευθέυτες
833 1683 1109 1774 μαθητεῦσατειε

102 1783 211 1856 πάντα
233 1785 273 1855 τά
298 1791 400 1874 ἔθνη,
433 1784 648 1869 διδάσκοντες
675 1783 797 1868 αῦτοῦς
823 1803 937 1878 τηρεῖν
960 1784 1073 1860 πάντα

101 1884 164 1959 ὅσα
184 1885 399 1976 ἐνετειλάμην
416 1884 533 1976 ῦμῑν.”

179 1994 208 2058 9.
240 1995 324 2059 Τίνα
348 1989 386 2058 δὲ
408 1990 512 2058 ταῦτα
529 1978 572 2076 ῆν
589 1985 662 2058 ἄλλ’
684 1983 706 2077 ῆ
723 1989 763 2057 τά
784 1991 842 2076 τῆς
859 1993 976 2078 καινῆς
995 1995 1073 2061 δια-

61 2116 88 2170 [ε]
103 2088 213 2178 θήκης
230 2086 411 2179 μαθήματά
433 2117 469 2160 τε
493 2093 548 2160 καὶ
566 2089 793 2179 παιδεῦματα;
820 2089 934 2178 ἐπειδή
952 2097 1074 2164 τοίνυν

102 2187 203 2260 ταῦθ’
224 2188 329 2273 οῦτως
347 2199 435 2281 ἔχειν
451 2188 700 2280 άποδέδεικται,
726 2188 797 2280 ῦρα
815 2196 881 2261 νῦν
906 2197 993 2262 ἰδεῖν
1011 2191 1109 2265 τδνιι

102 2290 227 2381 τρόπον
257 2297 314 2382 τῆς
338 2296 454 2381 καινῆς
483 2291 645 2382 διαθήκης
674 2296 730 2363 καὶ
758 2295 820 2364 τοῦ
843 2319 1073 2384 προκεκηρυγ-

101 2397 206 2484 μέυου
223 2401 341 2465 καινοῦ
361 2392 505 2487 άσματός
521 2423 558 2465 τε
575 2398 631 2465 καλ
649 2394 764 2485 νόμον.

72 2516 87 2556 b
177 2512 212 2572 V.
235 2492 279 2566 Ἡ
292 2497 354 2586 μὲν
374 2496 415 2584 δῆ
433 2494 558 2567 παλαιά
572 2496 718 2585 διαθήκη
733 2499 788 2566 καὶ
805 2491 823 2566 δ
842 2495 898 2564 διά
917 2499 1074 2582 Μωσέως

102 2595 203 2686 νόμος
226 2595 317 2689 μόνῳ
342 2603 388 2689 τῷ
403 2593 576 2667 Ἰουδαίων
600 2607 711 2685 ἔθνει,
734 2600 791 2668 καὶ
815 2594 920 2690 τούτῳ
940 2600 994 2666 ἐπὶ
1011 2603 1074 2688 τῆς

103 2704 226 2777 οίκείας
244 2703 305 2785 γῆς
321 2701 486 2787 οἰκοῦντι,
510 2696 711 2788 κατάλληλος
728 2693 973 2786 άποδέδεικται,
992 2697 1074 2774 οῦτε
1086 2728 1109 2773 ι

74 2839 85 2866 e
105 2799 142 2868 δὲ
159 2815 228 2878 τοῖς
246 2807 373 2880 λοιποῖς
388 2806 503 2870 ἔθνεσι
517 2817 585 2881 τοῖς
604 2797 685 2871 καθ’
701 2798 779 2890 ὅλης
794 2805 851 2888 τῆς
872 2804 1074 2892 οἰκουμένης

27 2986 31 2991 ¹
48 2934 50 2938 ¹
103 2896 180 2970 οῦτε
196 2917 265 2982 τοῖς
285 2903 338 2970 ἐπὶ
351 2905 409 2989 τῆς
422 2899 613 2990 άλλοδάπῆς
626 2900 869 2994 ἀπῳκισμένοις
880 2897 1074 2987 Ἰουδαίοις·

102 2999 161 3072 τῦν
179 3001 218 3070 δέ
240 3004 298 3090 τῆς
325 3005 441 3090 καινῆς
468 3000 633 3091 διαθήκης
658 3001 781 3091 τρόπον
805 3007 908 3075 πᾶσιν
931 3011 1075 3078 ἔθνεσιν

103 3107 252 3193 βιωφελῆ
270 3108 354 3192 χρῆν
373 3102 483 3193 δήπου
498 3111 710 3194 καταστῆναι,
729 3099 774 3186 οῦς
787 3109 946 3196 μηδαμῶς
964 3112 1073 3195 μηδα-

102 3203 209 3293 μόθεν
223 3212 509 3296 παραποδίζεσθαι
522 3206 599 3288 τοῦς
612 3203 695 3277 κατά
707 3209 826 3278 τοῦτον
832 3204 1073 3281 πολιτεύεσθαι
1085 3238 1109 3282 ει

174 3438 205 3486 15
223 3438 320 3487 Matth.
334 3433 430 3502 κεῖτο.
