2326 3818
455 132 674 191 ΚΖΦΑΛΑΙΩΝ

120 257 206 338 .Ὠς
220 265 332 343 μόνους
347 287 415 338 τονς
436 257 502 326 κατ’
519 256 649 344 οὐρανὸν
669 269 827 344 φωοτῆρας
847 259 884 328 τῶ
899 261 988 328 λοιπὰ
1002 270 1041 328 τῶ

159 348 258 411 ἐθνῶν
274 350 378 431 ἔσεβον
392 343 527 431 ἀγγέλοις
549 349 629 412 τιοὶν
645 347 842 431 ίγκεχωρισμί
844 374 879 410 να
925 357 1041 430 [1157

101 431 135 496 5'.
159 433 237 513 Περὶ
263 437 317 513 τῆς
338 434 448 533 ἐχθρᾶς
468 432 519 495 καί
540 427 744 514 ἀντικειμένης
765 438 808 496 τῶ
824 437 889 537 θεῶ
909 431 1041 533 ὸυνοίμεμ·

159 517 209 582 καὶ
224 522 278 581 τοῦ
295 517 405 596 ταύτης
420 517 609 620 ἐξάρχοντος,
625 518 676 581 καὶ
694 517 734 594 ῶς
748 497 797 583 διὸ
811 518 920 598 ταύτης
935 510 968 580 τὸ
984 517 1041 580 πα’ν

157 627 217 665 τῶν
218 594 414 706 ἀνθρώπων
419 596 610 700 ὑπηγάγοντο
624 605 709 706 γένος
767 657 774 670 ,
872 611 1041 703 ,[1158ι

92 712 124 751 ι.
143 676 195 762 Ως
210 681 414 770 ἀναγκαίως
399 711 416 750 ο
436 678 600 767 μονογενὴς
619 685 686 762 υίὸς
705 692 758 750 τοῦ
778 656 853 750 θεὸῦ
874 711 929 763 την
950 689 990 760 εις
1010 683 1041 749 ἆι

158 772 303 851 θρῶποος
317 768 475 873 ἕποιηοατο
489 770 623 851 ποίροδον
661 825 667 840 .
713 824 720 838 .
766 826 772 839 .
872 797 950 853 ..[ι
970 780 1041 835 161

93 853 144 919 ια’.
159 851 640 961 Όπωςτὸνίνῶνθρῶποιςδιεξ
625 860 823 939 555565551
871 911 877 923 .
922 863 1041 956 [1165[

92 936 143 1023 τβ.
163 936 224 1017 Ως
239 966 290 1003 και
282 941 446 1022 μέχρι
404 966 465 1004 των
485 938 577 1004 πῶλοι
598 943 815 1022 κατοιχομένων
830 932 1004 1003 ἕκαλοον
969 935 1041 1002 αυτὸ

157 1029 190 1088 οι
200 1028 253 1126 τῆς
267 1023 547 1124 φιλανθρωπίας“’
511 1049 598 1127 νομοι
658 1079 665 1093 .
711 1079 718 1093 .
923 1051 949 1105 [ι.
967 1032 1041 1090 166

91 1136 142 1192 τγ.
161 1105 214 1186 Ως
223 1104 357 1210 ἀπαθὴς
376 1111 427 1173 καὶ
435 1104 594 1211 ἀβλαβὴς
601 1110 652 1174 καὶ
672 1079 826 1192 ῶοῶμὸιτος
846 1111 995 1189 διὲμειιεν
1009 1135 1041 1171 κα

158 1185 259 1256 καθ’(
250 1192 286 1256 ὸν
300 1189 612 1296 ἕνηνθρῶπεικαιρόν
657 1247 875 1264 .....
921 1202 1041 1292 [1167ι

93 1276 143 1342 ιδ’.
163 1273 261 1354 Ὠς
230 1304 283 1342 τον
298 1273 463 1382 ῶνθρωπον
477 1274 719 1360 ἀνανεωσάμενος
734 1286 825 1344 πᾶσιν
838 1274 911 1360 ἡμῖν
926 1272 982 1356 τήν
999 1289 1041 1342 τῶ

156 1365 286 1427 αίοινιων
300 1360 427 1446 αγαθων
441 1389 502 1445 παρ
505 1365 601 1463 ἔσχετο
616 1363 684 1428 ἕίπ
671 1367 721 1428 δα
759 1418 765 1432 .
812 1421 818 1433 ,
866 1389 944 1445 ..[ι
963 1371 1041 1427 1701

91 1472 137 1514 τε.
162 1452 200 1512 Τί
203 1447 355 1549 βούλεται
378 1445 527 1529 δηλοῦν
511 1475 530 1555 η
549 1474 603 1515 τον
590 1453 750 1552 Χριστοῦ
765 1417 929 1551 παροοὸία,
951 1449 1002 1510 καὶ
1020 1441 1041 1510 5

155 1527 229 1608 θεὸς
244 1559 294 1595 και
296 1530 412 1635 ηὖριος
432 1530 520 1597 καί’
504 1527 671 1637 αρχιερεὸς
673 1539 727 1599 τοῦ
747 1539 808 1598 τῶν
824 1531 901 1598 ὸλων
916 1537 992 1596 θεοῦ
1008 1534 1041 1594 δι

156 1621 217 1680 τῶν
231 1642 292 1700 παρ
296 1610 467 1701 Ἑβραίοις
481 1623 643 1699 προφητῶν
658 1613 674 1682 5
690 1616 820 1698 Χριστὸς
834 1613 1031 1700 ἀνηγορεύετο

919 1709 1039 1805 [1171ι

93 1785 141 1863 ις’.
171 1781 225 1850 Δι’
247 1783 324 1850 ὅσων
348 1782 543 1870 προφητικῶν
568 1791 694 1870 γραφῶν
720 1782 736 1849 5
763 1779 889 1867 Χριστὸς
913 1783 1029 1866 ὁνομασ

156 1870 402 1974 προεκηρύττετο
444 1924 874 1941 ,,,,,,,,,
921 1877 1023 1953 [1182

215 1951 402 2058 Ἀπὸτοῦβ
409 1960 548 2058 Ψαλμοῦ
601 2009 608 2023 .
655 2009 661 2023 .
707 2010 714 2024 .
867 1984 946 2039 ..p
965 1960 1018 2018 185

215 2032 289 2102 Απο
304 2065 358 2104 του
373 2037 417 2104 ιθ
434 2045 564 2122 Ψαλμοῦ
598 2094 869 2110 ......
917 2068 942 2122 [1
966 2047 1004 2102 18

216 2118 289 2188 Ἀπὸ
305 2123 417 2200 τοῠκζ
434 2130 562 2207 Ψαλμοῶ
599 2178 872 2194 ......
918 2152 943 2206 [1
969 2132 1003 2187 18

215 2203 424 2311 Ἀπὸτοῦπγ
413 2211 567 2291 Ψαλμοῶ
601 2262 873 2278 ......
918 2237 945 2292 p.
964 2216 994 2271 18

216 2290 290 2359 Ἀπὸ
305 2298 359 2360 τοῦ
373 2321 415 2377 πη
416 2291 606 2376 Ψαλμοῦ..
652 2348 659 2362 .
706 2302 988 2376 ..[11(

217 2374 291 2444 Ἀπὸ
305 2405 357 2444 τοο
344 2379 437 2485 λ’ρλα
456 2384 585 2461 Ψαλμοῦ
651 2432 870 2449 .....
917 2407 942 2460 [ι
968 2387 977 2439 1

216 2459 289 2529 Ἀπὸ
303 2468 357 2530 τοῦ
366 2460 466 2573 Ἀμῶς
490 2517 869 2533 ........
915 2471 973 2544 p.
966 2517 969 2522 .

215 2544 290 2612 Ἀπὸ
304 2574 356 2613 τοο
343 2547 543 2650 ’Ἀμβακοῶμ
599 2600 871 2615 ......
918 2574 944 2628 [ι.

214 2628 516 2733 ἈπὸτῶνΙερεμίου
533 2631 661 2714 Θρηνων
705 2685 712 2699 ,
758 2685 765 2699 ,
812 2683 819 2697 .
865 2685 871 2699 ,
918 2658 944 2712 [ι.

216 2710 289 2779 Απο
303 2741 356 2794 της
370 2741 489 2796 πρωτης
503 2741 564 2779 των
580 2720 767 2781 Βασιλειων
813 2770 819 2783 ,
866 2724 947 2796 ,[11

216 2798 291 2863 Ἀπὸ
307 2824 359 2864 του
347 2801 423 2882 μὸ’
442 2804 572 2905 Ψαλμοῶ
601 2853 874 2869 ......
920 2826 936 2880 [ι

4 2937 7 2941 ,
92 2887 136 2960 ιζ’.
151 2880 217 2947 Ότι
232 2910 283 2948 και
299 2910 333 2949 το
324 2879 479 2996 Ἰησοῦ”
462 2909 556 2967 οιομα
572 2879 653 2962 παρῶ
673 2893 734 2959 τοῖς
749 2882 934 2962 πρόπαλαιτ

155 2973 314 3076 γνωρίμοις
328 2975 461 3073 τετιμητο
495 3022 875 3039 ........
921 2996 926 3049 [

216 3049 290 3118 Ἀπὸ
305 3059 357 3134 τῆς
368 3049 491 3133 Ἐξόδου
549 3107 874 3123 .......

217 3133 290 3203 Ἀπὸ
305 3164 358 3203 τον
345 3144 523 3221 Ζαχαρίου
547 3192 873 3208 .......
