2326 3818
321 118 506 171 DEMONS'I'.
519 119 652 172 EVANG.
664 120 715 170 III.
735 122 759 170 ὅ.
967 117 1026 181 177

54 282 145 331 σατο.
182 264 233 329 67.
253 254 388 330 κάκεῖνο
412 258 451 328 δὲ
474 260 544 338 πως
568 253 609 327 οῦ
628 256 750 347 μεστὸν
768 256 970 347 ἐκπλήξεως,
989 257 1025 328 τὸ
1039 287 1095 337 (ιιη

55 359 204 441 πλάνους
223 357 349 450 άνδρας
367 361 423 429 καλ
443 356 588 448 ίδαάτας,
607 358 689 448 μήτε
702 369 817 429 λαλεῖν
830 358 911 449 μήτε
924 359 1028 430 άκοῦ-

58 492 110 534 ειν
127 465 229 534 πλέον
246 469 305 550 τῆς
323 468 466 550 πατρίου
489 464 605 551 φωνῆς
630 463 886 549 ἐπισταμένους,
904 461 949 549 μὴ
967 461 1025 550 μό-

56 594 118 635 νον
145 566 368 654 διανοηθῆναι
398 567 559 653 τολμῆσαι
589 572 771 652 προελθεῖν
799 565 852 633 έπλ
875 559 1028 650 τὴντῶν

30 703 43 742 5
59 671 172 738 ἐθνῶν
189 664 348 737 ἁπάντων
366 672 537 757 περίοδον,
555 663 640 735 άλλά
652 666 708 734 καλ
722 661 950 752 προελθόντας
970 694 1027 733 κα-

56 771 227 858 τορθῶσαι
252 768 288 838 τὸ
317 767 540 859 ἐπιτήδευμα;
558 769 679 854 σκέψαι
694 766 732 837 δὲ
748 764 865 838 ὁποῖόν
885 769 953 836 ἐστι
971 769 1027 836 καὶ

56 868 93 940 τὸ
118 873 247 960 μηδένα
270 873 426 960 μηδαμοῦ
452 867 625 959 διάφωνον
649 873 835 958 ἐξενεγκεῖν
858 871 934 958 περὶ
959 873 1028 938 τῶν

56 972 210 1063 πράξεων
237 976 298 1041 τοῦ
318 970 428 1060 Ἰησοῦ
445 969 554 1060 λόγον.
583 1018 585 1023 -
606 977 657 1040 68.
677 978 709 1042 εί
731 969 794 1061 γάρ
819 973 874 1041 ἐπὶ
891 968 1028 1042 πάντων

56 1069 358 1163 άμφιγνοουμένωυ
375 1070 579 1163 πραγμάτων
597 1080 635 1143 έν
657 1101 693 1142 τε
717 1091 785 1153 τοῖς
804 1070 887 1143 κατά
904 1071 1028 1162 νόμους

18 1209 43 1248 ιο
57 1181 283 1264 δικαστηρίοις
306 1177 363 1244 καλ
382 1177 418 1244 ἐν
440 1182 512 1254 ταῖς
531 1189 658 1256 κοιναῖς
676 1172 942 1263 άμφισβητήσεσι
960 1179 1026 1246 τῶν
1044 1204 1056 1242 ι

56 1272 236 1364 μαρτῦρων
254 1282 436 1365 συμφωνία
454 1290 554 1365 κυροῖ
568 1272 605 1344 τῦ
623 1271 932 1366 άμφιγνοοῦμευον,
948 1271 965 1299 “
973 1280 1026 1346 ἐπὶ

57 1373 217 1465 στόματος
237 1373 268 1444 δ’
290 1367 353 1447 οῦν
366 1373 429 1447 δῦο
447 1378 503 1445 καλ
516 1380 619 1463 τριῦν
632 1372 813 1466 μαρτῦρων
831 1387 1027 1447 συνίσταται

57 1480 125 1547 πάν
149 1473 276 1568 ῥῆμα”,
302 1479 372 1558 ποῦς
396 1472 459 1546 οῦκ
483 1472 564 1566 άνὴ
592 1473 735 1565 άλήθεια
761 1479 816 1547 καὶ
842 1480 896 1547 ε’πλ
919 1480 1027 1548 τωνδε

57 1586 209 1668 συσταίη,
230 1575 361 1650 δωδεκα
374 1579 438 1668 μὲν
450 1575 559 1650 ὅντων
572 1575 779 1668 άποστόλων,
798 1578 1028 1669 ἑβδομήκοντα

18 1715 43 1755 ιτ
58 1681 95 1750 δὲ
113 1683 293 1770 μαθητῶν,
311 1687 435 1772 μυρίον
452 1708 488 1752 τε
506 1678 659 1770 πλήθους
672 1679 800 1753 τοῦτωυ
815 1679 923 1771 ἐκτὸς,
941 1679 1029 1753 πάν-

56 1810 124 1854 των
137 1781 338 1872 θαυμαστὴν
351 1790 553 1874 συμφωνίαν
565 1787 858 1873 ἐπιδεδειγμένον,
877 1786 934 1854 καλ
946 1814 1028 1873 μαρ·

55 1884 272 1977 τυρησάντων
286 1915 324 1974 γε
335 1901 404 1967 τοῖς
417 1881 483 1957 ῦπό
501 1888 561 1957 τοῦ
568 1883 678 1974 Ἰησοῦ
690 1887 946 1975 πεπραγμένοις,
965 1883 1028 1956 οῦκ

58 1982 231 2077 άυιδρωτλ,
251 1988 306 2057 διά
323 1989 359 2059 δὲ
373 1986 533 2075 βασάνων
544 1983 716 2078 ὑπομονῆς
730 1991 786 2059 καὶ
797 1982 904 2077 πάσης
919 1994 1028 2069 αἰκίας

56 2088 111 2155 καλ
129 2087 299 2177 θανάτου,
318 2091 374 2159 καλ
392 2091 447 2159 έπλ
464 2094 567 2160 πᾶσιν
590 2085 657 2160 ῦπδ
674 2094 735 2162 τοῦ
751 2098 836 2161 θεοῦ
860 2119 1027 2180 μαρτυρη-

16 2223 43 2260 ⁴20
55 2189 207 2276 θέντων,
226 2185 263 2270 ὃς
280 2187 339 2259 τδν
357 2187 414 2261 ὑπ’
437 2186 550 2260 αῦτῦν
567 2194 836 2280 καταγγελθέντα
861 2191 961 2281 λόγου
980 2199 1024 2263 ἔτι
1046 2232 1056 2257 ι

56 2290 111 2358 καί
129 2291 195 2359 νῦν
213 2292 269 2358 καὶ
288 2297 336 2370 είς
353 2287 433 2360 ὅλου
449 2291 508 2361 τδν
525 2297 633 2362 αίῦνα
650 2291 822 2381 κρατῦνει;
926 2375 928 2378 ⁴
1033 2311 1036 2316 “

132 2395 182 2459 69.
209 2394 320 2461 Ταῦτα
343 2392 404 2480 μλν
428 2381 490 2461 οῦν
515 2387 617 2480 ἀρχῆς
642 2391 769 2462 ἀτόπου
793 2392 876 2462 κατά
894 2393 1028 2482 συγχώ-

56 2514 154 2579 ρησιν
173 2497 331 2582 δοθείσης
349 2490 584 2582 γεγυμνάσθαι.
621 2489 657 2562 τδ
677 2492 740 2583 γάρ
758 2509 827 2575 τοῖς
846 2491 1026 2582 ἐγγράφοις

54 2594 214 2666 τάναντία
232 2590 430 2684 ὑπολαβεῖν,
449 2597 505 2672 καλ
522 2593 629 2684 φάναι
646 2592 704 2667 τὸν
719 2591 848 2684 Ἰησοῦν
867 2594 1026 2666 διδάσκα·

16 2725 42 2764 ιτ
56 2705 116 2767 λον
132 2700 307 2785 γεγονέναι
330 2696 375 2787 μὴ
399 2695 587 2787 σωφρόνων
604 2695 730 2786 λόγων,
756 2693 888 2781 άδικίας
914 2698 1026 2768 δὲκαὶ
1104 2703 1107 2708 ’

55 2802 248 2879 πλεονεξίας
273 2802 329 2868 καλ
354 2798 462 2886 πάσης
488 2796 686 2889 άκολασίας,
714 2798 790 2881 τοῦς
814 2829 849 2871 τε
873 2799 1026 2889 μαθητάς

55 2892 303 2968 αῦτοῦτοιαῦτα
309 2897 389 2986 παρ’
410 2897 513 2970 αὐτοῦ
527 2905 789 2991 δεδιδαγμένους
802 2906 1026 2990 παντορέκτας

53 3001 228 3086 γεγονέναι
247 3001 303 3069 καλ
321 2999 562 3090 παμπονήρους
579 3006 647 3073 των
670 3001 802 3074 πώποτε
820 3001 1026 3094 ἀνθρώπων,

55 3101 134 3170 καθ’
156 3098 324 3173 ὑπόθεσιν
347 3102 428 3191 ἡμῖν
454 3121 692 3194 συνεχωρεῖτο·
728 3101 810 3194 ὅπερ
837 3097 880 3194 ἦν
903 3102 1026 3186 παντὸς

15 3232 41 3274 ει
55 3198 280 3293 άτοπάτατον,
299 3200 414 3293 ὅμοιον
428 3198 473 3285 ῦς
487 3211 519 3276 εί
530 3208 586 3275 καλ
605 3209 757 3291 Μωσέως
776 3212 895 3289 ἐντοῖς
913 3205 1028 3296 νόμοις

124 3439 154 3486 11
173 3438 257 3487 Deut.
270 3441 309 3500 19,
325 3442 364 3491 15.
403 3441 427 3488 2.
442 3438 504 3490 Cor.
519 3442 560 3503 13,
576 3441 599 3489 1.

107 3534 245 3573 ειέεειτε
266 3539 311 3574 111.
824 3525 872 3590 Ὠ
