2326 3818
98 83 142 145 24
514 83 664 135 EUSEBII

100 224 229 294 Μωσέα
251 229 324 309 βίος
350 213 674 312 δυσκατόρθωτος
652 252 713 312 ην,
740 221 785 313 μή
808 231 843 294 τί
868 252 907 312 γε
925 224 1072 325 δυνατῶς

101 315 328 394 ἐπιτελεῖσθαι
339 326 394 393 καὶ
408 339 476 405 τοῖς
489 334 617 406 λοιποῖς
636 331 789 395 ἔθνεσιν·
818 333 920 396 ἐνθεν
934 318 1072 412 εἰκότως

100 421 246 549 ὁσωτὴρ
274 428 329 495 καὶ
355 423 470 514 κύριος
496 424 591 515 ήμῶν
606 421 769 517 Ἰησους’
755 455 773 496 ο
800 426 873 507 νίδς
898 431 958 497 τοῦ
983 430 1073 499 θεοῦ

100 523 181 617 μετά
199 526 260 615 τήν
279 531 315 598 ἐκ
332 535 463 616 νεκρῶν
487 526 671 599 άνάστασιν
694 544 762 610 τοίς
780 524 885 598 αὐτοῦ
902 540 1072 618 μαθηταῖς

60 628 205 708 ιειείπῶν
228 627 475 718 ’πορευθέντες
503 628 735 718 μαθητεύσατε
757 627 865 700 πάντα
894 629 934 699 τά
958 628 1101 720 ἔθνη”ι

59 758 86 812 ιε]
102 734 245 820 ἐπιλέγει
258 728 497 810 ’διδάσκοντες
516 728 637 814 αὐτοὺς
654 748 769 821 τηρεῖν
792 730 900 802 πάντα
918 727 981 802 ὅσα
1000 736 1073 803 ἐνε-

102 831 264 921 τειλάμην
280 826 396 920 δμίν.”

178 939 229 1002 42.
252 929 302 1002 06
321 931 384 1022 γάρ
402 930 442 1001 τά
462 935 612 1014 Μωσέως
630 931 754 1023 νόμιμα
770 930 945 1005 διδάσκειν
961 932 1075 1007 πάντα

100 1034 140 1104 τά
160 1041 245 1122 ἔθνη
263 1031 550 1124 παρεκελεύσατο,
575 1030 647 1104 ἄλλ’
669 1031 732 1105 ὅσα
750 1033 849 1117 αὐτὸς
868 1038 1072 1108 ἐνετείλατο·

100 1139 205 1205 ταῦτα
225 1131 256 1203 δ’
276 1125 318 1223 ήν
335 1136 375 1206 τά
400 1139 436 1206 ἐν
453 1152 522 1216 τοίς
547 1132 751 1224 εὐαγγελίοις
769 1135 874 1207 αὐτοῦ
890 1135 1072 1226 φερόμενα.
1090 1166 1119 1209 ιο

102 1234 235 1318 εἰκότως
253 1227 316 1306 οὖν
339 1241 395 1308 καί
418 1241 453 1308 οἰ
475 1235 580 1308 αὐτοῦ
597 1241 745 1327 μαθηταὶ
769 1241 825 1307 καὶ
842 1243 877 1308 οἰ
892 1236 1075 1311 άπόστολοι

102 1342 139 1409 ἐν
155 1341 198 1430 τή
215 1342 291 1429 περὶ
308 1342 375 1409 τῶν
400 1343 513 1411 ἐθνῶν
539 1343 655 1423 σκέψει
677 1338 876 1429 ὁμολογοῦσι
900 1339 945 1430 μή
964 1337 1075 1412 δόνα-

101 1453 183 1512 σθαι
206 1439 245 1511 τά
275 1447 422 1524 Μωσέως
449 1439 572 1531 νόμιμα
603 1459 672 1523 τοῖς
699 1450 837 1512 ἔθνεσιν
861 1439 1074 1533 ἐφαρμόζειν,

101 1538 156 1612 ὅτε
174 1540 255 1631 μήτε
274 1540 386 1624 αὐτοῖς
404 1542 487 1633 μήτε
504 1559 573 1623 τοῖς
597 1540 762 1632 πατράσιν
780 1539 893 1613 αὐτῶν
912 1539 1076 1632 εάκατόρ-

74 1656 196 1714 ιθωτα
214 1645 360 1731 γέγονεν.
396 1648 484 1731 λέγει
505 1639 538 1712 δ’
557 1634 620 1713 οὖν
639 1647 675 1714 ἐν
692 1659 763 1727 ταῖς
782 1643 984 1733 Πράξεσινὸ
1003 1649 1072 1717 Πέ-
1087 1672 1117 1717 ιε

100 1772 177 1834 τρος
190 1742 279 1814 “νῶν
296 1734 360 1814 οὖν
376 1751 412 1815 τί
427 1742 595 1832 πειράζετε
611 1741 671 1815 τόν
687 1742 771 1816 θεόν
785 1748 953 1816 ἐπιθεῖναι
971 1744 1075 1834 ζυγὸν

102 1848 157 1917 ε’πί
174 1844 233 1916 τόν
249 1843 415 1934 τράχηλον
431 1849 499 1917 τῶν
517 1849 699 1935 μαθητῶν,
723 1841 763 1916 δν
788 1843 865 1917 οὔτε
882 1852 917 1917 οἰ
932 1849 1076 1940 πατέρες

103 1944 199 2037 ήμῶν
217 1944 293 2018 οὔτε
311 1942 405 2035 ἡμεῖς
424 1945 608 2036 ἰσχύσαμεν
626 1946 789 2034 βαστάσαι
798 1945 829 2032 ;”

178 2054 230 2118 43.
250 2046 398 2130 Εἰκότως
417 2048 454 2118 δὲ
480 2051 536 2118 καί
555 2044 654 2131 αὐτός
677 2047 695 2119 6
714 2054 843 2138 Μωσῆς
861 2046 990 2119 τούτων
1008 2048 1076 2120 αὖ-

102 2152 170 2219 τῶν
194 2153 308 2220 ἕνεκεν
334 2153 447 2239 ἕτερον
474 2146 555 2240 παρ’
582 2149 702 2220 ἑαυτὸν
728 2146 978 2240 ἀναστήσεσθαι
1006 2158 1115 2243 ἐφηεο

103 2249 296 2340 προφήτην,
315 2253 371 2321 καί
382 2255 502 2322 τοῦτον
515 2253 703 2341 νομοθέτην
718 2257 855 2322 ἔσεσθαι
872 2254 940 2322 τῶν
959 2256 1075 2327 ἐθνῶν

102 2348 262 2424 ἁπάντων
287 2351 547 2442 εὐαγγελίζεται,
580 2351 640 2423 τὸν
663 2351 811 2443 Χριστόν
833 2351 1074 2476 αἰνιττόμενος,

103 2452 192 2526 αὐτῶ
215 2485 252 2527 τε
276 2464 459 2527 πείθεσθαι
481 2473 552 2536 τοις
582 2461 715 2536 οἰκείοις
739 2471 913 2545 παραινεῖ,
937 2444 1007 2524 ῶδέ
1024 2483 1075 2547 πη

74 2601 84 2628 0
103 2560 274 2627 καὶτοῦτο
291 2553 488 2639 θεσπίζων“
491 2552 680 2647 προφήτην
701 2556 784 2674 ὑμῖν
806 2553 987 2645 άναστήσει
1010 2556 1075 2627 κά-

103 2685 174 2745 ριος
198 2656 215 2727 6
239 2655 318 2738 θεὸς
344 2660 471 2728 ἐκτῶν
488 2653 690 2746 άδελφῶν“
671 2661 768 2747 νμῶν
795 2653 840 2739 ῶς
868 2658 940 2747 έμε,
967 2655 1115 2729 αὐτοῶεῠ

103 2756 293 2829 άκοόσεσθε
316 2756 399 2829 κατά
423 2756 531 2829 πάντα
553 2757 615 2829 ὅσα
640 2754 684 2829 άν
708 2757 838 2850 λαλήση
856 2757 947 2848 ὑμῖν.
980 2765 1074 2831 ἐσται

105 2861 159 2947 δὲ,
190 2863 280 2930 πάσα
298 2859 405 2950 ψυχή,
437 2859 507 2950 ἥτις
530 2855 574 2931 διν
596 2858 642 2951 μή
666 2860 794 2952 άκοάση
817 2867 877 2932 τοῶ
898 2857 1074 2949 προφήτου

104 2963 252 3051 ἐκείνου,
272 2961 592 3051 ἐξολοθρενθήσεται
611 2965 647 3032 ἐκ
663 2969 723 3032 τοῦ
741 2965 859 3051 γένονς
876 2957 1013 3049 αάτής.”

180 3069 229 3133 44.
249 3066 317 3135 Καὶ
335 3069 454 3134 τοῦτον
479 3064 515 3134 δὲ
541 3062 600 3134 τὸν
624 3061 816 3154 προφήτην,
841 3061 995 3152 δηλονότι
1013 3060 1074 3135 τὸν

104 3166 260 3256 Χριστόν,
275 3169 306 3250 ἐξ
317 3163 489 3237 Ἰουδαίων
496 3163 717 3256 προελθόντα,
730 3164 867 3237 πάντων
877 3168 946 3235 τῶν
959 3167 1073 3235 ἐθνῶν
1086 3184 1116 3227 w

173 3401 188 3447 5
206 3399 306 3447 Matth.
320 3401 360 3458 28,
377 3401 417 3449 19.
514 3401 545 3448 15
563 3397 730 3462 Aet.15,10.
825 3401 858 3449 24
876 3398 959 3448 Dent.
976 3397 1072 3461 18,18.
