2326 3818
127 129 191 192 200
538 94 690 181 ωοεκειι

64 297 117 348 μοι]
128 265 309 357 δαιμόνων,
327 265 439 338 αὐτων
453 267 552 356 δη
507 298 574 339 των
592 272 800 391 χρησμφὸων
813 273 917 358 θεῶν,
936 267 1037 341 ἅκονε
1050 301 1098 367 τρε

128 373 251 458 σωτῆρι
265 365 360 459 ἡμων
373 369 435 459 οὐχ
449 393 561 457 ωσπερ
579 367 623 440 σύ
635 377 802 458 γοητείαν,
822 367 900 440 ἀλλ’
922 349 1097 461 εὐσέβειαν

127 473 183 540 καί
202 480 326 595 σρφιαν
344 474 458 541 καλί
427 478 458 541 ε
459 501 475 552 ς
493 469 658 561 οὐρανοὺς
682 469 806 542 ἄνοδον
823 471 1095 596 μαρτυρούντων

126 581 176 653 τίς
203 568 274 641 6’
262 602 305 642 αν
335 572 463 663 γένοιτό
494 595 546 643 σοι
569 569 698 642 τούτων
727 570 914 656 ἀξιόπιστος
938 569 1095 664 ὁμολογία

126 678 252 805 μμῖλλον
269 679 327 762 της
345 703 405 745 τον
395 671 504 743 καθ’
529 669 625 762 ἡμων
642 682 802 763 πολεμίου
823 679 973 766 γραφῆς,
998 673 1041 764 ἢν
1060 679 1126 746 §va

127 772 175 857 οἷς
195 776 388 864 ἐπέγραψε
391 773 493 863 Περὶ
519 779 577 862 τῆς
605 779 641 844 ἐκ
664 784 789 862 λογίων
815 773 1039 865 φιλοσοφίας”
1060 780 1096 848 ἐν

125 887 225 968 τρίτῳ
245 875 477 966 συγγράμματι
495 879 660 963 τέθειται,
680 866 749 945 οἶδέ
764 902 834 958 πως
854 881 995 967 ἱστορεῖν
1013 877 1095 949 κατὰ

73 1003 113 1056 [ετ]
128 980 234 1059 λέξιν;

98 1105 112 1144 ι
203 1077 274 1146 Vll.
289 1071 513 1167 “Παρύὃοξον
538 1089 618 1158 ίσως
638 1077 764 1161 δόξειεν
781 1075 825 1148 ὐίν
850 1101 937 1148 τισιν
956 1076 1096 1147 εἶναιτὸ

126 1178 248 1267 μέλλον
266 1180 424 1266 λέγεσθαι
441 1174 506 1267 ὐφ’
521 1174 626 1268 ἡμῶν.
654 1178 713 1250 τὸν
726 1176 790 1269 γὰρ
809 1175 954 1270 Χριστὸν
970 1183 1005 1247 oc
1019 1182 1095 1250 θεοὶ
1111 1205 1142 1244 1ο

127 1276 369 1368 εὐσεβέστατον
394 1276 608 1368 ἀπεφήναντο
641 1283 696 1350 καλ
727 1277 899 1351 ὐθοίνατον
925 1277 1096 1369 γεγονότα,

127 1378 284 1472 εὐφήμως
307 1411 342 1452 τε
361 1379 467 1451 αὐτοῦ
488 1378 769 1471 μνημονεύονσι.”
806 1383 862 1450 καλ
879 1376 1009 1470 ὑποβὰς
1029 1385 1097 1452 ἐπι-

125 1486 214 1573 λέγει
234 1482 334 1571 “περί
358 1487 444 1571 γοῦν
466 1486 528 1552 τού
550 1487 696 1573 Χριστοῦ
715 1479 953 1572 έρωτησολντων
980 1489 1012 1552 εί
1028 1489 1097 1554 ἔστι

126 1585 207 1665 θεὸς
229 1584 259 1675 [ἡ
274 1584 405 1672 Εκοίτη]
426 1586 531 1672 φησὶν

217 1724 300 1791 Ὅττι
313 1726 369 1833 μὲν
385 1722 526 1808 ὐθανοίτη
540 1720 623 1808 ψυχὴ
641 1722 715 1807 μετὰ
730 1733 815 1807 σῶμα
829 1730 985 1829 προβαίνει
1110 1738 1134 1780 1⁵

226 1812 417 1920 γιγνώσκεις,
434 1815 540 1890 σοφίης
556 1811 588 1874 δὲ
603 1813 764 1892 τετμημένη
779 1811 843 1873 αίὲν
857 1804 977 1875 ὐλοῖται·

227 1894 332 2003 ὐνέρρς
347 1893 449 1977 εὐσεβί
447 1923 466 1982 η
481 1894 721 1978 προφερεστύτον
737 1896 813 1957 ἐστὶν
830 1895 926 1974 ἐκείνη

227 1981 330 2060 ψυλθ

102 2116 407 2206 εεύσεβέστατον”
386 2139 450 2210 α’ρα
475 2126 539 2209 ἔφη
564 2116 666 2190 αὐτὸν
691 2123 748 2189 καί
764 2117 827 2208 την
850 2118 961 2210 ψυχὴν
980 2117 1096 2210 αὐτοῦ,

126 2218 280 2310 καθάπερ
306 2224 362 2290 καὶ
385 2226 454 2290 τῶν
471 2219 601 2308 ἄλλων,
619 2220 700 2309 μετὰ
717 2219 867 2292 θάνατον
886 2218 1098 2293 ὐπαθανατι-
1110 2246 1138 2287 εο

126 2324 269 2411 σθῆναι,
301 2320 345 2411 ἣν
376 2324 489 2410 σέβειν
520 2319 725 2412 ἀγνοοῦντας
757 2320 834 2404 τούς
866 2321 1096 2412 Χριστιανούς.

129 2423 415 2514 ἐπερωτησάντων
435 2424 472 2494 δε
491 2422 547 2493 διὰ
565 2454 597 2494 τι
592 2421 783 2512 ’ἐκολάσθη
802 2431 941 2513 ἔχρησεν

227 2576 320 2669 Σῶμα
335 2569 389 2670 μὲν
401 2567 572 2712 ὐδρανέσινί
578 2568 767 2668 βασανοις’
734 2594 791 2631 αιει
783 2569 1017 2673 προβεβληται·

228 2670 311 2732 ψνχη
330 2646 358 2713 6
376 2644 572 2732 εὐσεβέωνί
546 2676 586 2725 ες
572 2646 747 2734 ςούρολνιον
761 2654 852 2715 πέδον
869 2646 952 2725 ἴζει,”

126 2796 156 2858 2
184 2793 240 2859 καὶ
260 2795 402 2879 ἐπιλέγει
426 2790 508 2879 μετὰ
531 2788 591 2861 τὸν
614 2791 763 2881 χρησμὸν
788 2787 903 2882 έξης“
906 2787 1006 2874 αὐτὸς
1033 2781 1139 2864 οὐνιῡ

128 2887 268 2978 εὐσεβὴς
286 2895 341 2961 καὶ
360 2899 407 2973 είς
425 2887 607 2983 οὐρανούς,
628 2888 739 2983 ὥσπερ
758 2901 793 2966 oc
808 2893 968 2983 εὐσεβεῖς,
987 2892 1098 2985 χωρή-

98 3025 111 3064 ο
126 3016 194 3074 σας
232 3015 316 3063 ωστε
333 2997 453 3064 τοῦτον
470 2996 532 3083 μεν
547 3023 588 3063 ον
579 2989 875 3085 ’βλασφημησεις,
895 2992 1040 3083 ἐλεήσεις
1059 2994 1097 3063 δέ

125 3124 193 3166 των
211 3090 404 3186 ανθρώπων
421 3124 483 3184 την
501 3091 651 3167 ὐνοιαν.”

206 3202 235 3267 3.
260 3201 373 3268 Ταῦτα
396 3199 517 3266 καὶ
474 3227 541 3266 νυν
566 3195 583 3267 ὁ
608 3195 811 3287 Πορφύριος.
852 3188 905 3286 αρ’
933 3185 995 3267 οὐν
1012 3191 1096 3266 ἄποι-

126 3323 211 3366 τεων
246 3288 358 3383 οὐτος;
391 3328 455 3368 καν
485 3296 525 3368 τὰ
555 3303 638 3386 φίλα
668 3319 706 3367 σε
732 3304 927 3421 ρλνσωπείτω
957 3327 1025 3368 των
1048 3304 1095 3368 οί·
1109 3324 1138 3366 εο

127 3404 228 3465 κείων
247 3398 383 3489 ῥηματα.
403 3407 497 3495 υέγεις
515 3404 696 3489 τοιγαροῦν
708 3394 766 3469 τὸν
784 3396 945 3488 ημέτερον
963 3403 1097 3489 σωτῆρα
