2326 3818
360 109 544 162 DEMONST.
563 110 694 163 EVANG.
713 110 747 159 x,
766 112 791 164 6.
997 107 1060 171 655

87 249 240 341 κεφαλήν
253 247 478 340 φαλάκρωμα·
506 251 561 318 καὶ
574 246 723 337 θήσομαι
738 244 842 317 αὐτόν
856 245 968 339 ὥσπερ
983 251 1059 319 πέν-
1074 275 1087 314 ι

85 367 149 437 θος
166 350 356 441 ἀγαπητοῦ,
381 353 436 422 καλ
454 349 532 432 τοῦς
549 349 620 440 μετ’
641 346 746 419 αῦτοῦ
771 344 815 430 ῦς
832 348 961 438 ἡμέραν
978 349 1061 421 ὀδό-

86 484 157 544 νης.
196 454 270 524 ίδοῦ
287 449 406 543 ήμέραι
424 459 592 543 ἔρχονται,
612 455 700 540 λέγει
717 449 850 542 πόριος,
869 454 924 521 ααλ
945 456 1060 534 ἐξαπο-

86 559 192 627 στελῶ
210 554 307 645 λιμὸν
321 558 375 626 ἐπὶ
388 554 451 644 τήν
467 560 544 644 γῆν,
562 550 603 624 οῦ
617 551 713 643 λιμόν
727 551 841 643 ῦριου,
859 550 939 622 οῦδὲ
955 559 1059 636 δίψαν
1074 577 1125 632 [3031

59 655 227 749 οῦδατος,
251 655 335 727 ἀλλὰ
360 657 457 747 λιμὸν
483 664 544 727 τοῦ
562 654 703 726 οἰκοῦσαι
722 653 822 743 λόγον
840 649 983 743 αυρίου”
1002 657 1058 724 καλ

67 759 126 830 -τίι
144 763 227 849 ἑξῆς.
273 766 301 830 7.
321 755 405 847 ἅπερ
430 755 560 829 ἅπαντα
586 757 642 828 διὰ
664 755 727 846 τήν
743 755 981 849 ὑπερηφανίαν
1000 753 1058 825 αῦ·

85 865 154 932 τοῖν
171 860 233 950 τήν
251 859 333 931 κατὰ
351 863 412 931 τοῦ
425 864 572 951 Χριστοῦ
584 863 812 950 γεγενημένην
826 867 962 930 ἔσεσθαι
976 886 1057 948 προ-

87 966 300 1053 φητευθέντα
314 967 438 1053 ἐναργῆ
452 961 513 1053 τήν
527 969 666 1050 ἔκβασιν
678 970 736 1052 τῆς
750 961 964 1053 προρρήσεως
978 959 1059 1031 όιπε-

88 1069 218 1149 δείξατο
236 1064 317 1155 μετόι
335 1064 397 1151 τήν
414 1065 498 1133 αατόι
514 1069 574 1134 τοῦ
592 1067 740 1151 σωτήρος
765 1063 860 1152 ἡμῶν
879 1061 1061 1153 ἐπιβουλήν

49 1195 75 1236 ιο
88 1163 208 1238 αῦτοῦν.
246 1173 274 1236 8.
296 1161 336 1234 οῦ
354 1165 519 1255 πρότερον
535 1170 632 1252 γοῦν,
651 1163 724 1233 ἀλλ’
748 1169 780 1247 ἐξ
796 1168 926 1236 ἐκείνου
941 1169 996 1237 καὶ
1013 1172 1060 1245 είς

89 1273 189 1360 δεῦρο
207 1271 429 1357 μετέστρεψεν
448 1264 561 1336 αὐτῶν
579 1260 596 1335 ό
615 1265 695 1346 θεὸς
714 1265 772 1346 τὰς
788 1265 903 1354 έορτιλς
923 1276 970 1347 είς
984 1270 1061 1336 πέν-

88 1383 151 1453 θος
170 1368 300 1450 καὶτὰς
322 1365 411 1460 ᾠδός
431 1374 478 1448 είς
492 1371 634 1456 θρῆνον,
653 1372 711 1455 τής
725 1365 927 1457 περιβοήτου
941 1395 1060 1457 μητρο-

87 1470 215 1549 πόλεως
233 1466 464 1557 ἀποστερήσας
483 1465 623 1554 αῦτοῦς,
642 1470 697 1537 καὶ
719 1466 755 1537 τό
776 1471 812 1538 ἐν
831 1464 916 1559 αὐτῇ
935 1468 1059 1558 σεμνὸν
1073 1495 1126 1546 μου

86 1571 233 1657 ἆγίασμα
250 1567 334 1637 αοιτολ
352 1568 414 1655 τὴν
433 1571 487 1638 ἐπὶ
511 1576 611 1638 Τίτου
630 1572 685 1638 καλ
707 1566 969 1641 Οὐεσπασιανοῦ
981 1570 1061 1640 Ῥω-

48 1697 72 1738 15
85 1676 194 1756 μαίων
221 1666 476 1759 αὐτοκρατόρων
501 1668 684 1758 ἡγεμονίαν
707 1671 880 1760 καθελὼν,
907 1671 950 1753 ὡς
975 1672 1060 1760 μηδὲ·

88 1766 247 1852 ἐλθόντας
278 1770 449 1842 δύνασθαι
474 1770 526 1842 ἐπ’
549 1768 652 1860 αῦτής
676 1769 734 1852 τοὶς
759 1770 920 1859 ἐννόμους
945 1772 1060 1860 έορτολς

88 1876 144 1944 καλ
162 1871 367 1966 πανηγύρεις
387 1876 558 1947 ἐπιτελεῖν.
594 1880 629 1945 τί
646 1879 701 1944 (λεί
716 1875 843 1961 λέγειν,
869 1871 912 1954 ὡς
931 1872 947 1941 ὁ
967 1871 1059 1960 λιμὸς

87 1983 148 2045 τοῦ
166 1971 309 2047 οἷαοῦσαι
327 1976 428 2065 λόγον
447 1985 567 2069 κυρίου
585 1974 711 2059 πάντας
734 1972 856 2056 αὐτοῦς
880 1978 1058 2065 μετήλθεν,

88 2075 168 2148 ἀνθ’
192 2067 240 2148 οῦν
258 2077 422 2167 ἐξήλασαν
442 2083 571 2150 ἑαυτῶν
587 2079 647 2150 τόν
664 2083 724 2150 τοῦ
742 2081 827 2151 θεοῦ
844 2075 961 2165 λόγον,
981 2072 1060 2166 όμο-

49 2206 75 2246 20
89 2180 246 2269 θυμοαλόν
264 2177 367 2249 αὐτόν
385 2179 626 2271 ἀρνησάμενοι,
654 2182 710 2250 καλ
728 2177 979 2270 ῦπαρνηθέντες
998 2177 1055 2247 ὑπ’

122 2279 130 2304 5
180 2286 194 2300 ¹⁰
613 2274 615 2278 ἐ

90 2310 211 2367 αυτου;

390 2548 470 2621 ’And
490 2553 550 2621 τοῦ
567 2559 745 2644 Ζαχαρίου.
1074 2578 1088 2618 b

166 2700 224 2760 Vll.
246 2685 336 2756 “Kal
355 2689 516 2778 παρέσται
534 2686 650 2778 κῦριος
668 2683 686 2759 ό
703 2685 784 2769 θεός
797 2717 884 2779 μου,
903 2689 959 2757 καλ
978 2684 1059 2756 ποίν·

87 2812 141 2864 τες
159 2791 195 2854 οί
205 2783 294 2872 ῦγιοι
305 2784 379 2876 μετ’
398 2787 510 2860 αῦτοῦ.
539 2794 575 2860 ἐν
590 2793 700 2881 ἐκείνῃ
715 2796 754 2880 τῇ
773 2788 880 2884 ἡμέρη
893 2787 956 2861 οῦκ
970 2798 1060 2860 ἔσται

50 2916 75 2958 25
89 2889 175 2977 φεῦς,
195 2888 250 2955 καὶ
269 2891 375 2979 ψῦχος
392 2891 448 2958 καὶ
467 2888 571 2978 ποίγος
589 2898 681 2961 ἐσται
698 2897 780 2980 μίαν
797 2890 933 2981 ἡμέραν.
965 2896 1022 2962 καλ
1041 2891 1060 2979 ἡ

88 2987 194 3080 ήμέρα
212 2992 324 3080 ἐκείνη
342 2989 476 3080 γνωστή
495 2999 542 3086 τῷ
567 2999 691 3087 κυρίῳ,
716 2994 772 3061 καλ
795 2989 857 3082 οῦχ
879 2988 986 3084 ήμέρα
1004 2995 1060 3061 καὶ

89 3090 130 3162 οῦ
149 3089 211 3176 νῦξ
224 3088 260 3162 τό
279 3093 362 3184 πρὸς
383 3096 529 3186 ἑσπέραν
547 3101 640 3165 ἐσται
657 3095 738 3183 φῦς.
765 3095 822 3162 καλ
841 3098 878 3164 ἐν
894 3098 935 3183 νή
952 3093 1059 3184 ήμέρμ
1077 3133 1088 3160 ε

90 3199 201 3285 ἐκείνη
217 3195 420 3277 ἐξελεύσεται
434 3193 528 3289 ὕδωρ
542 3200 606 3281 ζῦν
621 3199 653 3280 ἐξ
662 3192 889 3286 Ἰερουσαλήμ,
903 3192 940 3264 τό
955 3192 1059 3282 ήμισυ

158 3432 191 3480 23
208 3431 292 3481 Zach.
307 3434 347 3497 14,
361 3433 384 3482 6.
