2326 3818
153 128 217 193 566
559 128 710 180 ΕοεΕΒΠ

155 272 314 358 φωστῆρα
333 265 563 357 ἐπιλόμψαντα
580 275 626 360 τῷ
650 269 750 339 παντὶ
768 263 881 359 κόσμῳ
899 264 957 335 τὸν
976 265 1129 355 Χριστόν

154 374 215 440 τού
236 373 322 441 θεοῦ
342 375 445 441 πᾶσιν
470 367 704 458 αἰνιττόμενος.
750 372 798 438 15.
824 364 906 437 κατὰ
929 364 965 436 τό
984 360 1068 438 αὐτό
1088 370 1129 440 δὲ

155 467 175 560 ῆ
199 481 386 563 προφητεία
414 468 598 559 ἄνθρωπον
626 466 712 560 ὁμοῦ
740 472 796 539 καὶ
818 465 941 558 ἀστέρα
970 478 1127 554 θεσπίζει

158 572 203 642 δι’
226 564 274 643 οἷν
291 599 397 663 φησιν
409 567 589 642 “ἆνατελεῑ
604 568 728 662 ἄστρον
752 574 785 653 ἐξ
805 566 946 658 Ἰακὼβ,
967 573 1024 639 καί
1043 567 1127 642 ἄνα·

155 672 309 765 στῆσεται
337 673 518 763 ἅνθρωπος
537 676 570 755 ἐξ
590 668 737 764 Ἰσραῆλ”
748 726 758 760 ,
789 668 849 741 τόν
877 673 940 760 μὲν
958 669 1152 762 οὐρανιονσ

155 780 316 866 φωστῆρα
329 775 388 847 τὸν
405 773 489 846 θεὸν
507 771 607 862 λόγον
622 775 728 862 εἶναι,
746 770 805 843 τόν
814 770 918 843 αὐτόν
938 773 974 842 δὲ
988 771 1126 866 ἄνθρω-

155 905 221 948 πον
238 872 454 967 όνομόζουσα.
493 874 662 968 διαφόρως
680 876 718 945 δὲ
743 871 846 960 αὐτόν
868 877 924 944 καὶ
944 879 981 944 ἐν
1000 877 1126 965 ἑτέροις

156 974 325 1064 ἄνατολῆν
342 978 427 1067 ὁμοῦ
446 978 501 1047 καὶ
525 981 596 1065 φῶς
614 979 671 1048 καὶ
693 975 790 1065 ῆλιον
809 975 1024 1065 δικαιοσύνης
1042 973 1127 1049 ἄπο·

87 1111 92 1148 ι.
132 1088 267 1166 οκαλεϊ,
287 1077 331 1159 ὡς
349 1085 386 1149 ἐν
403 1095 472 1161 τοῖς
489 1076 632 1170 προότοις
650 1076 882 1168 ἀπεδείξαμεν.
921 1084 970 1148 16.
998 1077 1070 1148 εἶτα
1088 1075 1126 1149 τό

156 1179 218 1270 μὲν
240 1179 414 1273 θειότερον
437 1178 560 1269 αὐτοῦ,
582 1175 665 1251 “che
688 1187 832 1269 φωτίζον
858 1176 965 1251 πάντα
988 1176 1125 1271 ἅνθρω·
1138 1208 1162 1249 ιο

157 1306 222 1352 πον
241 1282 421 1374 ἐρχόμενον
452 1290 499 1364 είς
529 1279 588 1352 τόν
612 1277 778 1371 κόσμον,”
811 1284 858 1374 τῷ
884 1288 941 1369 τῆς
959 1276 1125 1370 ἀνατολῆς

157 1383 341 1475 ἐπεφῆμισε
367 1382 574 1476 προσρήματι
599 1382 710 1472 φήσας
737 1378 916 1453 “ἆνατελεῐ
942 1379 1065 1473 ἄστρον
1090 1386 1125 1466 ἐξ

153 1481 303 1574 Ἰακώβ.”
349 1483 408 1557 τόν
432 1487 470 1555 δὲ
493 1482 696 1574 ἄνθρωπον,
732 1481 787 1554 δια
818 1482 855 1554 τό
884 1481 1018 1573 συμβὰν
1047 1486 1125 1575 περὶ

157 1585 261 1659 αὐτόν
284 1585 412 1674 πόθος,
438 1585 482 1669 ὡς
511 1581 554 1657 ἂν
571 1583 765 1658 πεπτωκότα
790 1580 1041 1674 ἀναστήσεσθαι
1065 1598 1124 1680 θε-

158 1697 283 1777 σπίζει,
301 1685 424 1779 ὁμοίως
442 1685 492 1772 οἷς
509 1691 565 1758 καὶ
579 1684 717 1771 Ἡσαΐας
734 1690 810 1778 περὶ
825 1685 929 1758 αὐτοῦ
947 1708 1029 1776 φησι
1044 1682 1123 1756 “καλ
1138 1713 1162 1754 τι

158 1785 289 1878 ἐσταιῆ
315 1797 388 1882 ῥίζα
410 1795 472 1860 τοῦ
496 1786 634 1878 Ἰεσσαὶ,
657 1793 713 1860 καὶ
730 1787 748 1859 ὁ
766 1787 985 1878 ἀνιστάμενος
1008 1786 1126 1876 ἄρχειν

157 1895 287 1980 ἐθνῶν,
320 1889 372 1962 ἐπ’
406 1889 499 1984 αὐτῷ
529 1897 614 1978 ἔθνη
642 1889 825 1961 ἐλπιοῦσι.”
875 1892 932 1960 καὶ
955 1892 1061 1975 σαφές
1086 1919 1126 1977 γε

156 2001 233 2061 τίνα
252 1991 376 2079 τρόπον
393 1992 429 2061 τὸ
449 1993 520 2080 φως
538 1995 598 2062 τοι]
611 1999 759 2083 σωτῆρος
773 1990 868 2081 ἡμῶν
882 1996 919 2062 ἐκ
931 1996 990 2060 τοῦ
1005 1984 1126 2079 Ἰακώβ

157 2090 356 2182 ἆνατεῑλαν,
375 2089 466 2163 τοῦτ’
493 2100 583 2164 ἔστιν
600 2090 665 2164 ἀπό
684 2098 743 2164 τοῦ
769 2098 814 2164 ἐκ
831 2095 1008 2183 περιτομῆς
1026 2096 1125 2182 λαοῦ,

89 2267 91 2272 ,
129 2197 240 2264 οποῖσι
264 2211 332 2276 τοῖς
356 2202 506 2284 ἔθνεσιν,
531 2193 603 2264 ἀλλ’
625 2192 700 2285 οὐχὶ
719 2198 766 2288 τῷ
793 2191 927 2282 Ἰακώβ,
958 2192 1041 2264 ὅθεν
1066 2196 1124 2263 καὶ

159 2300 347 2386 προῆλθεν,
368 2298 537 2387 ἐξέλαμψε.
576 2302 625 2369 17.
644 2300 741 2368 τοῦτο
756 2297 794 2367 δὲ
807 2298 863 2366 καὶ
877 2293 942 2365 ιἰπό
956 2303 1127 2366 πλείστων

159 2401 282 2490 ἑτέρων
299 2398 460 2490 πάρεστιν
479 2402 635 2491 ἐκλαβεῖν
652 2404 882 2490 προφητειῶν,
903 2396 948 2478 ὦς
965 2397 1048 2487 πρὸς
1066 2394 1128 2465 αὖ·

158 2499 216 2571 τόν
247 2504 453 2592 φασκουσιόν
480 2498 539 2571 τόν
563 2500 708 2590 Χριστὸν
732 2496 833 2570 “ίδοῦ
855 2495 992 2569 τέθεικα
1015 2522 1053 2566 σε
1079 2504 1129 2579 είς

160 2603 327 2692 διαθήκην
345 2605 481 2692 γένους,
501 2608 547 2683 είς
565 2608 636 2690 φῶς
652 2597 805 2672 ἐθνω“ν“”
824 2596 865 2671 οὗ
882 2600 949 2690 μῆν
967 2595 1128 2669 ἀλλὰκαὶ

159 2706 195 2770 ἐκ
213 2709 281 2772 τῶν
298 2711 357 2775 τοῦ
375 2702 515 2792 Βαλαὰμ
532 2700 659 2791 λόγων,
679 2701 723 2773 δι’
746 2693 795 2773 ὦν
814 2723 919 2792 φησιν
934 2696 1152 2785 “ἐξελεν’σε-ε

89 2835 144 2886 [τοι]
159 2831 212 2871 ται
231 2807 267 2873 ἐκ
285 2809 345 2874 τοῦ
363 2808 548 2894 σπέρματος
572 2801 678 2875 αὐτοῦ
690 2804 888 2892 ἅνθρωπος,
913 2805 969 2872 καὶ
989 2799 1129 2892 κυριεύ-

159 2926 210 2974 σει
236 2907 348 2978 ἐθνῶν
371 2902 538 2977 πολλῶν.”
577 2911 625 2976 18.
653 2915 742 2988 τίνος
767 2907 803 2975 δὲ
830 2909 866 2975 ἐκ
890 2906 1077 2995 σπέρματος
1105 2897 1127 2990 ῆ

157 3011 218 3076 τοῦ
232 3005 380 3097 Ἰσραὴλ,
399 3008 444 3088 ὡς
461 3003 482 3095 ῆ
501 3004 690 3098 σόμφρασις
708 3009 913 3097 παρέστῆσε;
932 3008 988 3075 καὶ
1008 3002 1049 3091 δῆ
1069 3032 1129 3074 κν-

159 3107 294 3197 ριεόσας
314 3112 425 3180 ἐθνων
452 3108 468 3179 δ
489 3113 550 3180 τοῦ
569 3114 717 3200 σωτῆρος
741 3107 838 3198 ἡμῶν
862 3106 959 3196 λόγος
983 3102 1129 3176 ιἰκολού-

159 3221 230 3292 θως
249 3214 290 3302 τῆ
303 3218 489 3304 προφητεία
502 3209 559 3293 τὰς
573 3208 675 3280 πάλαι
693 3209 857 3300 πρότερον
874 3206 988 3278 αὐτῶν
1006 3203 1128 3297 ιἰρχού·
1146 3239 1163 3265 ἰ

160 3360 166 3366 .
185 3361 361 3368 -..ω-..-ΗΠ-

226 3446 260 3493 λθ
276 3445 320 3494 Jo.
336 3446 360 3509 1,
374 3447 400 3494 9.
