2326 3818
309 122 495 174 υεωοαετ.
515 121 647 174 ωτιαο.
667 122 728 172 v11.
750 125 775 171 1.
963 120 1027 183 427

56 261 136 342 θεὸς
154 257 174 348 ή
192 257 209 332 5
228 259 284 332 διά
307 259 550 349 τῶνπρόσθεν
572 256 850 349 ἀποδεδειγμένος
867 257 947 340 θεὸς
965 261 1023 328 κῦ-

58 392 144 450 ριος,
168 358 186 432 ὁ
211 365 267 432 καὶ
292 367 337 452 τῷ
359 359 506 452 Ἀβραάμ
530 359 593 431 οῦκ
610 359 717 442 ἀλλως
734 359 755 451 ή
774 361 817 431 δι’
839 359 1024 449 ἀνθρώπου

57 467 186 553 μορφής
210 466 428 551 τεθεαμένοςς
456 469 487 533 εί
509 458 543 531 δ’
569 458 772 553 ἀναφέροιεν
797 466 850 532 ἐπὶ
867 459 925 530 τόν
939 460 1024 545 Ἐζε-

58 572 135 634 κίαν
158 570 193 634 οί
218 568 255 633 ἐκ
278 569 457 653 περιτομῆς
480 570 599 650 ταῦτα,
623 562 681 633 τὸν
704 568 765 635 τοῦ
785 561 885 653 ’Ἁχαζ
908 570 1023 649 παῖδα,

31 670 176 736 στοῦτον
195 666 280 735 εἶναι
298 663 485 753 φάσκοντες
502 664 560 735 τὸν
576 671 623 757 τῷ
641 669 740 752 πατρὶ
758 661 1055 755 προσημαινόμε-(ι

57 797 135 854 νον,
159 765 234 835 ἀλλ’
261 763 372 837 αῦτεδ
397 762 477 856 μεθ’
502 762 598 855 ήμῶν
620 764 700 847 θεδς
716 763 856 850 Ἐζεκίας
880 756 922 853 ήν
947 761 1025 832 οὔτε

57 884 195 956 σημείου
221 869 407 957 θεοπρεπὲς
433 871 622 954 πέπρακταί
645 897 676 937 τι
703 866 755 938 ἐπ’
789 866 895 960 αὐτῷ·
949 860 1024 933 ἀλλ’

57 966 138 1038 οῦδὲ
156 967 248 1056 ἀγών
266 965 286 1056 ή
304 968 429 1058 μόχθος
446 976 493 1062 τῷ
511 972 582 1062 θεῷ
599 958 642 1055 ήν
659 971 735 1059 περὶ
753 966 814 1058 τήν
830 972 959 1039 έκείνου
973 969 1025 1054 γέ-

55 1092 165 1141 νεσιν·
194 1073 250 1140 καὶ
275 1068 383 1150 ἀλλως
407 1068 496 1159 παρά
520 1075 624 1139 ταῦτα
649 1076 821 1140 δείκνυται
845 1068 863 1140 5
884 1066 1026 1153 Ἐζεκίας

19 1197 43 1237 ιο
56 1169 312 1259 ἀποκλειόμενος
326 1177 395 1241 τῶν
407 1167 538 1259 χρόνων
551 1173 608 1258 τής
621 1179 834 1259 προφητείας.
861 1177 912 1240 41.
924 1175 1028 1240 ταῦτα

57 1274 119 1358 μὲν
144 1272 207 1361 γὰρ
234 1269 470 1360 βασιλεύοντος
497 1268 602 1341 αὐτοῦ
630 1270 672 1359 δή
696 1275 755 1342 τοῦ
779 1269 902 1362 πατρός
928 1269 1028 1358 ’Ἁχαζ

57 1374 134 1463 περὶ
157 1371 350 1462 μελλόντων
374 1377 578 1456 ἐθεσπίζετο·
615 1366 633 1441 ὁ
661 1373 699 1442 δὲ
712 1371 855 1456 Ἐζεκίας
879 1370 942 1460 πρὸ
967 1376 1027 1440 τοῦ

57 1478 254 1561 βασιλεῦσαι
279 1471 338 1543 τόν
355 1471 455 1562 ’Ἁχαζ
481 1481 677 1543 συνίσταται
701 1476 951 1562 γεγεννημένος.
998 1479 1030 1541 εί

59 1577 96 1644 δὲ
130 1574 175 1663 μή
213 1577 265 1644 ἐπὶ
300 1579 419 1644 τοῦτον
449 1571 614 1663 ἀναχθείη
649 1573 689 1644 τά
719 1579 777 1661 τής
808 1574 1028 1663 προκειμένης

19 1701 44 1740 1⁵
58 1674 290 1766 προρρήσεως,
317 1683 444 1746 πολλοῦ
472 1681 526 1746 δελ
542 1671 601 1764 ἐφ’
621 1679 735 1764 ἕτερον
752 1682 821 1746 των
839 1674 928 1764 παρὰ
948 1673 1026 1745 'Iov-

59 1783 164 1858 δαίοις
194 1777 275 1866 μετά
312 1775 389 1858 τοῦς
424 1783 482 1864 τής
517 1785 720 1866 προφητείας
756 1775 897 1867 χρόνους
931 1805 1028 1864 γενο-

57 1882 185 1968 μένων,
215 1883 273 1948 έπί
295 1907 334 1967 γε
359 1876 426 1968 μήν
450 1883 508 1966 τῆς
539 1883 598 1950 τοῦ
629 1875 778 1967 ἀληθοῦς
804 1875 1026 1967 Ἐμμανουήλ,
1041 1904 1095 1954 (318)

57 1976 148 2050 τοῦτ’
169 1987 237 2050 ἔστι
254 1984 316 2051 τοῦ
332 1979 507 2067 γεγονότος
525 1978 604 2069 μεθ’
626 1978 722 2069 ήμῶν
738 1984 835 2067 θεοῦ,
854 1981 1027 2068 γενέσεως,

59 2083 114 2149 καλ
140 2082 193 2148 ἐπὶ
216 2079 320 2169 μόνης
346 2085 404 2169 τής
429 2087 488 2150 τοῦ
513 2086 661 2170 σωτῆρος
679 2077 774 2170 ήμῦν
791 2086 850 2151 τοῦ
868 2087 953 2151 θεοῦ
972 2079 1029 2149 λό-

19 2203 122 2269 εογου
141 2187 187 2260 είς
212 2177 415 2269 ἀνθρώπους
440 2184 625 2269 ἐπιδημίας.
678 2187 730 2250 42.
760 2187 828 2251 τῶν
842 2180 905 2271 γάρ
931 2188 1030 2252 δυοῖν

59 2285 226 2370 βασιλέων
252 2284 498 2370 καθηρημένων
524 2289 730 2371 κατελείφθη
762 2290 881 2372 ἔρημος
913 2281 934 2370 ή
961 2289 1029 2351 τῶν

53 2381 226 2453 Ἰουδαίων
244 2387 298 2469 γή,
318 2378 428 2469 ὥσπερ
448 2388 588 2452 ἔσεσθαί
602 2404 708 2469 φησιν
725 2379 742 2452 ὁ
761 2383 905 2472 χρησμὸς
925 2377 1028 2451 εἰπών

53 2481 382 2572 “καταλειφθήσεται
407 2480 427 2570 ή
451 2487 493 2570 γή
520 2479 586 2552 ἀπὸ
604 2481 785 2569 προσώπου
803 2488 871 2553 των
889 2480 950 2553 δῦο
968 2490 1027 2569 βα-

60 2579 221 2653 σιλέων””
248 2579 267 2652 5
290 2588 346 2653 καὶ
370 2578 452 2654 αῦτό
477 2589 584 2675 ῥητῶς
607 2584 669 2672 μδν
687 2583 843 2653 καὶκατὰ
862 2587 951 2667 λέξιν
970 2580 1028 2653 οῦ-

20 2713 47 2754 ει
60 2714 124 2767 τως
155 2680 198 2755 ἀν
224 2680 422 2773 ἀποδοθείη.
466 2683 549 2755 κατά
582 2685 646 2774 γάρ
677 2688 816 2772 βασιλέα
842 2682 942 2776 ’Ἁχαζ
972 2687 1028 2753 καὶ

54 2783 197 2858 Ἠσαίαν
213 2784 289 2856 υίδν
303 2786 408 2875 Ἀμώς
426 2790 481 2857 καὶ
493 2786 569 2868 τοῦς
583 2791 640 2876 τής
654 2795 857 2877 προφητείας
876 2787 1028 2877 χρόνους,

60 2884 218 2975 βασιλεῦς
237 2897 366 2978 Συρίας
385 2885 405 2958 δ,
421 2891 458 2958 έν
471 2895 643 2980 Δαμασκῷ
656 2890 712 2956 καὶ
727 2889 883 2975 βασιλεῦς
900 2887 1029 2979 Ἰσραήλ

60 2988 79 3058 δ
95 2994 131 3059 ἐν
142 2996 327 3079 Σαμαρείᾳ,
346 2986 406 3077 οὐχ
420 2986 438 3057 ὁ
454 2993 490 3058 ἐν
503 2985 729 3077 Ἰερουσαλήμ,
744 2986 818 3058 ἀλλ’
838 2985 929 3060 ότοῦ
948 2988 1028 3077 πλή-
1045 3015 1057 3053 b

60 3102 146 3170 θους
169 3095 237 3159 των
258 3085 430 3159 Ἰουδαίων
451 3094 520 3160 τεόν
543 3087 762 3160 ἀποστάντων
778 3096 836 3162 τοῦ
854 3089 1029 3161 θείουνό-

21 3217 48 3258 οο
61 3220 137 3280 μου,
157 3189 331 3279 συνθήκας
348 3189 429 3278 πρὸς
443 3188 607 3278 ἀλλήλους
625 3192 773 3280 θέμενοι,
791 3190 868 3272 τοῦς
881 3188 947 3260 ῦπὸ
961 3207 1029 3273 τοῖς

64 3291 232 3381 διαδόχοις
262 3296 322 3360 τοῦ
348 3293 463 3380 Λαβὶδ
493 3294 774 3380 βασιλευομένους
802 3291 1027 3378 ἐπολιόρκουν.

60 3397 113 3463 43.
140 3392 270 3463 τούτων
287 3383 349 3463 οῦν
367 3388 492 3480 ἀμφοῖν
509 3392 570 3481 τήν
587 3401 787 3482 καθαίρεσιν
803 3392 824 3482 ή
843 3401 1030 3483 προφητεία
