2326 3818
147 128 211 193 560
559 124 709 176 ωυεωωιι

150 273 250 359 δεῦρο
273 272 481 357 θεωροῦνται
509 269 543 334 oc
569 261 631 352 τὴν
663 276 837 352 Αίγυπτου
865 271 1054 354 οἰκοῦντες,
1085 273 1124 338 οί

149 371 211 460 μὲν
240 366 299 439 τόν
324 365 409 438 θεόν
434 372 502 437 τῶν
529 369 710 456 προφητῶν
735 365 957 454 ἐπεγνωκότες
981 369 1039 436 καί
1067 368 1114 438 δι’

151 468 252 542 αὐτόν
277 469 354 551 τοὺς
385 474 546 559 πατρίους
569 465 841 548 καταλελοιπότες
865 466 984 555 θεοὺς,
1017 475 1054 538 οί
1076 471 1117 543 δέ

149 571 230 664 πρὸς
248 570 386 652 τούτους
405 575 642 651 στασιαστικῶς
660 575 807 658 ἔχοντες,
833 570 889 638 καί
906 575 942 639 οί
955 569 1019 659 μὲν
1036 571 1118 656 τοὺς

148 672 250 756 θεοὺς
268 670 381 742 αὑτῶν
399 672 498 742 εἰσέτι
522 674 587 740 νῦν
606 668 858 759 ἐπικαλούμενοι
884 673 940 740 καί
956 668 997 740 τά
1014 667 1145 760 ἀγάλ-ι

149 805 235 866 ματα
253 777 309 845 καὶ
327 770 406 855 τούς
425 775 535 858 ἕκτης
553 774 613 860 γῆς
630 776 829 862 φωνοῦντας
847 775 952 862 μηδέν
969 800 1006 842 τε
1021 777 1120 866 ἐνερ-

148 893 223 967 γεῖν
243 877 472 964 δυναμένους,
496 878 531 943 oc
547 875 583 943 δέ
601 878 647 966 τῷ
666 881 772 967 κυρίῳ
790 879 858 970 τῶν
876 880 1059 964 προφητῶν
1078 881 1118 949 έν

150 976 239 1068 πόση
264 980 305 1067 τῇ
328 981 526 1064 Αἰγυπτίων
549 971 642 1068 χῶρᾳ
664 973 909 1065 θυσιαστήριον
932 972 1013 1046 καθ’
1041 977 1118 1048 ἑκά·

151 1100 233 1167 στην
258 1081 437 1166 ἐκκλησίαν
461 1075 723 1166 συστησάμενοι,
759 1084 796 1146 έν
819 1105 854 1147 τε
878 1093 949 1159 ταῖς
976 1085 1118 1161 θλίψεσι

150 1183 205 1250 καί
229 1196 297 1260 τοῖς
322 1175 394 1249 κατ’
421 1174 534 1249 αὐτῶν
562 1184 718 1269 διωγμοῖς
748 1176 859 1249 οὐκέτι
882 1180 922 1248 τά
946 1177 1116 1274 κνῶδαλα,
1132 1214 1157 1254 ιο

124 1277 233 1353 οοόδί
262 1277 303 1351 τά
335 1278 455 1371 ἑρπετά
482 1287 540 1369 της
576 1285 654 1368 γῆς,
692 1275 736 1362 ῶς
767 1277 890 1369 θεοὺς,
927 1277 1008 1351 οὐδὲ
1039 1280 1118 1365 τούς

150 1379 288 1473 ἀγρίους
307 1389 416 1474 θῆρας
435 1384 489 1452 καί
508 1379 548 1451 τά
567 1378 672 1470 άλογα
691 1384 757 1475 ζῶα
779 1377 901 1471 ὁμοίως
918 1400 988 1464 τοῖς
1002 1379 1118 1455 αὐτῶν

151 1484 329 1577 πατράσιν,
349 1482 433 1554 ἀλλὰ
445 1480 504 1553 τόν
519 1485 572 1553 ίπί
591 1481 728 1554 πάντων
745 1479 829 1555 θεόν
848 1482 1117 1576 ἐπικαλούμενοι,

150 1591 207 1657 καί
223 1585 329 1676 μόνον
354 1583 456 1655 αὐτὸν
481 1583 619 1656 καὶτὸν
644 1583 750 1655 αότοό
772 1583 880 1675 φόβου
904 1590 941 1656 έυ
964 1602 1039 1669 ταῖς
1058 1586 1117 1658 αό-

151 1692 218 1760 τῶν
254 1695 419 1770 διανοίαις
453 1685 706 1777 κατειληφότες,
745 1684 920 1777 εὐχόμενοί
952 1715 988 1757 τε
1023 1687 1117 1782 αὐτῷ
1132 1717 1156 1759 15

153 1786 262 1879 εόχάς,
280 1787 354 1859 ἀλλ’
376 1787 486 1859 οόκέτι
500 1805 569 1872 τοῖς
584 1795 730 1878 δαίμοσι,
750 1791 806 1858 καί
823 1784 1041 1870 ἀποδιδόντες
1058 1789 1118 1870 τάς

150 1903 351 1981 θεοπρεπεῖς
377 1893 591 1978 ἐπαγγελίας,
616 1893 685 1972 πῶς
711 1886 772 1978 οόχ
798 1892 911 1961 ἕπεται
933 1899 1115 1978 συνομολο-

151 2008 226 2080 γεῖν
249 1995 305 2062 καὶ
328 1988 367 2060 τά
391 1990 454 2079 πρὸ
479 1994 547 2061 τῶν
565 1987 841 2082 ἀποτελεσμάτων
867 2000 914 2074 εἰς
933 1999 1030 2082 ἔργον
1048 1987 1116 2082 ἤδη

152 2095 393 2182 κεχωρηκέναι;
417 2083 461 2180 ἦν
485 2093 643 2164 δὲταῦτα
667 2099 727 2164 τοῦ
745 2101 865 2186 κυρίου
883 2100 1049 2185 παρουσία
1070 2103 1118 2179 εἰς

152 2205 326 2284 Αἰγυπτον
357 2189 418 2265 οόκ
449 2192 621 2286 ἀσώματος
652 2191 908 2286 ἀποβησομένη,
944 2193 1028 2266 ἀλλά
1060 2194 1118 2268 διά
1132 2228 1157 2270 ιο

152 2299 294 2386 νεφέλης
313 2294 460 2386 κοόφης,
479 2293 500 2383 ἢ
519 2301 574 2368 καί
591 2299 717 2387 μάλλον
737 2295 792 2368 διά
810 2296 936 2389 πάχους
955 2302 1117 2390 έλαφροῦ“

153 2396 240 2470 οὕτω
265 2397 383 2489 γάρτό
404 2394 581 2491 Ἐβραῖκόν
605 2401 765 2491 περιέχει,
789 2399 851 2489 την
874 2406 1039 2490 έυσαρκον
1057 2397 1118 2471 αό-

151 2505 211 2572 τοῦ
230 2507 421 2592 παρουσίαν
440 2499 677 2591 αἰνιττόμενον.
714 2506 742 2570 5.
769 2505 889 2572 τούτου
914 2498 956 2590 δὴ
975 2491 1037 2572 οόν
1056 2499 1119 2572 αό-

152 2601 210 2673 τόν
228 2602 357 2694 προῖῶν
376 2606 451 2690 ἑξῆς
469 2601 486 2672 ὁ
506 2600 602 2690 λόγος
626 2600 809 2691 ἄνθρωπον
834 2607 968 2690 σωτῆρα
991 2600 1119 2671 ἀπεκά-

87 2734 140 2784 μιε)
155 2713 230 2773 λεσε
254 2703 364 2792 φησας
382 2698 460 2772 “mxl
475 2699 653 2773 ἀποστελεῖ
665 2701 777 2784 αὐτοῖς
791 2701 905 2794 κόριος
919 2701 1116 2793 ἀνθρωπου,
1132 2737 1157 2778 25

153 2801 189 2883 δς
207 2802 308 2873 σῶσει
326 2800 477 2885 αότοός.”
514 2802 616 2875 πάλιν
633 2810 718 2895 γοῦν
737 2803 911 2878 κάνταῦθα
928 2804 964 2876 τὸ
984 2799 1118 2895 Ἑβραῖ-

153 2902 213 2974 κδν
227 2899 306 2975 “naz
324 2904 502 2978 ἀποστελεῖ
518 2903 630 2989 αὐτοῖς
648 2906 764 2997 κόριος
783 2912 934 3000 σωτῆρα,
961 2902 997 2991 δς
1016 2906 1119 2979 σῶσει

154 3003 293 3088 αὐτούς’
314 3013 389 3097 ἔχει.
427 3001 474 3080 ῶν
493 3007 598 3092 οὕτως
619 3012 743 3100 έναργη
759 3007 821 3099 την
839 3008 1012 3094 ἀπόδειξιν
1030 3037 1119 3101 παρ-

154 3111 321 3199 εχομένων
343 3107 486 3200 ἡγοῦμαι
510 3114 565 3181 καί
589 3109 667 3193 τους
685 3110 826 3202 χρόνους
844 3114 964 3202 σαφεῖς
981 3115 1118 3201 γεγονέ-

153 3241 226 3298 ναι,
258 3209 336 3282 καθ’
370 3208 429 3293 οὓς
460 3210 500 3282 τά
523 3219 581 3301 τῆς
608 3219 655 3296 εἰς
684 3211 888 3305 ἀνθρώπους
912 3219 972 3285 τοῦ
996 3222 1117 3304 κυρίου
1131 3247 1157 3288 ιο

154 3321 339 3402 παρουσίας
358 3317 557 3400 ἐθεσπίζετο.

231 3417 259 3481 6,
293 3417 445 3485 Τοσαυτα
472 3413 527 3486 διά
545 3417 698 3507 βραχέων
720 3420 776 3488 καί
794 3415 835 3488 τά
851 3421 929 3509 περί
952 3421 1020 3488 τῶν
1038 3415 1118 3508 χρό-
