2326 3818
343 109 530 161 DEMONST.
550 109 683 161 EVANG.
702 111 724 160 Ι.
748 113 787 160 10.
1015 109 1054 172 71

88 249 263 342 θαυμάσια
281 255 452 339 διασαφεῖ,
466 251 574 338 λέγων
592 251 667 338 ἑξῆς
680 243 840 338 “ποιη’σει
858 249 1054 336 κόριοςΣα-

88 351 186 442 βαῶθ
203 359 284 422 πᾶσι
301 368 370 432 τοῖς
385 357 509 422 ἔθνεσι.
535 357 667 420 πίονται
686 348 1055 441 εόφροσάνην,πίονται

88 455 193 544 οἶνον,
219 461 389 544 χρίσονται
403 450 520 543 μόρον.
563 449 713 541 παράδος
732 455 836 522 ταῦτα
856 452 965 523 πάντα
986 471 1054 535 τοῖς

89 565 240 628 ἔθνεσιν·
260 553 359 645 ἡγάρ
373 552 479 644 βουλὴ
497 551 582 644 αὕτη
601 556 656 624 ἐπὶ
673 552 782 624 πάντα
800 552 840 623 τά
860 560 955 643 ἔθνη.

61 751 75 793 5
164 713 213 778 32.
249 704 484 779 Τοιαῦτάτινα
502 697 619 796 ἦνκαὶ
641 704 681 775 τδι
699 704 840 777 Ἡσαΐου
866 704 1051 796 θαυμάσια,

88 806 230 891 εὐωδίας
254 807 385 898 άγαθῆς
416 811 472 879 καὶ
494 806 605 899 μόρον
637 824 748 898 χρῖσεν
777 805 816 879 οό
841 813 886 902 τῶ
913 803 1053 898 Ἰσραὴλ,

87 910 171 982 ἀλλὰ
188 914 269 981 πάσι
287 929 355 993 τοῖς
381 917 519 981 ἔθνεσιν
543 907 829 999 ἐπαγγελλόμενα
855 909 939 980 ὅθεν
967 908 1083 980 sind-d

86 1043 150 1096 τως
168 1011 259 1100 παρά
276 1010 337 1102 τὴν
353 1016 413 1083 τοῦ
430 1010 541 1101 μυ’ρον
559 1030 671 1102 χρῖσιν
688 1014 745 1081 καὶ
763 1016 821 1101 τῆς
840 1014 1054 1101 Χριστιανῶν

86 1113 282 1204 ἠξιώθησαν
299 1121 533 1204 προσηγορίας.
572 1111 657 1184 άλλδι
684 1116 739 1183 καί
758 1124 853 1184 οῖ’νον
870 1133 939 1194 τοῖς
958 1123 1055 1184 ἔθνε-

49 1259 74 1298 10
88 1241 143 1286 σιν
167 1214 383 1306 εὐφροσύνην
406 1223 571 1303 θεσπίζει,
595 1214 632 1285 τό
656 1217 713 1302 τῆς
740 1218 856 1303 καινῆς
883 1220 943 1284 τοῦ
970 1226 1056 1302 Χρι-

87 1322 168 1389 στοῦ
183 1315 348 1405 διαθήκης
366 1314 550 1406 μυστήριον
575 1315 814 1404 αἰνιττόμενος,
833 1311 957 1403 δπαρά
976 1321 1056 1386 πάσι

85 1435 154 1502 τοῖς
173 1425 312 1489 ἔθνεσιν
326 1423 473 1507 ἐναργῶς
492 1415 574 1487 κατά
591 1416 650 1488 τὸν
662 1416 813 1507 παρόντα
831 1417 950 1505 καιρόν
969 1422 1056 1487 ἐκτε-

85 1530 201 1590 λεῖται.
221 1525 271 1589 33.
279 1517 403 1600 ταύτας
417 1520 455 1588 δὲ
472 1517 638 1600 πάλιντάς
656 1517 853 1608 ἀσωμάτους
868 1522 923 1589 καὶ
938 1518 1056 1609 νοεράς

85 1629 209 1703 θυσίας
227 1620 267 1690 τά
285 1619 474 1711 προφητικά
487 1618 641 1710 κηρύττει
660 1619 774 1709 λόγια,
804 1611 876 1690 ῶδέ
896 1649 942 1710 πη
961 1649 1056 1709 περι-

47 1764 73 1805 15
88 1718 356 1814 ἔχοντα”θῦσον
373 1726 418 1816 τῶ
444 1725 516 1816 θεῶ
537 1731 666 1793 θυσίαν
684 1727 860 1811 αίνέσεως,
888 1726 944 1792 καὶ
975 1718 1056 1791 άπό-

86 1833 142 1908 δος
161 1829 209 1920 τῷ
224 1825 354 1918 ὑψίστῳ
371 1824 429 1906 τάς
449 1821 547 1914 εὐχάς
565 1847 638 1910 σου,
657 1826 714 1894 καί
734 1821 931 1894 ίπικάλεσαί
952 1852 994 1912 με
1020 1829 1056 1893 ἐν

84 1926 190 2020 ἡμέρη
208 1935 370 2011 θλίψεως,
389 1929 445 1995 καὶ
464 1930 638 2016 ἐξελοῦμαί
663 1949 712 2013 σε,
732 1929 788 1995 καὶ
807 1924 957 2009 δοξάσεις
983 1921 1053 2013 με.”

85 2034 136 2098 34.
152 2032 208 2098 καὶ
226 2029 328 2098 πάλιν
340 2026 503 2117 “ἔπαρστς
520 2032 588 2097 τῶν
605 2032 727 2118 χειρῶν
744 2057 809 2115 μου
829 2034 936 2097 θυσία
959 2030 1055 2097 ἑσπε-

86 2126 192 2220 ρινή,”
236 2132 292 2198 καὶ
315 2120 415 2212 αὖθις
440 2124 459 2152 “
470 2136 576 2199 θυσία
600 2133 646 2222 τῷ
670 2133 741 2220 θεῶ
768 2134 901 2219 πνεῦμα
935 2151 1057 2198 σνντε-

47 2271 73 2311 20
86 2226 294 2322 τριμμίνον.”

161 2387 212 2452 35.
233 2378 351 2452 Πάντα
365 2378 407 2469 δὴ
425 2371 488 2451 οὖν
498 2387 601 2450 ταῦτα
621 2385 653 2464 ἐξ
667 2386 788 2461 αίῶνος
803 2384 1052 2468 τεθεσπισμίυα

87 2482 142 2554 διά
164 2489 222 2572 τῆς
247 2479 464 2570 εόαγγελικῆς
495 2485 555 2553 τοῦ
584 2488 733 2570 σωτῆρος
763 2477 861 2571 ἡμῶν
892 2488 1054 2552 διδασκα-

85 2595 157 2669 λίας
181 2584 264 2656 κατά
287 2585 346 2655 τὸν
367 2583 516 2674 παρόντα
539 2584 657 2674 καιρὸν
686 2581 769 2672 πρός
793 2582 952 2654 ἁπάντων
984 2588 1053 2654 τῶν
1069 2616 1114 2667 (το)

87 2692 199 2759 ἐθνῶν
218 2691 407 2774 ἐντελεῖται,
428 2685 590 2776 ἀληθείας
610 2684 899 2777 ἐπιμαρτυροάσης
918 2693 958 2777 τῇ
977 2714 1057 2775 προ-

46 2793 210 2878 οςφητιπῇ
228 2794 342 2880 φωνῇ,
367 2786 415 2858 δι’
445 2779 501 2878 ἧς,
527 2786 585 2871 τάς
612 2789 694 2859 κατὰ
726 2790 855 2860 Μωσέα
886 2796 1010 2870 θυσίας
1040 2787 1058 2857 ὁ

86 2890 166 2972 θεὸς
194 2890 491 2981 παραιτησάμενος,
509 2890 545 2960 τὸ
564 2893 686 2979 μέλλον
705 2897 843 2961 ἔσεσθαι
866 2889 947 2962 καθ’
971 2889 1056 2978 ἡμᾶς

87 2989 209 3070 αότοδς
236 3001 386 3076 θεσπίζει
414 2987 627 3080 λέγων’“διό
646 2989 711 3061 άπὸ
746 2989 921 3062 άνατολῶν
956 2987 1058 3081 ἡλίου

86 3097 142 3165 καὶ
160 3098 256 3185 μέχρι
274 3100 413 3183 δυσμῶν
430 3091 466 3163 τό
485 3090 590 3183 όνομά
614 3122 678 3182 μου
704 3093 900 3177 δεδόξασται
930 3097 966 3162 ἐν
989 3108 1058 3173 τοῖς

159 3364 173 3411 1
192 3361 237 3411 Es.
257 3363 297 3420 25,
318 3362 342 3410 6.
480 3360 512 3408 16
531 3361 577 3412 Ρε,
597 3362 637 3418 50,
660 3361 699 3407 14.
843 3361 875 3410 λθ
895 3360 948 3408 vs.
965 3359 1034 3414 m„
1047 3358 1084 3403 ⁴2.

89 3432 123 3479 20
142 3430 186 3478 Ps.
206 3430 247 3492 51,
269 3431 309 3481 17.
414 3429 446 3477 28
466 3426 532 3476 Mal.
553 3430 577 3492 1,
599 3430 638 3480 11.
