2326 3818
900 7 965 95 l

124 93 163 153 14
530 94 679 144 τοῦτον
1057 91 1085 137 s

67 257 107 306 ιιι)
123 241 296 319 λαιστίνην
318 237 469 302 οἰκοῦσιν
501 228 703 320 ἐφῆρμοζεν,
730 220 799 300 ιᾶδέ
819 252 871 301 σοι
897 221 1110 361 &va

122 333 211 424 μένῳ
236 332 386 421 φανερόν
414 341 512 403 ἐσται.
555 339 642 419 φησί
667 359 733 402 που
760 335 912 421 Μωυσῆς
943 343 1085 420 νομοθε-
1113 368 1122 383 ·-

122 435 190 502 των
210 427 309 521 “τρές
334 437 395 504 τοῦ
420 438 574 505 ἐνιαυτοῦ
598 431 784 521 ὀφθήσεται
815 438 883 504 πᾶν
908 428 1088 522 ἀρσενικόν

122 556 184 603 σου
204 533 348 605 ἐνώπιον
366 543 485 625 κυρίου
503 539 563 605 τοῦ
580 537 665 606 θεοῦ
680 532 770 604 σου.”
792 541 846 605 καί
866 543 912 605 ἔτι
927 538 1085 623 σαφέστε-

122 664 182 725 ρον
205 634 290 707 ὅπου
310 641 408 727 ἐχρῆν
422 633 574 707 ἀπαντᾶν
591 634 667 718 τοῦς
686 633 811 716 πάντας
825 639 896 722 τρίς
913 639 974 706 τοῦ
992 644 1085 718 ἔτους
1112 663 1129 703 ε

122 735 272 829 ἀφορίζει
306 741 413 824 λέγων
442 733 552 826 “τρεῖς
585 736 720 828 καιροὺς
749 741 809 806 τοῦ
841 740 995 807 ἐνιαυτοῦ
1023 736 1086 826 ὀφ-

122 839 262 929 θῆσεται
295 843 363 908 πᾶν
387 836 565 928 ἀρσενικόν
599 862 661 910 σου
693 843 845 909 ἐναντίον
875 847 994 927 κυρίου
1028 843 1087 908 τοῦ

122 944 207 1009 θεοῦ
225 962 287 1008 σου
307 942 343 1008 έν
361 946 407 1032 τῷ
426 937 515 1032 τόπῳ
535 931 561 1034 ᾦ
580 936 624 1011 ᾶν
643 941 813 1028 ἐκλέξηται
831 934 982 1029 κῦριος.”

197 1046 228 1109 2:
245 1049 390 1127 Θεωρεῖς
409 1039 452 1121 ὡς
466 1039 527 1111 οῦκ
542 1046 578 1112 ἐν
590 1039 680 1131 πάση
699 1039 805 1129 πόλει,
824 1038 898 1113 οὐδ’
914 1038 1000 1111 ὅπου
1010 1048 1086 1110 ἐτυ-

121 1170 190 1231 χεν,
209 1140 360 1212 ἀπαντᾶν
379 1141 592 1232 προστάττει,
611 1141 684 1213 ἀλλ’
708 1147 743 1213 ἐν
762 1139 851 1235 τόπῳ
871 1133 897 1236 ᾦ
917 1140 974 1212 ἐᾶν
994 1145 1084 1212 ἐκλέ-
1100 1173 1126 1211 ιο

121 1248 213 1331 ξηται
232 1240 374 1333 κῦριοςδ
393 1243 473 1327 θεός
491 1265 572 1315 σου·
615 1252 700 1316 ἔνθα
725 1246 835 1334 τρισὶν
861 1243 1001 1315 ἑκάστου
1021 1247 1085 1314 ἐνι-

121 1349 226 1416 αυτοῦ
244 1365 371 1471 καιρρῖς
401 1349 455 1418 ἐπὶ
484 1345 584 1418 ταυτό
616 1351 769 1418 συνιέναι
799 1358 996 1434 νομοθετεῖ,
1029 1347 1085 1414 καλ

120 1445 195 1529 τοῦς
221 1447 356 1538 καιροῦς
375 1447 542 1539 ἀφορίζει,
567 1446 648 1520 καθ’
668 1444 727 1532 οῦς
745 1443 897 1518 ἀπαντᾶν
923 1452 1085 1539 ἐχρῆυν
1049 1450 1085 1516 ἐν

119 1557 164 1642 τῷ
196 1549 302 1644 τόπῳ,
336 1541 431 1620 ἐν
403 1580 428 1643 ῳ
454 1550 493 1621 τᾶ
517 1556 574 1671 τῆς
599 1548 672 1620 κατ’
700 1546 801 1621 αῦτδν
829 1557 981 1635 λατρείας
1008 1553 1084 1618 ἐπε·

119 1654 293 1738 τελεῖτο,“’
274 1679 332 1720 ενα
350 1652 419 1740 μέν
429 1656 487 1721 τοῦ
507 1651 627 1741 πάσχα,
647 1648 878 1739 δεύτεροντδν
895 1649 976 1738 μετὰ
1002 1677 1083 1719 πεν-
1099 1678 1124 1717 15

120 1749 262 1839 τήκοντα
280 1749 403 1843 ἡμέρας
428 1755 481 1822 ἐπὶ
506 1757 563 1843 τῆς
587 1748 828 1842 ὀνομαζομένης
852 1754 1084 1841 Πεντηκοστῆς

119 1856 250 1944 ἑορτῆς,
269 1857 324 1923 καί
343 1861 455 1943 τρίτον
473 1860 518 1947 τῷ
539 1852 671 1948 ἑβδόμῳ
696 1855 777 1943 μηνί
796 1851 877 1942 μετά
909 1849 945 1922 τό
974 1851 1084 1941 πάσχα

119 1955 202 2024 κατά
225 1952 287 2042 τῆν
303 1960 362 2025 τοῦ
392 1962 533 2045 ίλασμοᾶ
557 1951 696 2044 ῆμέραν,
721 1950 801 2025 καθ’
827 1951 870 2043 ῆν
894 1956 995 2024 είσέτι
1019 1957 1085 2040 νῦν

115 2053 270 2127 Ἰουδαῖοι
282 2054 403 2138 πάντες
420 2055 483 2144 τῆν
500 2065 657 2145 νηστείαν
676 2061 901 2127 ἐπιτελοῦσιν·
923 2058 1085 2147 ἐπαρᾶταί

118 2187 153 2228 τε
174 2175 242 2239 τοῖς
259 2155 304 2246 μῆ
322 2161 499 2247 ἐμμένουσι
523 2175 591 2239 τοῖς
616 2162 924 2248 νομοθετουμένοις.
956 2163 985 2228 3.
1003 2154 1082 2227 οὐκ·
1096 2187 1123 2226 ιο

117 2263 181 2330 οῦν
213 2258 290 2340 τοῦς
328 2263 509 2351 μέλλοντας
549 2258 698 2342 ᾶπαντας
730 2255 884 2330 ἀπαντᾶν
918 2262 1003 2350 τρὶς.
1023 2265 1083 2328 τοῦ

119 2369 212 2443 ἔτους
237 2368 283 2444 είς
309 2361 349 2432 τά
374 2361 587 2454 Ἱεροσόλυμα
617 2364 672 2433 καλ
703 2360 743 2432 τᾶ
775 2358 897 2450 νόμιμα
932 2364 1084 2450 πληροῦν

117 2460 157 2534 οῦ
181 2462 294 2551 πόρρω
319 2493 385 2534 που
408 2470 466 2551 τῆς
493 2463 656 2543 Ἰουδαίας
690 2466 790 2552 ἐχρῆν
821 2462 931 2549 δήπου
962 2470 1081 2533 οἰκεῖν·

118 2560 192 2633 ἀλλ’
223 2566 308 2633 σίν
325 2566 409 2652 αμφὶ
429 2563 505 2644 τοῦς
524 2563 679 2653 ὅρουςε
665 2569 695 2633 εί
722 2564 760 2632 δὲ
793 2561 833 2649 δῆ
861 2580 929 2644 τοῖς
954 2592 1081 2654 πορρω-

117 2663 203 2735 τάτω
211 2669 280 2752 τῆς
306 2673 534 2788 Πριλαιστίνης
558 2667 709 2735 οίκοῦσιν
734 2663 907 2745 Ἰουδαίοις
931 2661 1101 2734 ἀδύνατα
1095 2695 1121 2736 ετ

59 2799 102 2852 ιω)
120 2757 160 2855 ῆν
185 2774 294 2836 τελεῖν
320 2765 374 2835 τά
392 2768 700 2855 νενομοθετημένα,
729 2771 854 2836 πολλοῦ
887 2764 991 2852 φάναι
1012 2783 1081 2848 τοῖς
1111 2809 1114 2813 ·

117 2871 220 2938 πᾶσιν
232 2874 347 2938 ἔθνεσι
365 2870 501 2949 καὶτοῖς
520 2872 557 2939 ἐν
569 2885 641 2949 ταῖς
656 2871 872 2956 ἐσχατιαῖς
834 2897 890 2956 της
904 2872 963 2957 γῆς
979 2873 1078 2958 ἐφαρ-

116 2969 236 3059 μόζειν.
267 2974 297 3038 4.
319 2968 506 3041 ἐπάκουσον
526 2970 563 3039 δὲ
580 2977 656 3040 τίνα
674 2969 798 3059 τρόπον
816 2968 833 3040 ὁ
854 2966 953 3050 αὐτὸς
979 2966 1081 3039 πάλιν

115 3074 298 3162 νομοθέτης
317 3070 378 3159 τῆν
398 3067 462 3140 ἀπό
488 3073 603 3160 λέχους
627 3087 771 3160 γυναῖκα
804 3069 957 3141 ἀπαντᾶν
981 3090 1080 3157 προσ-

183 3344 197 3390 3
210 3340 296 3390 Exod.
310 3342 351 3400 23,
367 3343 406 3392 17.
511 3341 525 3388 6
538 3337 625 3390 Exod.
638 3340 679 3400 34,
693 3341 734 3390 23.
769 3337 852 3388 Deut.
868 3335 907 3394 16,
923 3335 961 3387 16.

115 3411 148 3459 νο
166 3410 250 3458 Dent.
264 3410 305 3470 ει,
319 3409 361 3458 ετ.
