2326 3818
108 114 169 179 176
530 112 679 166 EUSEBH

106 257 181 336 θεὶς
206 253 389 345 ἀναιρεῖται
415 255 606 343 Στέφανος,
632 255 685 324 ἐπὶ
711 260 770 326 τοῦ
791 249 963 325 Ἰουδαίων
992 252 1079 343 πλή-

107 369 191 437 θους
223 350 552 448 παρρησιασάμενος,
578 357 634 425 καὶ
661 353 804 446 διωγμὸς
837 351 897 445 ούχ
923 352 941 425 ὁ
964 356 1078 447 τυχών

81 462 323 529 ιέτιανίσταται
346 476 414 540 τοῖς
443 454 670 546 πρεσβεύουσι
692 456 729 527 τό
752 462 813 528 τοῦ
832 455 940 546 Ἰησοῦ
960 455 1076 548 ὄνομα.

108 565 157 631 63.
177 562 232 631 καὶ
250 557 351 632 πάλιν
368 558 485 631 άλλοτε
498 555 685 648 Ἡράδηςὸ
709 562 776 629 τῦν
789 556 962 631 Ἰουδαίων
981 567 1080 646 βασι·

108 660 184 745 λεύς
202 658 336 733 άνεῑλεν
352 660 412 733 τὸν
424 658 583 747 Ἰάκωβον
599 660 658 731 τὸν
675 657 825 749 ιἰδελφδν
838 657 996 733 Ἰωάννου
1013 688 1104 751 μα-ι

108 772 225 856 χαίρηι,
251 762 310 834 τόν
333 790 369 832 τε
391 765 524 853 Πέτρον
547 759 683 844 ὁ-αύτός
708 768 843 851 δεσμοῖς
865 765 1079 852 περιέβαλεν,

108 865 152 947 ως
172 869 208 934 έν
225 881 298 944 ταῖς
315 861 464 953 Πράξεσι
481 866 549 933 των
564 858 770 935 Ἀποστύλωυ
795 866 986 953 γέγραπται.
1023 868 1080 936 καί

107 965 237 1038 τούτων
255 968 359 1034 ταῦτα
377 963 617 1054 πεπονθότων,
637 969 672 1035 οί
686 968 796 1036 λοιποὶ
813 969 962 1054 μαθηταὶ
979 962 1080 1056 άπρὶξ

110 1066 259 1157 ἐχόμενοι
277 1071 336 1136 τοῦ
352 1063 459 1155 Ἰησοῦ
472 1068 662 1155 παρέμενον
676 1074 724 1137 ἔτι
742 1069 869 1155 μάλλον
887 1074 935 1148 είς
952 1066 1080 1149 πάντας

109 1165 212 1239 αὐτόν
228 1195 265 1237 τε
282 1171 338 1238 καὶ
355 1167 413 1250 τάς
426 1173 706 1260 παραδοξοποιίας
720 1164 824 1239 αὐτοῦ
837 1171 1081 1257 καταγγέλλον·
1091 1198 1116 1239 ιο

109 1299 172 1352 τες.
209 1274 261 1341 64.
282 1273 336 1341 ἐπὶ
353 1269 483 1351 τούτοις
497 1268 651 1359 Ἰάκωβος
668 1269 687 1341 δ
705 1269 851 1360 ἀδελφὸς
869 1277 929 1341 τοῦ
945 1279 1080 1361 κυρίου,

109 1367 150 1444 δν
168 1378 202 1443 οί
213 1370 315 1443 πάλαι
328 1370 368 1443 τά
382 1370 594 1462 Ἱεροσόλυμα
608 1374 777 1454 οἰκοῦντες
792 1370 934 1442 ἐκάλουν
948 1379 1082 1445 δίκαιον

110 1584 177 1648 των
194 1575 378 1666 ἀρχιερέων
395 1578 451 1647 καί
471 1574 683 1647 διδασκάλων
697 1580 756 1646 τοῦ
770 1571 943 1646 Ἰουδαίων
957 1582 1081 1658 ἔθνους

110 1685 185 1748 τίνα
204 1679 280 1767 περὶ
298 1682 357 1747 τοῦ
375 1680 523 1767 Χριστοῦ
549 1685 617 1766 ε”χοι
641 1675 758 1765 δόξαν,
784 1673 923 1748 κάπειτα
940 1676 1083 1767 άποιιρι-
1095 1704 1120 1745 ιε

110 1777 252 1868 υάμενος
274 1774 325 1849 ὅτι
351 1775 423 1860 υίὸς
447 1781 532 1850 θεοῦ
557 1788 626 1866 είη,
649 1786 759 1859 λίθοις
790 1780 845 1848 καί
875 1776 974 1860 αύτός
998 1779 1084 1871 πρὸς

112 1876 223 1952 αύτοῦν
240 1879 407 1968 βάλλεται.
443 1883 494 1949 65.
514 1882 571 1949 καὶ
587 1882 715 1971 Πέτρος
734 1881 770 1951 δὲ
789 1882 844 1951 ε’πί
856 1877 980 1970 Ῥώμης
998 1881 1084 1953 κατὰ

111 1985 258 2070 κεφαλῆς
276 1985 497 2071 σταυροῦται,
516 1980 651 2063 Παῦλός
667 2009 704 2053 τε
722 1979 956 2070 ἀποτέμνεται,
972 1978 1084 2055 Ἰωάν-

112 2111 172 2170 νης
189 2109 224 2152 τε
242 2081 335 2174 νήσω
353 2087 586 2171 παραδίδοται.
616 2080 814 2154 καὶτούτων
831 2086 936 2154 ταῦτα
953 2081 1085 2159 παθόν·

112 2211 181 2254 των
202 2179 314 2265 ούδείς
337 2187 406 2255 τιῦν
429 2188 554 2255 λοιπῦυ
579 2187 692 2274 ἐξέστη
717 2187 774 2275 τῆς
798 2187 1008 2274 προθέσεως,
1032 2183 1082 2258 δι’
1096 2214 1121 2255 τι

86 2318 100 2357 ι
115 2281 213 2374 εῦχῆς
231 2286 268 2357 δὲ
285 2288 455 2374 τιθέμενοι
473 2289 529 2360 καί
542 2283 637 2356 αὐτοὶ
656 2290 724 2357 τῦυ
738 2298 821 2357 ίσων
838 2302 908 2367 τοῖς
924 2314 1086 2378 προειρη-

60 2391 226 2478 [κειμένοις
244 2393 302 2476 τῆς
320 2395 368 2470 είς
386 2386 423 2459 τὸ
440 2399 538 2459 θεῖον
563 2386 739 2476 εύσεβείας
763 2391 860 2459 ἕνεκα
878 2404 1009 2478 τυχεῖν,
1029 2393 1086 2461 έπλ

112 2494 239 2581 μάλλον
262 2495 308 2584 τῷ
324 2486 433 2579 Ἰησοῦ
458 2492 514 2560 καί
538 2505 608 2570 τοῖς
633 2487 832 2579 παραδόξοις
851 2498 960 2581 ἔργοις
978 2486 1085 2563 αύτοῦ

112 2592 194 2680 μετά
224 2599 412 2681 παρρησίας
439 2589 656 2680 ἐμαρτύρουν.
711 2597 761 2662 66.
789 2594 845 2662 καί
871 2590 958 2682 μὴν,
987 2602 1085 2683 εἴπερ

114 2693 287 2782 ψεύσματα
294 2683 337 2780 ἦν
351 2690 435 2762 κατά
444 2689 623 2780 συνθήκην
637 2688 751 2774 αὐτοῖς
760 2696 987 2783 πεπλασμένα,
996 2705 1085 2767 θαυ-
1096 2721 1121 2763 ει

112 2791 227 2881 μάζειν
249 2789 342 2876 άξιον
365 2790 455 2874 ὅπως
479 2796 617 2865 τοσοῦτο
640 2799 771 2883 πλῆθος
793 2793 857 2883 την
881 2803 1085 2884 συμφωνίαν

114 2897 169 2963 ἐπὶ
195 2913 263 2976 τοϊς
290 2890 459 2983 πλάσμασι
485 2897 540 2965 καί
566 2897 662 2988 μέχρι
688 2895 840 2969 θανάτου
869 2895 1084 2987 διεφύλαξεν,

114 2991 227 3076 οῦδείς
244 3023 280 3064 τε
304 2995 416 3067 αὐτῶν
440 2995 573 3068 πώποτε
597 2998 637 3069 τά
655 2997 830 3087 συμβάντα
847 3016 916 3080 τοῖς
934 3026 1087 3091 προσνη-

114 3101 271 3188 ρημένοις
294 3100 413 3184 τρέσας
437 3101 549 3189 ἐξέστη
573 3104 631 3189 τῆς
650 3102 813 3190 ἑταιρίας,
837 3096 916 3172 οὐδ’
943 3099 1087 3193 ἀντεκή-

114 3205 192 3287 ρυξε
215 3214 285 3282 τοῖς
308 3197 421 3282 άλλοις
445 3206 492 3282 είς
515 3206 587 3289 φῶς
611 3198 747 3290 άγαγάν
769 3200 810 3273 τά
828 3204 1085 3293 συντεθειμένα,
1100 3230 1121 3273 ει

114 3299 197 3370 άλλδι
222 3305 277 3371 καὶ
301 3297 318 3372 ὁ
343 3305 448 3388 ζῶντα
466 3307 652 3393 προδοῦναι
674 3303 839 3395 τολμήσας
862 3295 966 3375 αύτδν
984 3299 1085 3375 αῦτο-

115 3412 222 3495 χειρία
247 3400 329 3474 καθ’
356 3407 478 3475 ἑαυτοῦ
502 3407 701 3495 παραχρῆμα
729 3406 791 3496 τήν
819 3413 917 3496 δίκην
942 3404 1085 3477 ἐπεσπά-
