2326 3818
154 130 219 195 474
561 130 710 184 τουτου
743 97 752 107 ’

156 261 206 342 οἷν
228 278 356 359 εἴρηται
373 265 506 359 “Aspona
528 266 641 360 κύριος
664 270 711 363 τῷ
727 271 842 357 Δαβὶδ
860 266 1042 357 ἀλήθειαν,
1063 273 1122 341 καὶ

157 369 198 442 οὑ
223 369 269 460 μή
292 367 442 462 άθετήση
466 366 584 442 αὑτόν·
622 374 657 440 ἐκ
680 373 811 460 καρποῦ
832 377 890 459 τής
913 377 1040 452 κοιλίας
1058 394 1124 444 σου

157 471 304 561 θήσομαι
323 474 376 543 ἐπὶ
394 471 452 542 τὸν
469 469 598 561 θρόνον
614 467 709 542 σου.”

232 579 261 643 6.
281 577 445 662 Σολομῶν
457 589 534 652 παῖς
548 573 610 662 μὲν
624 568 672 641 (δν
682 573 863 661 τοὺΔαβίδ
876 573 931 641 καί
949 576 1007 660 τῆς
1021 580 1123 659 βασι-

155 680 246 755 λείας
260 671 413 762 διάδοχος
431 675 582 762 πέφηνεν
594 668 874 762 ὁμολογουμένως.
900 663 995 754 οὗτος
1010 673 1048 743 δέ
1065 677 1122 744 καί
1137 704 1150 745 ε

125 774 213 847 ετδν
238 780 275 846 ἐν
287 772 526 865 Ἱεροσολύμοις
552 772 638 845 νεοδν
654 778 701 867 τῷ
719 777 789 866 θεῷ
807 777 936 864 πρῶτος
956 777 1122 865 ἐδείματο,
1149 802 1156 815 “

154 879 211 948 καί
228 879 347 946 τοῦτον
365 871 451 955 είκός
467 872 705 963 ὑπολήψεσθαι
721 872 798 957 τούς
818 879 854 944 ἐκ
867 877 1045 964 περιτομῆς
1063 877 1125 946 τὸν

155 974 450 1066 προφητευόμενον
473 974 575 1047 εἶναι
608 971 668 1056 οὑς
693 979 865 1064 ἐπιστήσαι
888 973 991 1046 καλὸν
1010 983 1041 1046 εί
1057 972 1128 1047 οἶοί

155 1104 191 1147 τε
209 1076 277 1148 εἷεν
295 1078 349 1147 ἐπὶ
360 1074 692 1166 Σολομωναάνάγειν
709 1075 769 1148 τὸν
784 1075 934 1200 χρησμὸν
950 1074 1123 1164 φάσκοντα

151 1176 231 1247 “nal
253 1175 439 1300 ἀνορθώσω
463 1177 522 1249 τὸν
544 1177 673 1301 θρόνρν
696 1173 800 1248 αὐτοῦ
822 1185 871 1259 είς
893 1175 951 1247 τδν
978 1175 1120 1266 αίώνα,”
1136 1207 1161 1247 ιο

155 1281 211 1348 καί
225 1269 326 1360 αὖθις
340 1275 419 1369 μεθ’
434 1277 536 1408 ὅρκον
551 1277 731 1360 διατάσεως
744 1274 999 1367 ὀμωμοκέναι
965 1306 1025 1349 τον
1038 1278 1122 1350 θεὸν

155 1384 193 1451 έν
209 1409 255 1475 τμ
244 1378 357 1475 διγίμ
368 1375 494 1452 αὐτοῦ’
495 1375 554 1462 άς
567 1377 632 1470 άρα
645 1378 763 1451 ἔσται“
749 1408 767 1449 ο
780 1377 904 1470 θρόνος
918 1382 977 1450 τοὺ
989 1406 1124 1469 προφη-

154 1484 352 1572 τενομένου,
372 1477 416 1563 άς
434 1477 451 1551 ὁ
470 1477 579 1570 ήλιος,
598 1484 709 1551 καλαί
725 1475 842 1569 ἡμέραι
859 1509 919 1551 του
938 1477 1120 1570 οὐρανοῦ.”

156 1589 183 1654 7.
204 1591 236 1653 εί
250 1580 314 1673 γάρ
333 1580 375 1671 δή
392 1610 441 1663 τις
458 1575 536 1664 τούς
554 1581 695 1674 χρόνους
707 1580 868 1666 ἐξετάσειε
881 1585 939 1669 τής
952 1586 1122 1663 τοῦΣολυ-

127 1688 264 1773 ομῶνος
291 1691 478 1771 βασιλείας,
515 1683 760 1775 τεσσαράκοντα
791 1688 864 1771 ἔτη,
899 1679 939 1751 οὐ
970 1690 1121 1770 πλείονα,
1135 1708 1160 1749 15

155 1782 303 1874 εὑρήσει·
339 1791 370 1854 εί
400 1784 438 1855 δέ
468 1788 524 1853 καί
553 1790 621 1854 τῶν
646 1781 813 1871 διαδόχων
843 1778 948 1853 αὐτου
972 1782 1121 1870 συνάξει,

154 1881 230 1956 οὐδ’
247 1881 301 1973 ἐφ’
316 1882 405 1965 ὅλοις
419 1891 647 1965 πεντακοσίοις
662 1890 769 1955 έτεσιν
788 1880 879 1973 εὕροι
893 1879 935 1954 άν
949 1882 1025 1964 τούς
1038 1880 1122 1954 πάν-

154 2014 211 2066 τας
236 1988 500 2073 διαγενομένους.
546 1991 575 2054 8.
600 1981 685 2055 άλλά
709 1991 791 2054 ἔστω
817 1984 893 2065 τοὺς
916 1981 1038 2066 αὐτούς
1064 1987 1122 2054 καὶ

154 2088 249 2175 μέχρι
281 2089 338 2172 τής
366 2083 510 2173 ὑστάτης
543 2080 608 2156 ὑπδ
635 2085 805 2174 Ῥωμαίων
840 2093 1032 2176 πολιορκίας
1061 2089 1124 2156 τοῦ

151 2181 323 2257 Ἰουδαίων
340 2193 463 2268 ἔθνους
482 2190 656 2279 διαρκέσαι
674 2194 883 2276 νομίζεσθαι·
913 2193 949 2257 τί
963 2177 1025 2256 οὖν
1042 2190 1123 2257 τοῦ·
1140 2223 1158 2250 ἰ

153 2316 190 2357 το
209 2286 290 2378 πρὸς
308 2287 370 2376 τήν
387 2296 596 2378 προφητείαν
609 2284 680 2370 “ets
696 2287 755 2358 τὸν
773 2293 897 2375 αίῶνα,
921 2289 977 2357 καί
999 2285 1043 2369 ὡς
1062 2285 1123 2358 τὸν

153 2386 260 2478 ήλιον,
278 2391 335 2459 καί
354 2384 398 2471 οἷς
415 2387 473 2471 τάς
491 2385 614 2480 ἡμέρας
631 2394 691 2461 τοῦ
708 2385 854 2479 οὐρανοῦ
875 2396 1046 2478 διαμενεῖν
1063 2386 1124 2459 τὸν

153 2487 281 2581 θρόνον
303 2486 430 2562 advoc?
454 2474 698 2577 θεσπίζουσαν;
729 2489 765 2561 τὸ
798 2491 834 2560 δὲ
855 2485 933 2559 “nal
965 2487 1028 2578 έγώ
1048 2496 1124 2561 ἔσο-

153 2620 212 2679 μαι
222 2591 312 2684 αὐτῷ
326 2599 373 2672 είς
387 2594 512 2681 πατέρα
526 2594 582 2662 καί
597 2590 697 2673 αὐτὸς
707 2599 801 2663 ἔσται
813 2618 868 2681 μοι
881 2597 927 2672 είς
943 2586 1041 2660 υίόυ”
1051 2595 1123 2672 πῶς

153 2686 195 2761 άν
218 2695 265 2783 τῷ
289 2699 465 2780 Σολομῶνι
488 2686 680 2782 άρμόσειεν,
704 2691 759 2763 ὅτε
783 2688 1009 2782 διαρρήδην
991 2717 1012 2777 η
1037 2689 1149 2759 κατάε

130 2855 132 2859 ,
154 2789 258 2859 αὐτὸν
276 2795 385 2881 ίστορί
383 2820 405 2861 α
417 2788 573 2918 άλλότρια
586 2797 641 2864 καί
656 2790 927 2887 ἀπῳκισμένα
888 2819 946 2881 της
963 2817 1022 2861 τον
1007 2793 1122 2862 θεοῦ

155 2889 371 2979 εἰσποιήσεως
394 2897 471 2986 περὶ
495 2893 601 2966 αὐτοῦ
625 2892 794 2980 διδάσκεις
825 2890 895 2964 9.”
874 2919 976 2964 ακουε
1001 2888 1033 2964 δ’
1059 2884 1122 2961 οὖν

153 2998 229 3062 οἵαν
246 3001 468 3166 κατηγορίανὶ
467 2994 571 3066 αὐτου
560 2998 776 3084 καταλέγει·
801 2993 882 3064 “nal
898 2996 1061 3083 Σολομων
1078 2983 1122 3080 ἦν

153 3091 388 3184 φιλογυναιος,
412 3099 468 3166 καί
491 3104 590 3185 ἔλαβε
606 3113 768 3186 γυναῖκας
792 3094 967 3186 αλλοτρίας
985 3091 1121 3181 πολλάς,

153 3198 209 3264 καὶ
220 3194 282 3284 τήν
293 3198 465 3288 θυγατέρα
476 3195 611 3288 Φαραω,
626 3202 858 3286 Μωαβίτιδας,
874 3191 1120 3285 Ἀμμανίτιδας,
1134 3220 1160 3262 ιο

155 3343 356 3356 --.--.

222 3428 236 3475 1
255 3427 300 3480 Ρε.
316 3431 426 3488 131,11.
530 3430 562 3480 28
580 3432 604 3483 3.
618 3428 687 3494 Reg.
701 3431 742 3495 11,
756 3431 779 3483 1.
