2326 3818
151 117 214 181 262
563 113 713 165 εοεεοιι

149 255 194 347 μή
214 253 314 325 πάλαι
332 259 428 325 τοῦτο
447 251 583 340 εἰδότες,
603 260 635 323 εί
650 250 694 342 μή
709 249 763 323 ὅτε
781 250 993 342 πρότεροντὸ
1012 254 1128 347 σωτή-

151 388 224 448 ριον
242 354 345 427 αῦτοῦ
358 355 551 445 συνήκαμεν
564 361 622 442 τῆς
635 353 847 436 ἀναστάσεως
862 352 966 425 αύτοῦ
979 355 1044 444 τήν
1065 357 1127 429 δύ-

150 489 251 550 ναμιν
269 456 542 545 κατανοήσαντες.

528 663 672 747 Ψαλμοῦ
689 657 748 742 κζ’.

202 769 322 840 Χριστὸς
335 768 471 837 ὀνομαστὶ
484 764 584 836 κύριον
596 767 773 891 τὸνέπατέρα
785 768 835 823 καὶ
848 763 1069 840 ύπερασπιστήν
1134 766 1147 811 ⁶

544 855 651 905 κεκτημ
671 856 726 899 νος.

124 977 137 1017 b
222 942 372 1035 “Κύριος
390 950 583 1033 κραταίωμα
600 951 659 1014 τοῦ
683 949 766 1014 λαοῦ
786 940 889 1014 αύτοῦ
914 945 971 1013 καὶ
994 942 1126 1037 ὑπερα-

153 1045 291 1133 σπιστὴς
308 1050 375 1116 τῶν
394 1053 568 1134 σωτηρίων
585 1052 644 1116 τοῦ
664 1049 810 1135 Χριστοῦ
827 1043 930 1116 αὐτοῦ
949 1043 1055 1116 ἐστί.”

230 1152 278 1217 15.
299 1151 365 1216 Καὶ
390 1146 407 1217 ὁ
431 1144 512 1236 μετά
536 1165 648 1237 χεῖρας
670 1144 804 1236 Ψαλμός
829 1153 875 1226 είς
898 1143 957 1216 τὸν
974 1149 1127 1238 Χριστὸν

152 1246 372 1339 ἀναφέρεται,
392 1248 496 1319 αὐτοῦ
516 1248 557 1335 δή
575 1256 634 1318 τοῦ
652 1255 798 1339 Χριστοῦ
822 1251 985 1339 περιέχων
1004 1247 1123 1343 εὐχὴν,
1138 1275 1161 1316 ιο

152 1345 196 1438 ἣν
214 1349 302 1440 παρά
320 1349 378 1421 τὸν
396 1353 456 1420 τοῦ
473 1349 605 1430 πάθους
620 1349 829 1439 προσηύξατο
847 1347 973 1438 καιρόν,
1013 1350 1068 1421 διὸ
1089 1356 1127 1425 ἐν

152 1453 215 1542 μὲν
232 1459 271 1543 πή
290 1457 437 1542 καταρχή
461 1458 521 1521 τοῦ
545 1458 685 1541 Ψαλμοῦ
709 1474 792 1540 φησι
804 1445 910 1539 ’πρὸς
930 1451 986 1538 σὲ,
1012 1451 1126 1544 κύριε,

154 1557 326 1644 ἐκέκραξα·
360 1553 377 1623 ὁ
402 1551 481 1632 θεός
504 1580 569 1641 μου
594 1552 639 1642 μή
664 1550 926 1643 παρασιωπήσης
944 1549 1001 1620 ἀπ’
1026 1556 1126 1645 ἐμοῦ,

153 1657 209 1724 καὶ
232 1651 481 1743 ὁμοιωθήσομαι
507 1671 575 1739 τοῖς
599 1660 861 1740 καταβαίνουσιν
888 1660 934 1733 είς
961 1651 1124 1727 λάκκον.”

128 1761 205 1824 ι16.
225 1753 367 1840 πρόςδέ
390 1758 437 1848 τῷ
459 1757 544 1824 τέλει
569 1752 632 1841 τήν
650 1759 687 1824 ἐκ
704 1760 834 1843 νεκρῶν
857 1751 1041 1824 ἀνάστασιν
1060 1755 1128 1828 αύ-
1154 1801 1163 1811 ·=

154 1860 213 1926 τοῦ
230 1863 380 1939 θεσπίζει
398 1859 506 1943 λέγων
520 1850 717 1944 “εύίογητὸς
736 1853 861 1944 κύριος,
880 1853 930 1924 ὅτι
945 1853 1129 1942 είσήκουσε

154 1963 210 2044 τής
229 1964 344 2045 φωνῆς
362 1961 420 2044 τής
439 1953 583 2042 δεήσεως
601 1976 681 2044 μου·
710 1955 824 2045 κύριος
838 1955 963 2045 βοηθός
981 1985 1048 2044 μου
1066 1963 1127 2031 καὶ

86 2086 140 2140 [ωε]
154 2053 401 2147 ῦπερασπιστής
419 2086 500 2146 μου,
527 2053 579 2126 ἐπ’
600 2055 689 2152 αύτῷ
707 2056 847 2146 ήλπισεν
865 2053 885 2145 ή
905 2063 1026 2149 καρδία
1044 2089 1127 2151 μου,

155 2160 211 2227 καὶ
236 2156 452 2247 ἐβοηθήθην,
476 2161 531 2227 καὶ
556 2156 724 2229 άνέθαίεν
746 2156 767 2248 ή
791 2158 872 2248 σάρξ
895 2188 979 2248 μου,
1004 2162 1060 2228 καὶ
1087 2164 1126 2232 ἐκ

155 2257 341 2349 θελήματος
367 2289 431 2349 μου
460 2259 735 2350 ἐξομοίογήσομαι
760 2256 883 2352 αύτῷ.”
930 2258 983 2347 ἐφ’
1009 2255 1060 2341 οἷς
1084 2260 1123 2333 τὸ
1142 2294 1157 2318 ἰ

155 2373 253 2431 θεῖον
270 2364 326 2431 καὶ
350 2361 557 2453 προφητικὸν
574 2366 705 2451 πνεῦμα
731 2363 875 2448 ἐπιλέγει
887 2355 1025 2451 ’κύριος
1043 2390 1125 2452 κρα-

155 2470 282 2552 ταίωμα
300 2467 360 2533 τοῦ
377 2469 460 2548 λαοῦ
484 2461 603 2550 αὐτοῦ,
627 2465 683 2531 καὶ
706 2458 954 2551 ὑπερασπιστὴς
971 2467 1040 2532 τῶν
1058 2485 1124 2535 σω-

154 2573 280 2654 τηρίων
310 2571 370 2633 τοῦ
400 2570 547 2648 Χριστοῦ
581 2561 685 2632 αὐτοῦ
715 2559 847 2651 ἐστίν,”
883 2569 932 2632 17,
960 2567 1125 2635 παιδεῦον

155 2663 241 2753 ήμᾶς
266 2661 315 2733 ὅτι
342 2663 383 2751 δή
407 2663 516 2733 πάντα
540 2662 580 2733 τά
599 2666 635 2733 ἐν
658 2681 730 2747 ταῖς
748 2671 858 2744 θείαις
876 2680 1023 2754 γραφαῖς
1042 2662 1124 2742 ιἰνά-

127 2794 141 2833 d
156 2791 286 2853 γραπτα
304 2768 363 2833 τοῦ
375 2771 520 2853 Χριστοῦ
537 2762 724 2854 θαυμάσια,
744 2768 796 2834 ἐπὶ
815 2774 962 2857 σωτηρίη
979 2771 1047 2835 νῦν
1064 2760 1123 2836 άν-

156 2861 306 2952 θρωπων
324 2863 498 2954 γενόμενα,
517 2877 583 2936 εἴτε
597 2857 660 2936 οῦν
676 2864 857 2956 μαθήματα
870 2876 936 2937 είτε
948 2865 1125 2956 γράμματα

158 2975 224 3035 είτε
242 2963 324 3036 κατά
342 2966 403 3054 τήν
423 2971 458 3036 ἐκ
481 2971 611 3056 νεκρῶν
633 2965 817 3038 ἀνάστασιν
835 2964 940 3039 αῦτοῦ
957 2965 1125 3058 μυστήρια

156 3071 223 3137 νῦν
239 3065 475 3157 ὀνομαζόμενα,
493 3066 631 3158 νεύματι
649 3072 705 3138 καὶ
724 3067 865 3160 δυνάμει
878 3071 1051 3157 γεγένηται
1064 3073 1126 3141 τοῦ

157 3167 279 3259 πατρὸς
299 3173 335 3239 ἐν
347 3165 450 3241 ἅπασι
464 3186 532 3250 τοῖς
546 3169 743 3259 παραδόξοις
757 3173 813 3238 καὶ
826 3177 999 3258 σωτηρίοις
1014 3166 1126 3258 λόγοις

156 3296 192 3336 τε
211 3274 265 3339 καὶ
285 3277 392 3358 ἔργοις
409 3266 689 3361 ῦπερασπίζοντος
707 3277 766 3341 τοῦ
789 3277 877 3340 ίδίου
895 3273 1053 3359 Χριστοῦ.
1144 3302 1152 3315 *⁴

227 3434 241 3482 ι
260 3435 305 3484 Ps.
319 3436 360 3496 ει,
374 3435 398 3483 8.
