2326 3818
309 138 493 189 υοΜοαεΤ.
512 138 645 188 υνλαο.
663 139 725 188 v11.
746 141 769 185 1.
968 135 1031 198 429

63 287 128 367 γῆν
145 275 478 366 καταλειφθησεσθαι
495 276 717 362 ἀβασίλευτον
734 283 901 358 θεσπίζει;
931 283 1032 345 ποίαν

65 382 103 449 δὲ
121 386 187 467 γῆν
204 375 224 466 ἢ
243 378 306 466 τὴν
323 383 391 448 τών
405 381 642 466 Δαμασκηνῶν
659 378 714 445 καὶ
733 375 795 464 τὴν
808 382 866 447 τοῦ
882 375 1030 465 Ἰσραήλ;

64 481 192 551 τούτων
217 477 281 567 γάρ
304 470 393 568 ἦσαν
416 483 451 549 οί
472 477 533 548 δύο
556 486 706 566 βασιλεῖς
732 482 767 546 οί
782 479 857 565 περὶ
877 469 925 547 ών
943 477 960 545 ὁ
980 477 1032 546 λό-

63 611 130 669 γος.
168 573 216 650 ών
233 579 362 670 δ”Αχαζ
378 577 440 668 την
457 585 523 668 γῆν
541 584 739 668 ἑσίκχαινεν,
759 574 780 667 ἢ
800 577 1030 666 ἐβδελόσσετο,

37 680 267 770 τάποκάμνων
290 679 311 769 ἢ
338 686 489 769 ἐγκακών
512 677 571 750 ἀπ’
598 679 708 769 αὐτῆς.
755 678 827 749 πότ’
855 671 1031 748 οὖντοῦτο

62 787 218 872 γέγονεν;
242 783 371 853 τούτων
388 783 452 872 γάρ
471 785 778 871 συμπερασθέντων
796 785 885 850 πάσα
903 777 1031 869 ἀνάγκη

63 888 120 953 καὶ
137 883 174 954 τδ
192 883 438 973 προλεγόμενου
456 887 554 974 με’ρος
571 891 629 972 τῆς
648 891 850 971 προφητείας
868 890 915 964 είς
934 889 1032 969 ἔργον

64 988 305 1074 κεχωρηκέναι·
341 992 438 1056 τοῦτο
463 987 502 1055 δὲ
524 978 568 1074 ἦν
592 984 629 1054 τό
653 983 714 1072 τήν
732 989 906 1073 παρθένον
922 1000 1032 1053 τεκείν

64 1085 123 1156 τόν
148 1086 225 1174 μεθ’
257 1086 353 1175 ἡμών
378 1085 470 1156 θεόν.
523 1092 574 1156 49.
612 1088 668 1155 καὶ
700 1085 741 1170 δὴ
769 1084 939 1173 πρόδηλον
965 1102 1085 1165 τοῖςιι

25 1218 49 1257 ιο
63 1187 120 1268 τάς
148 1194 293 1275 ἱστορίας
322 1186 526 1271 ἐξετάζουσιν
550 1184 594 1267 ώς
618 1188 713 1275 μέχρι
737 1188 799 1273 μὲν
817 1191 884 1255 τών
902 1185 1033 1274 χρόνων

63 1294 121 1374 τῆς
148 1292 343 1374 ἐπιφανείας
367 1295 427 1357 τοῦ
450 1291 598 1375 σωτῆρος
620 1287 717 1376 ἡμῶν
739 1285 848 1374 Ἰησου
870 1295 929 1356 τοῦ
954 1299 1032 1372 Χρι-

64 1392 143 1458 στοῦ
171 1390 226 1457 καὶ
252 1392 305 1457 ἐπὶ
328 1394 387 1476 τῆς
405 1396 591 1476 Δαμασκοῦ
616 1386 825 1475 συνειστήκει
843 1385 879 1456 τό
900 1392 935 1456 ἐκ
953 1416 1032 1472 προ-

63 1487 175 1576 γόνων
201 1495 357 1578 διαδοχῆς
381 1498 558 1577 βασίλειον.
604 1493 764 1577 μέμνηται
790 1491 874 1575 γοῦν
900 1487 917 1557 δ
946 1489 1033 1574 ἱερὸς

64 1587 246 1671 ἀπόστολος
256 1588 372 1677 Ἀρέτα
385 1593 446 1660 τοῦ
460 1593 621 1677 βασιλέως
635 1595 883 1677 Δαμασκηνῶν,
903 1593 959 1658 καὶ
972 1593 1034 1658 τού

26 1721 51 1760 15
60 1688 234 1761 Ἰουδαίων
262 1693 300 1760 δὲ
327 1700 450 1772 ἔθνους
472 1689 493 1778 ἡ
519 1689 657 1770 ἀτακτος
679 1694 735 1759 καὶ
758 1689 799 1759 οὐ
824 1689 906 1760 κατά
930 1688 1034 1779 νόμον

65 1796 164 1862 είσέτι
182 1792 254 1863 τότε
274 1797 405 1881 διέμενε
423 1799 594 1880 βασιλεία·
621 1790 661 1861 οὐ
676 1789 738 1879 γάρ
752 1789 817 1860 ἀπό
832 1794 950 1878 γένους
964 1803 1033 1861 Δα-

64 1895 123 1980 βὶδ
141 1902 263 1982 ἔφερον
280 1893 342 1983 την
359 1901 417 1982 τῆς
434 1893 538 1982 ἀρχῆς
557 1891 718 1982 διαδοχὴν
732 1889 901 1982 Ἡρώδης,
928 1895 983 1961 καὶ
1002 1897 1037 1960 οί

64 1990 136 2082 μετ’
157 1993 261 2064 αὐτόν
275 1998 329 2065 ε’πὶ
342 2001 402 2063 τοῦ
416 1999 563 2083 σωτῆρος
576 1993 672 2084 ἡμῶν
685 1995 868 2083 γενόμενοι.
888 1999 938 2063 50.
953 1991 1035 2082 μετά

66 2096 103 2163 δὲ
115 2093 182 2182 ’την
201 2094 400 2181 ε’κιφάνειαν
413 2092 517 2164 αὐτοῦ
535 2099 590 2165 καὶ
603 2094 640 2163 τό
659 2093 875 2184 εόαγγελικδν
891 2103 938 2175 είς
952 2094 1033 2164 πάν-
1052 2134 1063 2162 ι

26 2226 51 2264 εο
64 2224 122 2274 τας
140 2191 343 2282 ἀνθρώπους
361 2201 420 2266 τοῦ
440 2199 543 2283 ἕκτης
557 2199 730 2285 παρθένου
745 2195 862 2277 παιδός
881 2197 1035 2284 κήρυγμα

65 2299 316 2365 καταλέλειπται
334 2294 454 2365 αὐτίκα
472 2292 492 2382 ἡ
511 2301 553 2383 γῆ
572 2295 636 2364 ἀπό
655 2296 836 2382 προσώπου
849 2315 922 2366 τοῖν
938 2303 1035 2366 δυοῖν

65 2401 240 2484 βασιλέων.
285 2399 317 2478 ἐξ
345 2399 475 2465 ἐκείνου
497 2395 562 2484 γάρ
586 2403 644 2482 τῆς
662 2394 831 2483 Ῥωμαίων
854 2406 1035 2483 μοναρχίας

65 2504 133 2568 τών
157 2501 269 2567 ἐθνῶν
300 2498 562 2586 ἐπικρατησάσης
587 2500 703 2567 λέλυτο
727 2497 789 2585 μὲν
814 2500 869 2565 καὶ
900 2501 989 2565 πᾶσα
1013 2492 1033 2582 ἡ

66 2597 147 2669 κατά
171 2598 249 2679 τούς
273 2598 395 2678 τόπους
414 2603 576 2688 ἐθναρχία
602 2626 639 2668 τε
656 2600 712 2667 καὶ
731 2605 923 2686 πολιαρχία,
942 2599 1034 2677 τέλος

27 2729 51 2768 τε
67 2701 103 2770 δὲ
128 2698 209 2788 μετά
233 2704 300 2769 τών
324 2697 435 2769 ἀλλων
456 2704 512 2770 καὶ
536 2700 575 2769 τά
598 2703 655 2790 τῆς
675 2704 711 2769 ἐν
735 2702 851 2788 χερσὶν
869 2698 1035 2787 ἐλάμβανε

66 2809 278 2889 προφητείας.

141 2908 191 2970 51.
207 2897 303 2992 ‘Pmdc
319 2904 382 2992 μὲν
400 2893 463 2974 οὖν
479 2901 576 2972 τάδε·
610 2901 692 2990 πρὸς
710 2903 747 2970 δδ
767 2899 921 2972 διάνοιαν
938 2897 955 2970 ὁ
974 2906 1032 2988 τῆς

66 3011 269 3091 προφητείας
301 3002 396 3092 λόγος
427 3001 557 3090 ἀπάσης
588 3007 695 3091 ψυχῆς
725 3001 762 3071 τὸ
789 3002 951 3083 εὐσταθὲς
978 3006 1033 3070 καὶ

65 3114 249 3191 γαληναϊον
263 3108 318 3174 καὶ
333 3113 504 3192 εἰρηναίου
517 3111 671 3192 σημαίνει
685 3106 742 3190 της
755 3104 813 3173 τόν
825 3107 1034 3190 γεννηθέντα

28 3203 166 3293 ιοθεόν,
196 3202 297 3276 αὐτὸν
329 3206 370 3293 δὴ
400 3204 460 3274 τὸν
487 3201 711 3292 Ἐμμανουὴλ,
750 3205 1063 3291 παραδεξαμένης.ι

137 3441 168 3486 14
185 3441 209 3486 2.
224 3439 285 3487 Cor.
302 3441 340 3498 11,
354 3440 394 3487 3⁶2.
