2326 3818
311 127 441 178 DEMON
444 126 495 178 ST.
508 126 643 178 EVANG.
655 127 703 180 IX.
717 129 742 178 9.
757 131 797 178 10.
973 128 1036 193 595

67 272 213 356 Χριστοῦ
232 263 521 356 προκατηγγελλον
539 263 665 354 ἀφιξιν,
684 271 719 336 οί
731 266 768 335 δὲ
780 262 875 337 αύτοί
889 276 935 362 τῷ
949 277 1062 364 θείφι

65 366 229 457 πνεύματι
247 385 316 448 τοῖς
334 370 395 437 τού
411 371 558 456 σωτηρος
577 362 671 455 ἡμῶν
697 359 893 450 ἀποστόλοις
912 394 1035 462 προσε-

65 468 205 558 φύναυν
228 473 381 559 λέγοντες
394 464 455 539 “έν
481 474 670 556 ἐκκλησίαις
689 467 857 556 εὐλογεῖτε
873 468 933 540 τὸν
949 472 1035 543 θεὸν

64 569 181 662 κύριον
200 575 235 641 έκ
253 574 371 661 πηγων
385 567 548 660 Ἰσραηλ.”
574 573 676 659 πηγαὶ
696 571 734 641 δὲ
749 567 878 660 Ἰσραηλ
896 578 931 641 οί
942 573 1035 662 λόγοι

38 669 106 743 τάν
131 672 199 744 εἷεν
223 677 258 744 οί
277 680 322 766 τῷ
344 669 473 764 Ἰσραὴλ
497 675 771 764 παραδεδομένοι.
821 677 944 761 πρῶτοι
969 673 1033 765 γάρ

64 774 313 872 ἐπιστεύθησαν
335 773 376 845 τά
400 772 496 865 λόγια
519 783 579 846 τοῦ
602 778 704 863 θεού,
729 773 812 845 ὅθεν
830 771 1033 857 ἀντλοῦντας

63 880 119 946 καλ
137 872 223 967 ἡμᾶς
236 875 394 969 ἀρδεύειν
409 876 522 968 δεήσει
539 875 597 958 τάς
615 881 790 966 ἐκκλησίας
808 880 869 947 τού
876 881 1031 967 Χριστού.

62 984 92 1049 5.
112 977 269 1061 νεάνιδας
289 980 326 1050 δέ
343 982 399 1050 καὶ
416 987 679 1070 τυμπανιστρίας
696 977 754 1060 τάς
772 975 874 1049 πάλαι
892 1001 1033 1069 σωματι-

63 1078 209 1171 κάτερον
228 1080 310 1151 κατά
327 1081 385 1151 τὸν
393 1085 544 1162 Μωσέως
563 1079 665 1170 νόμον
679 1079 817 1168 βιούσας
835 1079 943 1171 ψυχάς
961 1079 1034 1172 γ’χνί·

24 1215 49 1253 ιο
63 1186 151 1270 ξατο,
171 1182 227 1252 διά
244 1184 306 1272 μέν
323 1181 360 1252 τὸ
373 1182 538 1272 νεώτερον
551 1185 606 1251 καὶ
619 1180 733 1264 ἀτελὲς
744 1186 805 1252 τού
822 1182 1034 1273 φρονήματος

62 1281 239 1372 νεάνιδας,
265 1282 320 1352 διά
346 1284 382 1353 δὲ
399 1282 436 1353 τὸ
459 1286 535 1372 περὶ
561 1281 754 1374 σωματικὴν
771 1291 1032 1374 κατατρίβεσθαι
1047 1318 1101 1370 12⁷⁵]

61 1393 251 1475 θρησκείαν
268 1393 534 1476 τυμπανιστρίας
552 1384 654 1468 αύτάς
673 1384 888 1465 ἀποκαλέσας,

389 1652 471 1725 Ἀπὸ
489 1659 548 1725 τού
561 1653 709 1726 Ἡσαΐου.
1044 1674 1102 1723 (442)
1136 1703 1139 1706 -

137 1804 171 1864 X.
192 1788 357 1879 “Πνεύμα
381 1797 502 1881 κυρίου
526 1786 579 1860 ἐπ’
605 1792 678 1881 ἐμὲ,
701 1779 742 1861 ού
766 1795 895 1860 ε’ίνεκεν
923 1798 1033 1881 ἕχρισὲ
1140 1797 1142 1799 ’

22 1923 47 1960 15
60 1919 119 1980 με,
139 1889 422 1982 εὐαγγελίσασθαι
439 1907 581 1982 πτωχοῖς
595 1889 782 1962 ἀπέσταλκέ
797 1920 849 1980 με,
870 1890 1032 1962 ἰάσασθαι

59 1992 138 2074 τούς
156 1996 456 2084 συντετριμμένους
479 1995 541 2083 τὴν
565 2001 725 2085 καρδίαν,
751 1997 889 2084 κηρύξαι
904 1994 1061 2084 ἀίχμα-ι)

59 2093 176 2176 λάτοις
200 2094 322 2183 άφεσιν
346 2098 402 2165 καὶ
419 2105 558 2185 τυφλοῖς
576 2094 783 2184 ἀνάβλεψιν,
812 2100 948 2167 καλέσαι
967 2101 1031 2168 ένι·

59 2195 163 2267 αυτὸν
181 2203 301 2284 κυρίου
320 2194 439 2267 δεκτόν
457 2199 514 2266 καὶ
531 2191 658 2285 ἡμέραν
676 2194 966 2278 ἀυταποδύσεως.”

135 2301 165 2366 2.
186 2299 253 2367 Καὶ
277 2294 403 2384 ταύτην
429 2293 528 2376 αύτδς
553 2295 570 2365 ὁ
595 2296 709 2386 κύριος
727 2293 823 2386 ἡμῶν
847 2298 909 2385 τὴν
929 2298 1030 2385 πρόρ-

20 2430 44 2471 20
59 2421 157 2488 ρησιν
176 2405 223 2478 είς
243 2395 363 2467 ἑαυτὸν
386 2392 542 2487 ὁμολογεῖ
558 2401 819 2488 πεπληρῶσθαι,
844 2394 898 2467 ὅτε
918 2399 1030 2468 ἐλθὼν

59 2506 105 2579 είς
123 2498 185 2587 την
203 2500 379 2588 Ναζαρὲθ,
404 2488 446 2569 ού
469 2489 512 2587 ἦν
529 2495 840 2590 ἀνατεθραμμένος,
869 2501 1029 2585 εἰσῆλθεν

57 2599 139 2670 κατά
157 2600 194 2671 τὸ
213 2600 334 2682 εἰωθὸς
352 2597 445 2695 αύτῷ
464 2604 500 2672 ἐν
518 2609 558 2692 τῇ
576 2597 682 2695 ἡμέρᾳ
695 2605 763 2672 των
782 2599 962 2689 σαββάτων
981 2609 1028 2681 είς

12 2742 13 2745 “
56 2701 119 2791 την
137 2703 357 2792 συναγωγὴν,
376 2701 557 2775 ἀναστάντι
576 2704 613 2773 δὲ
627 2701 717 2797 αύτῷ
733 2701 881 2791 ἐπεδόθη
891 2702 1028 2784 Ἡσαΐας

56 2798 73 2875 ὃ
92 2804 282 2895 προφήτης,
307 2795 349 2876 ού
375 2808 430 2874 καί
447 2802 638 2888 ἀναπτύξας
654 2803 716 2893 την
733 2813 871 2894 βίβλον,
897 2801 1028 2894 ἀνέγνω

17 2935 43 2976 τε
57 2903 94 2976 τὸ
114 2909 390 2996 ἐγγεγραμμένον,
410 2914 541 2995 πνεῦμα
554 2914 674 2994 κυρίου
690 2905 739 2975 ἐπ’
758 2909 825 2995 ἐμὲ,
844 2897 888 2976 ού
901 2913 1029 2977 ε’ίνεκεν

58 3012 170 3097 έχρισέ
191 3037 249 3097 με,
282 3005 566 3095 εὐαγγελίσασθαι
595 3022 737 3097 πτωχοῖς
766 3005 955 3078 ἀπέσταλκέ
974 3038 1055 3095 με,ι

58 3113 197 3200 κηρύξαι
215 3107 433 3198 αἰχμαλώτοις
454 3105 575 3198 ἀφεσιν
593 3104 649 3178 καὶ
668 3119 807 3196 τυφλοῖς
827 3108 1025 3196 ἀνάβλεψιν,

56 3207 250 3282 ἀποστεῖλαι
267 3213 540 3300 τεθραυσμένους
559 3215 595 3280 ἐν
611 3206 741 3299 ἀφέσει,
760 3214 897 3280 καλέσαι
915 3214 1026 3280 ἐνιαυ-

127 3449 141 3495 3
160 3446 235 3496 Rom.
250 3449 274 3506 3,
288 3448 311 3494 2.
418 3447 451 3494 14
468 3447 514 3498 Es.
526 3445 566 3504 61,
582 3446 604 3493 1.

772 3524 838 3591 38*
