2326 3818
324 121 655 174 DEMONST.EVANG.
674 124 721 173 ιν.
742 124 782 173 16.
967 120 1028 183 271

63 265 169 351 φησίν
187 257 449 349 ῦυωθήσεσθαι,
472 257 531 347 τήν
553 263 589 330 ἐν
607 256 698 353 αῦτῷ
720 256 862 351 ἀόρατον
886 259 1031 350 δύναμιν

64 365 119 432 καί
132 360 195 449 τήν
207 369 381 450 βασιλείαν
394 357 503 431 αῦτοῦ
516 367 637 450 δηλῶν.
670 369 747 441 ἔθος
765 365 848 449 γοῦν
862 367 902 451 τή
915 367 1029 452 γραφή

64 463 127 550 τήν
145 470 320 550 βασιλείαν
338 465 436 553 κέρας
453 458 638 551 ὀνομάζειν.
676 479 780 533 κεῖται
799 463 837 532 δὲ
855 465 910 532 καί
930 467 966 533 ἐν
983 468 1029 556 τῷ
1048 502 1058 530 e

64 563 125 651 κη’
147 567 276 657 Ψαλμῷ
291 562 328 634 τό
340 562 420 634 “naz
440 567 476 635 ἕν
493 566 540 656 τῷ
562 561 703 652 ὀνόματί
723 593 788 652 μον
811 562 1030 652 ὑψωθήσεται

37 663 99 735 ετδ
118 667 216 754 κέρας
234 663 369 738 αύτοῦ.”

243 883 322 955 Ἀπὸ
340 889 398 973 τής
416 882 548 976 πρώτης
566 913 634 954 των
650 888 844 954 Βασιλειῦν.

63 1009 187 1096 Χριστὸς
205 1007 343 1095 ῦνομαστί
361 1009 443 1067 οἰκον
464 1008 566 1066 πιστὸν
583 1008 662 1093 παρὰ
678 1011 729 1065 τοῦ
751 1007 859 1092 πατρὸς
876 1006 1030 1094 λαμβάνων

62 1077 116 1150 τήν
128 1075 334 1166 έκκλησίαν’
297 1082 399 1142 αυτοῦ,
412 1077 488 1134 καί
476 1077 568 1147 ιερεῦς
580 1075 679 1141 πιστὸς
691 1075 787 1133 πάντα
800 1075 850 1133 τὸν
863 1077 965 1148 χρόνον
978 1081 1029 1148 τής

236 1144 387 1216 ε’κκλησίας
401 1141 490 1201 αῦτου
478 1149 626 1216 γνησίως
637 1145 852 1216 προϊστάμενος.

22 1303 48 1341 ιο
135 1255 282 1342 ‘’I5o5‘
264 1275 384 1361 ημέραι
402 1279 570 1362 ἔρχονται,
590 1274 694 1360 λέγει,
719 1273 774 1340 καί
801 1270 1029 1359 έξολοθρεύσω

61 1370 97 1441 τὸ
117 1376 246 1462 σπέρμα
265 1397 337 1461 σου,
357 1374 413 1442 καί
430 1371 467 1442 τὸ
485 1376 616 1461 σπέρμα
631 1385 725 1442 οἰκου
739 1371 861 1461 πατρός
876 1392 953 1441 σου·
972 1374 1028 1441 καὶ

61 1471 123 1543 οῦκ
142 1481 233 1542 ἔσται
251 1473 442 1565 πρεσβύτης
461 1478 561 1566 ἐντῷ
580 1484 661 1567 οἰκῳ
680 1468 775 1543 σου.”

137 1579 188 1644 44.
215 1579 325 1645 Ταῦτα
343 1572 425 1665 πρὸς
448 1577 507 1645 τὸν
520 1573 613 1646 Ἠλεὶ
630 1571 740 1663 φήσας
764 1571 781 1644 5
805 1573 1056 1664 χρηματισμδςι

62 1677 211 1765 ἐπιφέρει
228 1672 309 1766 μεθ’
329 1679 425 1765 ἕτερα
451 1679 559 1764 λέγων
580 1670 657 1745 “naz
687 1672 864 1763 ἀναστήσω
898 1678 1029 1768 ἐμαυτῷ

21 1805 47 1844 15
62 1779 154 1867 ἱερέα
171 1775 305 1866 πιστὸν,
329 1775 365 1860 ῦς
383 1777 493 1848 πύντα
510 1775 550 1848 τίι
570 1781 605 1848 έν
622 1782 662 1868 τῇ
681 1783 804 1869 καρδίᾳ
826 1805 891 1866 μου
914 1778 969 1846 καί
987 1775 1027 1846 τὰ
1042 1805 1099 1858 [1221

61 1884 99 1948 ἐν
116 1883 157 1971 τή
173 1883 265 1971 ψυχή
281 1909 346 1969 μου
364 1877 507 1970 ποιήσει,
526 1881 581 1949 καί
600 1877 807 1967 οἰκοδομήσω
827 1876 916 1971 αὐτῷ
935 1877 1028 1947 οἰκον

61 1981 189 2069 πιστὸν,
208 1983 264 2052 καί
284 1980 488 2053 διελεύσεται
508 1982 651 2051 ἐνώπιον
670 1986 815 2071 Χριστοῦ
833 2009 898 2069 μου
921 1977 1028 2060 πύσας

60 2073 121 2161 τοίς
139 2077 297 2171 ήμέρας.”

137 2187 187 2252 45.
209 2180 425 2253 Μετύστασιν
443 2185 499 2253 καὶ
514 2179 686 2270 ἀποβολήν
701 2179 881 2270 ἀπειλήσας
899 2178 916 2250 5
935 2193 1028 2262 θεῖος

22 2310 48 2349 σο
62 2293 158 2370 λογος
175 2298 244 2363 τοῖς
263 2280 303 2351 05
322 2282 404 2352 κατὰ
421 2282 481 2352 τδν
498 2281 604 2372 ὀρθὸν
622 2280 747 2371 τρόπον
766 2286 1027 2371 λειτουργοῦσιν,

60 2387 173 2472 ἕτερον
193 2387 224 2466 ἐξ
244 2385 359 2471 ἑτέρον
382 2386 501 2470 γένους
519 2382 738 2471 καταστήσειν
762 2385 852 2471 ἱερέα
871 2385 1027 2470 ἐπαγγέλ-

22 2529 23 2532 ¹
60 2495 169 2572 λεται,
194 2481 235 2555 ὃν
257 2493 317 2554 καί
338 2509 443 2574 φησιν
462 2484 695 2554 διελεύσεσθαι
720 2480 865 2554 ἐνώπιον
882 2487 1028 2572 Χριστοῦ

60 2584 180 2673 αὐτοῦ,
205 2580 226 2674 ή
251 2583 529 2676 ἐμπεριπατήσειν
553 2592 600 2666 εἰς
624 2583 805 2675 πρόσωπον
828 2583 1028 2673 ήλειμμένου

59 2684 180 2777 αῦτοῦ,
200 2686 244 2769 ὡς
262 2683 279 2757 5
294 2686 433 2771 Ἀκύλας
450 2685 678 2777 ήρμήνευσεν,
697 2683 717 2775 ή
736 2685 780 2769 ὡς
798 2684 815 2755 5
834 2683 1027 2774 Σύμμαχος,
1072 2776 1074 2780 y

19 2819 46 2858 ετ
60 2787 378 2878 σἰναστραφήσεσθαι
415 2797 608 2880 ἔμπροσθεν
637 2793 697 2860 τοῦ
728 2791 874 2880 Χριστοῦ
912 2784 1026 2856 αὐτοῦ.

58 2894 109 2958 46.
130 2898 179 2969 τίς
205 2888 235 2957 δ’
263 2886 307 2960 ῦν
324 2882 419 2973 οῦτος
439 2901 506 2978 εἴης
531 2898 595 2972 πᾶς
612 2885 629 2961 5
658 2889 803 2976 εῦσεβῦς
822 2885 970 2978 προσιών
987 2891 1028 2976 τῇ

60 2996 231 3082 ἱερουργίᾳ
255 2995 314 3061 τοῦ
332 2999 477 3080 Χριστοῦ
500 2997 560 3062 τοῦ
583 2995 685 3079 θεοῦ,
711 2981 739 3084 ᾦ
761 2987 820 3061 τδν
836 2995 894 3077 τής
914 2993 1027 3076 ἐκκλη-

59 3098 133 3172 σίας
152 3093 262 3180 οἰκον,
281 3087 336 3162 οἷα
353 3090 455 3181 σοφὸς
472 3091 673 3184 ἀρχιτέκτων
690 3095 745 3161 καί
764 3089 948 3179 οἰκοδόμος,
968 3086 1026 3158 αῦ·
1040 3118 1096 3170 ρον)

58 3193 112 3276 τὸς
130 3188 148 3263 5
166 3201 236 3265 τῶν
253 3191 341 3264 ὅλων
359 3193 439 3274 θεὸς
458 3192 692 3283 οἰκοδομήσειν
709 3192 931 3282 ὑπισχνεῖται,
950 3186 1023 3259 055'

129 3429 145 3475 4
164 3429 209 3479 Ps.
224 3429 265 3490 σε,
279 3429 320 3476 ει.
426 3429 458 3506 ιο
477 3431 500 3482 ι,
514 3427 581 3493 Reg.
596 3431 620 3490 ε,
634 3430 675 3478 31.
