2326 3818
146 114 211 178 510
557 110 714 164 ΕυεαΒη

148 259 239 342 κρῶν
248 249 278 338 ;”
300 246 375 322 ἀντὶ
386 252 422 322 δὲ
435 256 494 322 τοῦ
509 246 677 340 ’σκύμνος
691 253 823 333 λέοντος
837 249 959 338 Ἰούδα,
979 254 1015 321 ἐκ
1033 259 1116 341 βλα-

122 386 134 424 d
148 356 230 424 στοά
247 355 303 424 υἱέ
317 382 382 443 μου
395 349 529 441 ἀνίβης,
547 349 726 423 ἀναπεσσλν
741 348 942 442 ἐκοιμήθης”
959 356 1116 442 ἐμφαντι-

148 454 277 525 κιάτατα
294 448 312 524 ὁ
335 455 397 543 μὲν
412 451 549 535 Ἀκύλας
573 455 656 543 φησί
669 451 817 537 “σκν’λαξ
844 456 978 534 λέοντος
993 450 1115 542 Ἰούδα,

148 555 212 627 ἀπὸ
230 551 385 636 ἀλάσεως
408 556 465 626 υίέ
485 584 551 645 μου
568 551 708 643 ἀνέβης,
732 553 863 644 κάμψας
881 551 1115 646 κατεκλίθης.”

147 663 197 728 68.
217 655 234 728 ὁ
254 659 291 727 δὲ
309 654 491 746 Σάμμαχός
508 679 591 744 φησι
605 649 775 745 “σκάμνος
792 657 924 737 λέοντος
939 653 1060 747 Ἰούδα,
1080 660 1141 729 §aa

147 755 383 850 θηριαλάσεως
408 758 463 825 υίέ
484 785 550 845 μου
569 752 712 845 ἀνέβης,
737 754 879 837 ὀκλάσας
898 754 1113 847 ἡάράσθης·”

148 858 193 929 δι’
216 849 264 928 αἷν
282 861 398 946 σαφοῐς
416 864 614 947 παρίσταται
631 856 652 946 ἡ
672 860 708 927 ἐκ
720 861 851 948 νεκρων
863 854 1044 941 ἀνάστασις
1062 861 1117 930 καί

147 959 167 1049 ἡ
187 956 359 1045 ἐξἍιθου,
378 953 489 1050 ὥσπερ
509 965 545 1029 ἐκ
562 986 652 1040 τινος
669 956 919 1047 θηριαλάσεως,
937 964 998 1029 τοῦ
1013 968 1117 1050 σωτῆ-

146 1089 203 1151 ρος
220 1058 317 1148 ἡμῶν
334 1055 500 1149 ἀποφυγή.
536 1065 586 1130 69.
605 1058 642 1130 τὸ
660 1059 697 1130 δὲ
715 1057 853 1130 ὀκλάσαι
871 1061 927 1130 καί
946 1062 1118 1151 ἑδρασθῆ-

147 1190 221 1249 ναι,
246 1158 330 1230 ἀλλὰ
352 1158 397 1250 μὴ
421 1177 639 1248 καταπεσεῖν,
663 1158 747 1250 ὁμοῦ
763 1159 822 1231 τόν
844 1160 995 1233 θάνατον
1013 1166 1117 1245 ἔδειξε
1128 1196 1153 1237 ιι

143 1260 204 1331 ιλιά
222 1265 281 1333 τοῦ
297 1259 457 1351 ὀκλάσαι,
483 1264 538 1332 καὶ
556 1262 592 1332 τὸ
610 1262 655 1351 μη
678 1260 889 1351 ὑποσυρῆναι
906 1257 1028 1352 ὁμοίως
1046 1279 1118 1344 ταῖς

146 1368 214 1434 τῶν
238 1367 365 1435 λοιπῶν
396 1361 589 1454 ἀνθρώπων
617 1379 738 1453 ψυχαῖς
766 1360 822 1432 διά
851 1370 911 1434 τοῦ
934 1359 1117 1453 ἡθράσθαι.

146 1467 251 1534 ταῦτα
268 1465 330 1554 μὲν
347 1454 410 1534 οὖν
428 1462 536 1535 πάντα
554 1467 772 1554 προαπίκειτο
789 1469 835 1558 τῷ
854 1470 1004 1559 Χριστῷ,
1029 1465 1119 1555 πλὴν

148 1569 208 1647 ἕως
226 1564 360 1636 οὐδέπω
378 1567 494 1647 τέλους
518 1563 677 1655 ἐτύγχανε
694 1564 731 1636 τὸ
752 1564 927 1638 Ἰουδαίων
944 1565 1118 1656 συνειστή-

147 1695 198 1737 κει
224 1673 343 1755 ἔθνος,
371 1668 427 1737 καί
451 1672 486 1737 οί
507 1669 540 1750 ἐξ
558 1663 672 1736 αὐτῶν
689 1664 845 1756 ἀρχοντες
864 1668 919 1738 καί
936 1664 1119 1757 ἡγούμενοι
1131 1699 1153 1741 ω

147 1773 239 1836 οἵτε
263 1767 551 1856 ἐξακριβαζόμενοι
579 1764 636 1848 τάς
659 1777 757 1848 θείας
783 1772 929 1850 συνετως
952 1771 1032 1859 περὶ
1057 1774 1119 1840 τοῦ
1155 1794 1162 1801 ·

78 1899 133 1951 (ωε)
147 1873 293 1960 Χριστοῦ
315 1875 518 1959 προφητείας
543 1871 724 1954 διέπρεπον
746 1872 785 1939 ἐν
807 1866 928 1960 αὐτοῖς.
971 1873 1019 1936 70.
1038 1872 1120 1944 ,ἐπεὶ

148 1971 185 2039 δὲ
205 1967 350 2058 ἐλήλυθε
372 1967 412 2039 τά
438 1965 641 2058 ἀποκείμενα
663 1974 710 2061 τῷ
723 1968 853 2062 Ἰούδα,
879 1966 984 2059 ἐφάνη
1008 1997 1043 2039 τε
1063 1974 1118 2040 ἐπὶ

148 2076 209 2157 γῆς
226 2067 244 2137 ὁ
263 2068 554 2160 προφητευόμενος
573 2073 608 2140 ἐκ
626 2072 811 2160 σπέρματος
829 2074 885 2141 καὶ
900 2073 1048 2158 βλαστοῦ
1064 2099 1118 2159 χε-

73 2183 78 2188 “
147 2167 286 2258 νόμενος
308 2175 369 2240 τοῦ
392 2175 497 2240 ταῦτα
520 2170 773 2259 τεθεσπικότος,
798 2169 976 2243 ἀναπεσάν
1002 2200 1037 2242 τε
1061 2175 1155 2248 καίεο

148 2272 337 2361 κοιμηθεὶς,
357 2265 378 2360 ἦ
396 2270 539 2355 ὀκλάσας
557 2272 639 2344 κατὰ
656 2271 715 2343 τὸν
733 2270 934 2362 Σύμμαχον,
959 2271 1117 2364 ἡθροίσθη

147 2375 203 2443 καὶ
232 2369 425 2465 ἀνηγέρθη,
456 2371 514 2457 τάς
545 2389 658 2464 χείρας
682 2370 785 2445 αὐτοῦ
808 2374 891 2444 κατά
916 2372 1026 2444 νάτου
1050 2381 1139 2465 τῶν,

146 2472 299 2564 ἀοράτων
324 2478 380 2546 καί
405 2479 535 2564 νοητῶν
553 2478 687 2565 ἐχθροῖν
706 2474 893 2563 ἐπιβαλών,
917 2481 953 2544 οἷ’
967 2502 1003 2544 τε
1021 2473 1118 2546 ἀδελ-

146 2580 205 2664 φοὶ
223 2574 327 2647 αὐτοῦ
352 2578 408 2645 καλ
426 2578 573 2665 μαθηταὶ
599 2575 762 2667 πρότερον
782 2581 996 2656 ἐπαινοῦντες
1015 2574 1118 2648 αὐτὸν

146 2678 202 2746 καὶ
225 2673 453 2763 θαυμάζοντες
477 2674 620 2765 ὕστερον
643 2678 699 2745 καλ
723 2672 768 2757 ἀς
790 2675 874 2756 θεὸν
899 2673 1155 2766 ὦμολόχησανει

148 2776 252 2864 εἶναι,
271 2778 327 2845 καί
354 2771 398 2855 ιὸς
414 2775 498 2847 θεὸν
515 2775 789 2868 προσεκύνησαν,
815 2781 997 2867 τηνικαῦτα
1017 2781 1120 2868 ε’πλη-

147 2880 246 2966 ροῦτο
263 2875 304 2946 τά
321 2874 524 2968 ἀποκείμενα
542 2876 649 2972 αὐτῷ,
670 2876 714 2960 οἱς
733 2877 789 2949 δίά
806 2885 902 2950 τοῦτο
916 2876 1119 2970 ἀνειρησθαι

146 2973 182 3046 τὸ
197 2971 283 3058 “ε“ως
301 2971 343 3048 ἀν
361 2987 445 3071 ἔλθη
463 2977 503 3051 τά
521 2978 724 3070 ἀποκείμενα
742 2975 866 3073 αὐτῷ.“
904 2986 952 3051 71.
973 2985 1006 3063 ἐξ
1029 2985 1120 3051 ἐκεί-

117 3108 209 3152 ενου
233 3076 297 3169 γάρ
323 3108 373 3150 τοι
400 3083 455 3151 καὶ
481 3088 527 3164 είς
547 3087 648 3170 δεῦρο
667 3088 715 3162 είς
738 3083 840 3171 πέρας
860 3079 1031 3153 ἐλθόντων
1048 3086 1119 3155 τῶν

146 3176 374 3271 ἀποκειμένων
392 3183 483 3278 αὐτῷ
501 3189 730 3254 διαλελοίπαοι
749 3183 812 3272 μὲν
831 3189 866 3254 ολ
885 3179 1041 3272 ἀρχοντες
1060 3186 1118 3255 καὶ
1131 3215 1157 3256 ει

214 3414 228 3460 1
249 3415 272 3465 1.
285 3414 383 3464 Thess.
398 3416 421 3477 1,
439 3416 478 3465 10.
