2326 3818
158 122 222 184 260
565 123 716 174 EUSEBII

158 272 281 349 ληφεν,
306 258 361 330 ὅτε
384 264 451 331 τῶν
469 258 573 331 αὐτοῦ
595 264 757 349 μαθητῶν
775 268 823 344 είς
848 269 960 333 πᾶσαν
979 262 1045 352 τὴν
1066 270 1138 357 γῆν

159 366 300 449 ἐξῆλθεν
322 360 339 431 ό
359 361 524 450 φθόγγος,
553 364 608 431 καὶ
627 368 674 442 είς
692 361 731 431 τά
750 366 876 452 πέρατα
893 367 951 452 της
969 370 1137 457 οἰκουμέ-

157 493 217 552 νης
234 461 274 532 τά
291 461 420 552 ῥήματα
438 461 560 534 αὐτων.
598 469 625 532 7.
647 462 834 554 διαρρήδην
853 465 891 533 δὲ
908 464 966 535 τὸν
980 461 1135 555 Χριστόν

157 563 308 652 ὀνομάζει
326 561 608 654 προαγορεύσαςὸ
623 560 730 650 λόγος,
746 560 789 645 ὡς
803 560 846 634 άν
860 569 893 649 ἐξ
907 564 1015 636 αὐτοῦ
1025 591 1134 659 προσ·

157 666 251 736 ω’που
270 664 440 735 διδάσκων
458 661 561 735 αὐτὸν
586 665 671 734 εἶναι
685 663 743 735 τόν
761 664 837 736 υίόν
859 671 918 737 του
936 674 1042 757 θεοῦ,
1072 669 1157 743 διαι

157 776 216 837 τοῦ
230 763 367 893 “κόριος
387 766 459 835 εἶπε
478 792 558 854 προς
576 793 634 852 με
653 763 726 847 υίος
743 795 808 855 μου
822 795 849 835 ει
869 768 924 890 σύ,
944 768 1008 856 ἐγω
1029 769 1133 862 σήμε·

158 899 218 958 ρον
235 865 420 955 γεγέννηκά
438 864 507 934 σε.”
541 855 568 958 ςό
591 865 798 955 παραθήσεις
817 868 923 937 καὶ
890 898 927 938 το
946 874 982 940 ἐν
1000 881 1133 961 Παροι·

153 979 248 1094 μίαις
271 967 372 1037 πάλιν
397 970 429 1049 ἐξ
449 965 552 1036 αὐτοῦ
576 989 756 1091 προσωπορ
775 959 842 1038 ωδέ
861 998 931 1051 πως
951 998 965 1038 ε
969 975 1135 1061 ίρημένον

153 1066 242 1158 “πρό
268 1075 327 1138 τοῦ
351 1066 411 1158 όρη
438 1071 664 1159 ἑδρασθῆναι,
688 1068 751 1158 πρὸ
778 1070 814 1139 δε
837 1070 973 1141 πάντων
991 1080 1134 1160 βουνῶν

90 1201 144 1253 [ιιι]
162 1175 264 1261 γεννᾷ
287 1165 361 1259 με.”
404 1168 440 1240 τό
464 1197 499 1240 τε
525 1175 561 1240 ἐν
584 1168 644 1261 ρθ’
667 1175 794 1263 Ψαλμῷ
821 1169 902 1261 πρός
926 1173 1163 1265 τοῦπατρὸς·

160 1268 249 1364 αὐτῷ
276 1273 606 1362 προσπεφωνημένον
630 1269 713 1340 κατά
740 1271 776 1340 τό
799 1270 860 1342 “ἐκ
890 1271 1034 1363 γαστρός
1067 1275 1135 1367 πρὸ

95 1405 149 1456 μοι)
162 1373 336 1464 ἑωσφόρον
360 1371 545 1462 γεγέννηκά
569 1369 639 1442 σε.”
678 1379 707 1442 8.
735 1376 914 1462 ἐπίστησον
938 1375 976 1443 δὲ
1001 1370 1046 1456 ὥς
1072 1381 1135 1449 ἕνα

160 1474 290 1546 καὶτὸν
308 1473 410 1545 αὐτόν
427 1473 586 1564 ὀνομαστὶ
604 1472 749 1563 Χριστὸν
772 1472 857 1564 ὁμοῦ
875 1477 931 1544 καὶ
949 1475 1027 1545 υίὸν
1044 1484 1136 1550 θεοῦ

159 1573 218 1647 ὑπ’
240 1574 432 1663 άνθράπων
451 1573 764 1664 ἐπιβουλευόμενον,
784 1577 840 1644 καὶ
854 1576 1031 1664 κληρουτόι
1044 1584 1136 1671 ἔθνη

160 1678 366 1767 ληψόμενον,
384 1675 537 1764 περάτων
554 1704 590 1744 τε
607 1679 666 1764 γης
685 1674 891 1763 κρατησοντα
909 1685 1137 1762 θεσπίζουσιν

162 1786 197 1848 αι’
222 1781 308 1867 ίεραὶ
332 1781 474 1866 γραφαὶ,
506 1779 584 1846 δυσὶ
608 1785 795 1865 τεκμηρίοις
826 1775 888 1865 την
917 1787 964 1860 εἰς
992 1773 1137 1871 άνθρώ-

160 1907 244 1962 πους
262 1886 455 1968 οἰκονομίαν
473 1875 577 1948 αὐτοῦ
594 1885 829 1965 σημαίνουσαι,
851 1876 906 1947 διά
924 1906 959 1948 τε
976 1883 1036 1967 της
1054 1881 1136 1954 κατ’

162 1977 266 2050 αὐτοῦ
288 1983 454 2066 συσκενης
479 1982 533 2048 καὶ
558 1978 613 2046 διά
630 1983 688 2067 της
710 1975 771 2049 ὑπ’
798 1975 901 2049 αὐτόν
926 1987 993 2050 τῶν
1017 1985 1137 2055 ἐθνῶν

160 2080 338 2168 ὑποταγῆς.

535 2272 675 2353 Ψαλμοῦ
693 2263 756 2335 ιθ’.

163 2391 283 2462 Χριστός
295 2391 432 2463 ὀνομαστὶ
449 2397 506 2448 τῶν
524 2390 689 2475 αἰτημάτων
706 2389 845 2448 ἁπάντων
862 2389 941 2460 παρὰ
958 2391 1138 2462 τοῦπατρὸς

564 2482 719 2530 τυγχάνων.

87 2573 104 2600 ⁰
137 2618 149 2658 ι
240 2596 268 2657 9.
289 2584 494 2674 “Πληρι·όσαι
517 2583 630 2673 κύριος
654 2583 762 2654 πάντα
790 2580 829 2655 τά
862 2582 1024 2674 αίτήματά
1057 2610 1132 2658 σου.

163 2695 229 2759 νῦν
247 2696 355 2774 ἔγνων
372 2684 421 2755 ότι
440 2694 544 2755 ἔσωσε
562 2684 676 2773 κύριος
689 2683 900 2775 τόνΧριστόν
918 2685 1034 2774 αὑτοῦ,
1054 2689 1134 2759 ἐπα-

165 2787 319 2857 κούσεται
338 2783 441 2856 αὐτοῦ
460 2789 491 2867 ἐξ
510 2785 657 2876 οὐρανοῦ
674 2784 773 2874 άγίου
792 2783 931 2858 αὖτού.”
1146 2817 1160 2857 ι

236 2885 326 2956 Ἐπεὶ
350 2885 519 2976 πρόκειται
542 2892 608 2957 νῦν
632 2891 841 2976 παραστῆσαι
866 2885 913 2958 δι’
940 2885 1030 2959 ὅσων
1053 2885 1134 2960 όνο-

166 2990 264 3076 μαστὶ
289 2987 306 3057 ὁ
330 2987 470 3077 Χριστὸς
495 2992 531 3058 ἐν
554 3007 625 3071 ταῖς
650 2998 867 3079 προφητείαις
897 2986 1134 3081 ἀνηγόρευται,

168 3087 301 3171 εἰκότως
319 3093 373 3158 καὶ
393 3094 496 3160 ταῦτα
516 3100 742 3180 παρατίθεμαι
761 3095 908 3182 ἐναργῶς
926 3089 1134 3181 κηρύττοντά

167 3190 224 3262 τόν
247 3189 400 3281 Χριστόν.
445 3198 492 3261 10.
518 3191 593 3276 ὅλος
618 3188 696 3263 δὲό
725 3192 860 3282 Ψαίμὸς
889 3196 925 3262 ἐκ
950 3191 1134 3283 προσώπου

236 3426 251 3473 ο
269 3426 350 3475 Prov.
364 3426 388 3487 8,
402 3427 444 3478 ιι.
549 3427 578 3475 11
598 3426 643 3478 Ps.
660 3427 715 3488 109,
730 3428 756 3476 3.
860 3427 893 3475 τι
911 3424 956 3478 Ρι.
971 3426 1011 3487 ιο,
1025 3427 1051 3476 τ.
