2326 3818
147 125 208 189 184
557 125 709 178 Εοεεειι

145 270 199 336 καὶ
220 250 358 355 έξήλθεν
377 272 424 348 είς
442 262 503 354 τήν
521 269 583 349 ἔξω
601 263 779 355 πρύαυλιν,
792 268 847 336 καλ
864 261 1011 353 άλέκτωρ
1025 267 1112 355 ἐφοί-

146 391 256 457 νησεν.
307 366 408 438 πάλιν
434 369 471 439 δὲ
494 372 612 439 λδοῦσα
637 364 741 439 αύτὸν
764 365 965 456 ήπαιδίσκη
990 365 1112 459 ἤρξατο

146 473 254 558 λέγειν
288 486 358 552 τοῖς
398 473 625 560 παρεστῶσιν,
665 460 762 550 οὗτος
794 472 826 553 ἐξ
861 467 974 539 αὐτῶν
1010 474 1109 542 ἐστιν.

145 577 195 642 94.
221 567 238 642 ὁ
267 572 303 642 δὲ
327 569 429 642 πάλιν
453 567 631 661 ήρνήσατο.
681 573 736 640 καλ
761 569 842 660 μετά
865 571 985 660 μικρὸν
1010 570 1112 642 πάλιν

144 679 351 765 παρεστῶτες
371 680 487 760 ἔλεγον
503 676 550 765 τῳ
567 678 699 766 Πέτρῳ,
717 670 853 760 άληθῶς
879 675 910 754 ἐξ
933 669 1046 743 αύτοῐν
1065 675 1137 762 ελ,ε

144 779 200 846 καὶ
226 774 288 864 γάρ
314 783 491 856 Γαλιλαῖος
516 773 560 842 εἷ’
592 769 610 842 ὁ
642 775 680 843 δέ
705 771 824 877 ήρξατρ
855 772 1112 864 ἀναθεματίζειν

144 879 199 947 καὶ
216 874 366 965 ὀμνύειν,
384 872 434 945 ὅτι
452 871 513 945 ούκ
526 874 602 944 οἶδα
625 874 684 945 τὸν
705 872 890 961 άνθρωπον
907 880 1043 966 τούτου,
1071 874 1112 947 ὃν

145 981 271 1065 λέγετε·
291 979 347 1047 καλ
363 973 490 1057 εύθέως
509 979 545 1046 ἐκ
563 979 722 1067 δευτέρου
741 972 888 1067 άλέκτωρ
907 975 1110 1067 ἐφύνησεν.”

75 1108 130 1160 μοι)
221 1082 271 1148 95.
302 1076 440 1168 Μάρκος
457 1078 520 1168 μὲν
532 1080 636 1149 ταῦτα
653 1078 787 1168 γράφει,
805 1081 932 1166 Πέτρος
952 1080 989 1149 δὲ·
1007 1085 1113 1151 ταῦτα

144 1182 221 1271 περὶ
240 1182 360 1251 ἑαυτοῦ
377 1195 541 1270 μαρτυρεῖ
548 1199 554 1211 ·
580 1178 688 1250 πάντα
713 1176 777 1269 γάρ
799 1179 839 1250 τά
858 1177 948 1270 παρά
979 1180 1112 1274 Μάρκῳ
1126 1218 1150 1257 ιο

144 1285 211 1352 τῶν
229 1284 362 1373 Πέτρου
387 1284 567 1365 διαλέξεσιν
590 1283 676 1352 εἶναι
701 1285 833 1370 λέγεται
857 1279 1112 1372 ἀπομνημονεύ-

144 1413 238 1474 ματα.
282 1390 317 1455 οί
338 1384 380 1474 δή
409 1374 472 1456 οὖν
501 1382 541 1454 τά
565 1385 628 1474 μὲν
661 1380 802 1467 δόξαντα
832 1381 945 1464 αὐτοῖς
977 1380 1114 1474 άγαθήν

144 1490 262 1577 φέρειν
284 1484 401 1575 φήμην
423 1484 700 1576 παραιτούμενοι,
730 1485 788 1569 τάς
814 1485 851 1554 δὲ
874 1484 952 1555 καθ’
982 1489 1113 1557 έαυτῶν

145 1585 303 1675 διαβολάς
334 1595 381 1669 είς
408 1585 552 1675 άληστου
588 1591 695 1658 αἰῶνα
732 1585 1020 1676 καταγράφοντες,
1055 1589 1112 1659 καὶ

144 1693 213 1759 των
231 1691 540 1779 πλημμεληθέντων
556 1685 671 1770 αὐτοῖς
688 1685 746 1770 τάς
764 1695 974 1778 κατηγορίας,
992 1685 1032 1770 ἃς
1049 1685 1113 1760 ούκ
1126 1723 1152 1763 ιι

144 1788 188 1860 άν
206 1819 255 1871 τις
280 1796 365 1880 ἔγνω
390 1795 458 1860 τῶν
484 1792 564 1879 μετὰ
594 1794 700 1861 ταῦτα
723 1797 753 1861 εί
782 1788 826 1879 μὴ
852 1787 907 1859 διά
924 1786 1113 1879 τήςμύτιᾶν

145 1900 273 1982 ἔμαθεν
302 1896 435 1982 φωυής,
464 1889 545 1962 καθ’
585 1894 714 1963 ἑαυτῶν
742 1888 1009 1980 στηλιτεύοντες,
1042 1895 1113 1976 πῶς

125 1995 187 2064 ιού
220 2003 397 2081 φιλαυτίας
424 1993 487 2082 μλν
517 1991 647 2083 ἁπάσης
677 1996 733 2063 καλ
764 1999 985 2081 ψευδολογίας
1022 1991 1113 2075 έκτδς

146 2097 319 2183 γεγονέναι
344 2097 483 2176 ἐνδίκως
507 2089 550 2166 άν
573 2092 805 2187 ὁμολογολντο,
833 2092 1045 2183 φιλαλήθους
1075 2096 1114 2166 δέ

146 2198 330 2278 διαθέσεως
359 2200 450 2286 σοφή
480 2201 537 2268 καλ
568 2201 691 2290 έναργή
713 2193 874 2287 τεκμήρια
906 2199 1153 2286 παρεσχηκέ-εο

145 2326 217 2383 ναις
263 2304 313 2369 96.
342 2303 377 2369 οί
409 2305 448 2370 δέ
479 2326 517 2388 γε
546 2299 623 2383 τούς
652 2297 808 2370 τοιούσδε
831 2296 1025 2369 πεπλάσθαι
1055 2302 1112 2370 καλ

145 2405 372 2484 κατεψεῦσθαι
389 2408 594 2492 νομίζοντες,
609 2404 666 2471 καλ
678 2398 733 2472 ολα
746 2398 885 2482 πλάνοις
898 2408 1113 2491 βλασφημεῖν

144 2502 356 2593 πειρώμενοι,
373 2507 443 2586 πως
461 2501 525 2575 ούκ
538 2499 582 2575 άυ
598 2505 750 2591 γένοιντο
776 2505 1032 2591 καταγέλαστοι,
1056 2509 1113 2592 φί-

144 2617 196 2674 λοι
214 2605 276 2693 μλν
289 2603 425 2691 φθόνου
443 2606 499 2674 καλ
517 2610 712 2692 βασκανίας,
732 2606 849 2694 ἐχθροὶ
862 2605 898 2675 δὲ
912 2600 1016 2692 αύτής
1032 2600 1114 2692 άλη·

146 2713 242 2785 θείας
266 2703 496 2794 ἁλισκόμενοι,
520 2711 554 2776 οἵ
578 2734 616 2794 γε
641 2702 718 2787 τούς
748 2701 854 2787 οὕτως
877 2703 1154 2795 ἀπανούργουςεε

146 2806 201 2874 καὶ
220 2802 390 2877 άπλαστον
409 2802 453 2888 ὥς
467 2804 603 2895 άληθῶς
621 2809 678 2878 καλ
694 2802 852 2896 άκέραιον
869 2798 953 2899 ήθος
972 2808 1028 2878 διὰ
1045 2814 1114 2879 τῶν

145 2912 280 2977 οἰκείων
306 2905 417 2997 λόγων
446 2910 753 3033 ἐπιδεδειγμένους,
779 2908 996 3036 πανούργους
1019 2908 1112 2991 τινάς

147 3010 202 3078 καλ
221 3007 355 3091 δεινούς
373 3003 591 3082 ὑποτίθενται
609 3008 786 3101 σοφιστάς,
814 3040 859 3094 ως
881 3009 922 3082 τά
956 3040 1003 3136 μη
1032 3038 1113 3083 οντα

122 3111 390 3200 επλασαμένονς,
408 3114 465 3181 καλ
477 3139 523 3182 τω
545 3119 658 3208 οἰκείῳ
682 3112 873 3207 διδασκάλῳ
896 3111 936 3183 τά
961 3111 1006 3203 μή
1029 3110 1113 3236 πρὸς

145 3209 249 3283 αὐτοῦ
273 3215 467 3302 πραχθέντα
490 3183 736 3306 άεχαρισμένως
759 3209 1022 3301 άναθέντας;
997 3243 1043 3297 ως
1071 3203 1113 3285 εὖ
1124 3248 1153 3288 ω

145 3341 200 3399 μοι
227 3319 319 3384 δοκεῖ
306 3316 516 3405 λείρησθαι,
540 3316 649 3388 πάντα
679 3315 742 3406 χρή
766 3312 937 3389 πιστεύειν
960 3332 1028 3400 τοῖς
1051 3320 1111 3388 τοῦ

140 3411 248 3503 Ἰησοῦ
271 3428 454 3507 μαθηταῖς,
482 3412 503 3506 ή
527 3416 587 3509 μή·
620 3421 731 3489 καλί
700 3426 731 3490 εί
757 3416 1021 3508 μόνοιςτούτοις
1043 3433 1112 3499 τοϊς
