2326 3818
378 109 563 162 DEMONST.
582 104 713 161 EVANG.
729 111 751 160 I.
770 111 794 162 6.
1015 108 1058 172 45

87 249 174 322 θεὸν
192 252 247 320 καί
266 249 384 340 κύριον
401 264 469 329 τοῖς
483 255 680 336 Αἰγυπτίοις
693 247 889 341 άνθρωπον,
907 247 943 331 ὃς
957 248 1058 319 σύσει

90 351 230 440 αύτούς,
260 348 300 421 όν
331 353 386 420 καί
414 348 454 420 τά
484 353 637 432 Μωσέως
668 350 790 439 ἐδήλου
819 351 914 441 λόγια
939 347 984 421 δι’
1010 343 1059 422 ὧν

89 449 458 547 ἔφησενΫέξελεύσεται
475 449 654 542 άνθρωπος
669 457 705 524 ἐκ
714 458 774 523 τού
792 456 977 544 σπέρματος
996 452 1059 522 αύ-

88 561 166 645 τού,
192 558 249 625 καί
272 553 443 645 κυριεύσει
467 559 579 626 ἐθνῶν
604 551 770 625 πολλῶν.”
815 559 851 624 ἐν
874 553 932 638 οἷς.
943 563 1059 626 ἔθνεσι

62 660 146 728 5καί
166 655 345 746 Αἰγύπτιοι
364 654 538 745 δήπουθεν
556 654 807 747 καταριθμοῖντ’
829 654 880 728 άν.
908 662 958 726 53.
974 653 1059 725 άλλόι

89 763 167 850 περί
191 760 254 848 μέν
277 757 405 830 τούτων
431 756 556 849 μακρός
582 752 625 828 άν
643 771 694 846 εἰη
720 757 832 847 λόγος,
862 756 912 828 ἐπ’
934 765 1058 840 οἰκείας

90 866 210 951 σχολης
245 863 475 952 εὐτελέστερον
506 855 818 952 άποόοθησόμενος·
860 859 897 930 τό
924 890 962 947 γε
992 858 1059 949 μὴν

90 961 200 1053 παρόν
226 961 476 1052 ἐπιτειηρήσθω
505 961 555 1033 ότι
578 960 618 1032 τά
642 961 877 1053 προηγούμενα
900 959 975 1032 οὐδ’
1002 958 1058 1031 άλ-

91 1075 166 1135 λοτε
184 1059 205 1152 ἢ
223 1064 304 1154 μετά
321 1064 383 1152 τὴν
397 1061 596 1151 ἐπιφάνειαν
604 1062 712 1153 Ἰησοῦ
726 1071 786 1136 τού
804 1069 950 1153 σωτῆρος
964 1058 1060 1153 ἡμῶν

51 1196 78 1235 10
93 1170 285 1255 ἐπληρούιο.
311 1171 362 1236 54.
384 1168 418 1249 ἐξ
431 1169 561 1236 ἐκείνου
579 1165 707 1256 γάρτοι
721 1168 777 1236 καί
797 1173 844 1250 είς
857 1170 958 1256 δεύρο
970 1165 1060 1256 παρά

41 1317 46 1328 ·
91 1285 160 1350 τοῖς
191 1275 389 1355 Αἰγυπτίοις
421 1270 478 1338 καί
501 1267 590 1358 παρά
619 1272 766 1356 Πέρσαις
791 1266 915 1357 Σύροις
944 1297 979 1337 τε
1004 1270 1059 1336 καί

87 1368 289 1460 Ἀρμενίοις,
314 1372 370 1438 καί
393 1367 484 1459 παρά
506 1385 574 1451 τοῖς
597 1367 655 1451 τάς
680 1365 830 1458 ἐσχατιάς
855 1373 913 1456 τῆς
931 1374 991 1455 γῆς
1010 1375 1061 1437 οί-

91 1477 190 1542 κούσι
213 1469 416 1562 βαρβάροις,
441 1468 555 1552 αὐτοῖς
577 1498 613 1540 ιε
635 1485 704 1552 τοίς
726 1468 763 1541 τό
787 1472 869 1559 πρὶν
886 1467 1061 1559 άνημερω-
1076 1490 1118 1538 (21)

91 1571 199 1655 τάτοις
217 1575 274 1642 καὶ
292 1569 573 1664 θηριωδεστάτοις
592 1579 719 1659 έθνεσι,
737 1574 795 1642 ναὶ
811 1572 879 1662 μὴν
898 1573 953 1641 καί
971 1571 1062 1660 παρά

53 1702 80 1742 15
94 1694 162 1756 τοῖς
180 1673 237 1756 τάς
255 1674 379 1766 νήσους
393 1678 556 1764 οίκούσιν,
576 1670 641 1766 (ότι
660 1674 701 1762 δὴ
719 1672 923 1745 καί-τούτοιν
940 1671 1061 1762 ἠξίωσε

92 1771 259 1868 μνημηνὴ
274 1786 459 1869 προφητεία
467 1776 700 1866 ποιήσασθαι,)
712 1772 796 1864 αύτὴ
812 1781 922 1863 ἐκείνη
941 1774 961 1864 ἡ
980 1774 1062 1844 κατά
1159 1778 1160 1782 ’

91 1879 150 1950 τόν
164 1877 312 1970 Ἀβραάμ
330 1888 479 1950 πολιτεία
504 1882 559 1949 καί
582 1874 600 1948 ό
627 1886 827 1961 παλαίτατος
853 1879 909 1947 καί
927 1875 1063 1947 πάντων

92 1978 306 2072 άρχμιόιατος
342 1985 401 2069 τῆς
440 1989 636 2070 θεοσεβείας
671 1979 790 2071 τρόπος
832 1977 1060 2063 σπουδάζεται.

93 2087 144 2152 55.
165 2084 220 2151 καί
238 2089 287 2163 τίς
305 2081 368 2153 ούκ
385 2079 428 2153 άυ
446 2087 624 2170 ἐκπλαγείη
642 2081 678 2152 τὸ
696 2079 886 2172 παράδοξον
899 2086 959 2151 τοῦ
977 2078 1064 2168 πρά-

55 2211 81 2250 20
93 2211 228 2271 γματος,
247 2191 278 2252 εί
295 2177 336 2272 δη
354 2190 389 2253 οἰ
405 2187 569 2265 ἐξαίοῖνος
587 2191 696 2265 λίθοις
713 2185 769 2254 καί
787 2181 897 2265 ξύλοις
916 2185 971 2252 καί
992 2189 1063 2252 δαί-

94 2305 189 2374 μοσι,
208 2291 341 2373 θηρίοις
359 2313 394 2352 τε
412 2281 702 2372 άνθρωποβόροις,
727 2287 783 2354 καὶ
807 2287 957 2374 ἑρπετοῖς
976 2281 1064 2370 ἰοβό-

95 2395 182 2473 λοις,
210 2384 302 2478 ζῴοις
325 2412 362 2454 τε
385 2393 572 2469 παντοίοις,
599 2387 654 2453 καί
674 2389 844 2474 εἰδεχθέσι
867 2382 1063 2470 κνωδάλοις,

95 2495 181 2577 πυρί
196 2514 231 2557 τε
256 2489 311 2557 καὶ
328 2490 391 2577 γῇ,
415 2487 471 2555 καί
495 2501 565 2566 τοῖς
587 2490 647 2555 τού
671 2484 793 2566 παντὸς
820 2481 960 2574 άψύχοις
979 2506 1063 2554 στοι-

96 2596 196 2678 χείοις
215 2587 277 2677 τὴν
290 2586 473 2678 σεβάσμιον
486 2585 585 2676 τιμὴν
597 2589 837 2678 περιτιθέντες,
849 2588 907 2657 τὸν
921 2583 1063 2671 ὕψιστον
1080 2608 1091 2646 1>

58 2719 84 2760 25
97 2689 197 2779 θεὸν,
223 2689 281 2761 τόν
305 2689 452 2781 ούρανοῦ
478 2692 535 2760 καὶ
563 2695 624 2777 γῆς
648 2689 870 2780 δημιουργόν,
895 2685 997 2758 αὐτόν
1022 2685 1064 2775 δὴ

96 2789 155 2862 τόν
173 2796 241 2862 τοῖν
258 2799 440 2882 προφητῶν
449 2791 579 2883 κύριον,
597 2791 656 2863 τὸν
673 2790 916 2882 θεὸνἈβραάμ
929 2792 985 2860 καί
998 2797 1065 2860 τῶν

97 2892 219 2964 τούτου
248 2892 487 2984 προπατόρων,
517 2893 599 2985 μετά
621 2894 684 2982 τὴν
706 2898 766 2965 τού
794 2897 941 2981 σωτῆρος
970 2895 1065 2981 ἡμῶν

97 3003 288 3086 παρουσίαν
305 2992 568 3082 άιηκαλοῦνιαις
593 2999 643 3066 56.
663 3000 718 3066 καί
735 3003 771 3066 οί
789 2999 897 3089 μικρῷ
914 2994 1066 3084 πρόσθεν

97 3106 337 3189 μητρογαμίαις
366 3100 422 3167 καί
450 3101 742 3188 θυγατρομιξίαις,
780 3096 1066 3187 ἆλληλοφθορίαις

58 3232 85 3272 ιο
99 3230 134 3271 τε
152 3202 208 3270 καί
227 3205 400 3280 παντοίαις
413 3208 621 3290 μιαιφονίαις
633 3197 938 3287 ἐγκαλινδούμενον,
958 3203 993 3268 οί
1002 3227 1067 3287 μη-

100 3304 159 3372 δέν
185 3331 216 3372 τι
242 3298 419 3392 άνημέρων
444 3312 577 3394 θηρίων
601 3301 661 3373 τόν
686 3298 811 3391 τρόπον
839 3304 1065 3389 διαφέροντες,
