2326 3818
361 112 795 165 υυωοαεν.υναυο.υ.ε
1023 112 1064 176 99

92 278 175 342 σου,
201 255 256 323 καὶ
274 250 538 342 καταφεύξονται
556 258 641 342 ἔθνη
659 250 765 324 πολλοὶ
785 255 838 325 ἐπὶ
857 250 916 324 τδν
934 252 1063 346 κύριον,

93 359 150 428 καί
168 362 300 426 ἔσονται
318 350 410 449 αὐτῷ
429 361 476 437 εἰς
494 351 609 425 λαόν.”
641 361 691 426 40.
703 356 780 445 περὶ
795 345 842 426 ῶν
856 357 913 426 καί
926 351 1063 445 ἁρμόσει

92 460 273 547 λέγεσθαι,
288 452 368 526 “mxl
387 459 452 548 έρῶ
467 461 514 551 τῷ
533 447 572 527 οὗ
593 460 661 552 λαῷ
679 487 762 547 μου,
781 455 858 539 λαός
876 487 941 547 μου
960 459 991 529 εἷ
1008 457 1090 529 συ’.ι

93 562 150 630 καὶ
169 556 267 641 αὐτὸς
286 561 374 648 ἐρεῖ,
393 556 507 641 κύριος
525 553 542 629 ὁ
561 555 640 640 θεός
657 588 722 649 μου
740 558 772 630 εί
788 556 863 629 σύ.”
898 566 929 630 εί
947 561 983 630 δὲ
1002 559 1064 631 αὐ·-

67 661 149 744 ετός
168 662 311 733 ἐστικαὶ
331 658 406 731 οὐδ’
433 657 530 742 ἄλλος
548 659 565 730 ὁ
583 661 725 751 Χριστὸς
748 659 766 731 ὁ
786 663 822 730 ἐκ
840 665 929 753 ῥίζης
944 656 1063 732 Ἰεσσαί

93 760 296 852 βλαστησειν
314 760 617 854 προφητευόμενος,
636 767 691 833 καί
709 761 806 834 τοῦτό
823 765 930 851 γεκαὶ
950 759 1063 845 αὐτοῖς

88 865 254 956 Ἑβραίοις
279 861 549 955 ἀνωμολόγηται,
578 860 623 947 ῶς
646 869 776 956 μηδένα
803 870 963 956 μηδαμῶς
987 868 1063 955 περί

93 965 215 1038 τούτου
233 995 271 1056 γε
289 961 530 1056 ἀμφισβητεῖν,
548 963 610 1056 δρα
628 963 717 1048 ὅπως
735 969 791 1037 καί
809 958 905 1050 οὗτος
919 966 1065 1057 ἀναστή-

94 1081 216 1140 σεσθαι
231 1069 285 1140 ἐπὶ
299 1066 335 1138 τὸ
349 1065 464 1159 ἄρχειν
477 1063 518 1139 οὕ
531 1073 590 1138 τοῦ
605 1065 747 1159 Ἰσραὴλ,
765 1066 850 1139 ἀλλὰ
869 1075 937 1140 τῶν
952 1074 1065 1141 ἐθνῶν

55 1201 81 1244 10
95 1168 374 1260 ἀναπεφώνηται,
398 1168 439 1240 τά
456 1198 492 1240 τε
511 1177 596 1260 ἔθνη
615 1173 763 1241 ἐλπίσειν
782 1167 834 1240 ἐπ’
854 1167 962 1265 αὐτῷ,
987 1168 1061 1241 ἀλλ’

95 1270 199 1364 οὐχδ
228 1301 266 1362 γε
285 1269 416 1362 Ἰσραὴλ
440 1273 606 1362 λέλεκται,
639 1270 818 1363 ἐπειδήπερ
849 1269 948 1355 αὐτὸς
977 1263 1064 1362 ἦνὴ

94 1380 280 1464 προσδοκία
297 1377 366 1444 τῶν
385 1379 505 1445 ἐθνῶν.
541 1380 592 1445 41.
614 1371 665 1444 διδ
684 1377 739 1444 καὶ
757 1381 869 1463 κρίσιν
882 1393 950 1457 τοῖς
968 1383 1064 1445 έθνε·

94 1498 150 1548 σιν
168 1481 308 1561 ἐξοίσειν
326 1479 456 1565 λέγεται
474 1477 530 1545 καί
549 1483 596 1558 είς
614 1480 686 1565 φῶς
706 1479 818 1547 ἐθνῶν
844 1474 1064 1567 γενήσεσθαι·

95 1581 151 1649 καί
169 1576 270 1650 πάλιν
284 1573 362 1648 “ἐπί
381 1584 427 1673 τῷ
445 1575 582 1668 ὀνόματι
599 1575 705 1648 αὐτοῦ
724 1587 809 1667 ἔθνη
828 1580 989 1667 ἐλπιοῦσι,
1008 1582 1065 1649 καὶ

56 1709 82 1752 ιι
96 1689 143 1762 εἰς
162 1688 331 1771 σωτηρίαν
355 1678 568 1768 δοθήσεσθαι
585 1676 626 1751 οὐ
647 1678 762 1769 μόνοις
776 1679 961 1770 Ἰουδαίοις,
981 1678 1065 1750 ἀλλὰ

95 1784 152 1853 καί
182 1789 285 1853 πᾶσιν
316 1779 510 1871 ἀνθρώποις
541 1800 611 1864 τοῖς
644 1786 705 1864 ἕως
737 1781 875 1873 ἐσχάτου
906 1787 964 1872 τῆς
992 1788 1063 1870 γῆς.

94 1889 145 1956 42.
167 1882 219 1955 διδ
237 1887 293 1954 καὶ
311 1894 440 1973 εἴρηται
459 1879 550 1979 αὐτῷ
567 1882 634 1955 ὑπὸ
648 1888 708 1955 τοῦ
720 1888 995 1974 καταπέμψαντος
1006 1882 1064 1952 αὐ-

94 1984 154 2057 τὸν
171 1983 294 2075 πατρὸς
308 1980 442 2057 “mand
460 2010 499 2056 σε
517 1993 564 2070 είς
584 1984 751 2076 διαθήκην
769 1989 907 2076 γένους,
928 1995 974 2070 είς
992 1991 1064 2075 φῶς
1079 2017 1120 2068 (οη

97 2090 226 2176 ἐθνῶν,
249 2090 310 2160 τοῦ
333 2093 536 2176 καταστῆσαι
554 2085 616 2177 τὴν
633 2096 715 2178 γῆν,
744 2091 800 2158 καί
818 2093 1064 2179 κληρονομῆσαι

57 2198 317 2279 νοκληρονομίας
342 2185 520 2280 έρήμους.”
574 2189 758 2280 μαρτύριον
789 2191 827 2260 δὲ
850 2207 918 2270 τοῖς
949 2200 1068 2263 ἔθνεσί

96 2315 217 2380 φησιν,
238 2290 322 2362 ῶστε
346 2290 455 2362 πάντα
477 2291 516 2361 ιδ
535 2299 621 2381 ἔθνη
646 2291 686 2362 τδι
703 2290 925 2382 μηδεπῶποτέ
939 2323 970 2362 τι
988 2296 1064 2381 περὶ

96 2399 241 2481 Χριστοῦ
259 2391 492 2484 μεμαθηκότα,
512 2392 634 2481 γνόντα
651 2391 714 2481 τὴν
726 2397 803 2482 περὶ
815 2391 919 2463 αὐτοῦ
937 2401 1064 2463 οίκονο-

95 2503 188 2584 μίαν,
208 2499 263 2565 καί
280 2504 330 2578 τίς
344 2485 386 2584 ἦν
400 2491 535 2590 ἐναῶτῶ
550 2494 703 2585 δύναμις,
723 2499 983 2565 ἐπικαλέσασθαι
1002 2493 1064 2565 αὖ·
1154 2574 1157 2578 Α

95 2593 166 2685 τδν,
185 2598 241 2666 καὶ
257 2595 335 2679 τούς
348 2596 393 2687 μὴ
407 2595 510 2668 πάλαι
523 2595 685 2687 πρότερον
701 2597 830 2679 είδότας
844 2593 946 2668 αῶτδν
964 2596 1064 2680 λαοὺς

58 2724 83 2767 ιι
97 2696 148 2768 ἐπ’
170 2696 271 2768 αὐτὸν
294 2699 572 2790 καταφεύξεσθαι.
614 2704 665 2770 43.
686 2703 741 2770 καί
765 2707 801 2771 τί
820 2728 861 2789 με
886 2706 940 2770 δεῖ
956 2699 1066 2792 μηκύ-

98 2827 169 2868 νειν
192 2797 250 2869 τδν
275 2799 392 2889 λόγου,
425 2801 533 2893 παρὸν
564 2804 596 2886 ἐξ
620 2800 731 2872 αὐτῶν
755 2807 822 2873 τῶν
848 2807 1065 2892 προφητικῶν

97 2903 235 2987 λέξεων,
255 2890 302 2971 ῶν
320 2929 355 2971 τε
373 2907 615 2993 παρατέθειμαι
633 2908 689 2973 καί
707 2893 754 2974 ῶν
774 2906 827 2973 ἐπί
846 2908 965 2993 σχολης
983 2934 1064 2995 μυη-

96 3000 250 3092 μονεύσω
270 3007 307 3075 ἐν
323 3020 395 3087 ταῖς
412 3013 523 3087 θείαις
541 3009 737 3096 φερομένων
751 3023 906 3097 γραφαῖς,
925 3005 990 3099 ὅτῳ
1006 3015 1092 3093 φί-ε

98 3113 157 3175 λον
182 3099 407 3189 ἀναλέξασθαι
430 3107 487 3189 τὰς
518 3103 724 3196 προφητικῶς
755 3105 887 3196 φωνὰς,
919 3105 1065 3176 αὐτόθεν

166 3373 359 3438 σωκῶ
500 3373 724 3432 wama&
868 3375 1073 3436 ωωωμ

99 3440 288 3506 ωωωε
754 3458 799 3503 :a

761 3518 906 3590 ,ww
