2326 3818
124 153 199 219 χω
428 188 430 197 ι
544 153 695 206 amma

476 356 554 432 Ἀπὸ
572 365 632 430 τού
651 358 758 431 αὐτοῦ

71 526 125 578 (τοι)
217 510 289 571 xv1.
312 495 442 567 “Eldov
467 494 526 566 τόν
543 493 662 587 κύριον
684 492 879 584 καθήμενον
904 496 957 563 έπὶ
975 495 1106 585 θρόνου

137 594 269 688 ύψηλοῦ
292 600 348 668 καὶ
373 599 579 687 ἐπηρμένου,
609 599 665 666 καλ
689 598 865 686 Σοραφελμ
897 595 1110 684 είστῇκεισαν

137 698 249 794 κύκλῳ
275 695 410 770 αύτού.”
448 696 514 769 εἶθ’
541 693 672 786 ύποβάς
696 718 779 788 φησι
803 693 882 768 ’καὶ
904 694 1035 786 ῇκουσοι
1052 706 1136 789 τῇςτ

138 805 253 893 φωνῆς
271 806 392 889 κυρίου
410 802 575 888 λέγοντος,
594 807 670 870 τίνα
687 798 890 887 ἀποστείλω,
910 802 965 868 καὶ
983 807 1033 882 τίς
1052 827 1109 871 πο-

109 902 293 996 ορεύσεται
319 900 402 989 πρὸς
419 899 478 971 τὸν
496 900 578 972 λαὸν
594 908 730 986 τούτους
756 902 811 971 καλ
831 900 924 989 είπα,
951 899 1027 971 ίθού
1045 898 1110 990 έχιύ

140 1012 218 1092 είμι,
237 999 435 1073 ἀπόστειλύν
452 1031 509 1092 με,
528 1004 584 1073 καὶ
603 1002 693 1091 εἶπε,
716 1000 921 1091 πορεύθητι,
940 1005 996 1072 καὶ
1014 1002 1110 1073 εἷπον

138 1108 187 1198 τῇ
209 1108 278 1198 λαῷ
301 1101 426 1198 τούτῳ,
451 1102 536 1195 ἀκοῇ
552 1102 731 1192 ἀκούσετε,
756 1105 812 1174 καὶ
836 1100 877 1173 ού
903 1103 947 1194 μῇ
974 1108 1108 1193 συνῇτε,

140 1209 196 1276 καὶ
214 1207 392 1294 βλέποντες
417 1209 557 1295 βλέψετε
581 1207 635 1275 καλ
660 1203 702 1275 ού
724 1204 770 1295 μὴ
795 1211 896 1294 ἴδητε.
934 1205 1109 1295 ἐπαχύνθη
1123 1235 1148 1276 ιο

139 1305 205 1399 χάρ
223 1306 243 1397 ἡ
261 1313 382 1399 καρδία
401 1312 460 1378 τοῦ
478 1312 562 1378 λαοῦ
578 1305 710 1394 τούτου,
733 1309 789 1377 καὶ
807 1322 877 1388 τοῖς
896 1305 980 1389 ὠσὶν
998 1307 1111 1378 αὑτοῖν

140 1412 269 1500 βαρέως
285 1407 453 1499 ῇκονσαν,
473 1412 529 1479 καὶ
551 1406 629 1490 τούς
651 1404 850 1499 ὀφθαλμούς
874 1408 987 1480 αὑτοῖν
1010 1408 1112 1499 έκάμ-

140 1534 271 1602 μυσαν,
295 1510 422 1602 μήποτε
441 1517 539 1581 ἴδωσι
561 1527 629 1592 τοῖς
646 1506 848 1601 ὀφθαλμοῖς,
867 1514 923 1581 καὶ
940 1529 1009 1593 τοῖς
1028 1509 1112 1581 ἀσλν

140 1609 327 1702 ἀκούσωσι,
352 1615 409 1683 καὶ
431 1617 472 1703 τῇ
490 1618 614 1706 καρδίᾳ
630 1616 777 1701 συνεῖσι,
801 1614 1111 1703 καλέπιστρέψωσι,

141 1718 197 1785 καὶ
217 1714 360 1805 ίάσωμαι
378 1711 538 1795 αύτούς.”.
682 1728 685 1730 ’
1124 1732 1156 1783 ιε’

217 1822 246 1887 2.
269 1814 378 1906 ’Ἐχεις
396 1818 452 1886 καὶ
469 1814 599 1886 τούτων
616 1813 652 1885 τὸ
670 1812 877 1904 ἀποτέλεσμα
895 1817 950 1885 ἐπὶ
967 1817 1027 1884 τού
1044 1836 1113 1882 οω-

140 1921 238 2006 τῇρος
263 1913 377 2006 ἡμῶν,
409 1915 492 1986 κατά
514 1918 576 2005 μὲν
599 1915 658 1986 τὸν
672 1914 832 2005 Ἰωάννην
857 1913 1012 2005 φήσαντα
1033 1908 1112 1984 “το-
1155 1947 1159 1956 ·

143 2022 249 2087 σαῦτα
268 2019 306 2087 δέ
330 2013 436 2086 αύτοῦ
462 2033 581 2107 σημεῖα
610 2016 825 2106 πεποιηκότος
840 2025 1032 2107 ἔμπροσθεν
1050 2013 1114 2086 αύ-

117 2148 130 2175 c
143 2121 226 2206 τῶν,
245 2116 308 2188 ούκ
326 2121 527 2189 ἐπίστευσαν
544 2126 591 2201 είς
609 2115 728 2209 αὐτὸν,
754 2126 811 2189 ἵνα
828 2118 845 2190 ὁ
864 2117 960 2208 λόγος
974 2114 1114 2189 Ἠσαίου

142 2223 203 2290 τού
219 2218 393 2310 προφήτου
409 2226 573 2312 πληρωθῇ
586 2216 627 2291 ὃν
642 2216 852 2311 εἷπε“κύριε,
871 2228 921 2302 τίς
937 2223 1119 2291 ἐπίστευσε
1127 2251 1151 2290 εο

142 2325 184 2412 τῇ
209 2320 292 2414 ἀκοῇ
316 2317 427 2412 ῇμοὸν,
459 2324 515 2391 καὶ
537 2321 556 2392 ὁ
580 2330 729 2412 βραχίων
752 2330 872 2413 κυρίου
894 2330 961 2392 τίνι
985 2317 1115 2392 ἀπεκα-

142 2422 276 2514 λύφθη,
296 2427 352 2493 διὰ
369 2427 466 2495 τούτο
483 2422 548 2494 οὐκ
565 2421 737 2512 ῇὸύναντο
751 2421 936 2494 πιστεύειν·
958 2424 1030 2494 εἶπε
1048 2424 1113 2516 χάρ

143 2525 244 2595 πάλιν
257 2524 394 2606 Ἠσαίας
401 2579 410 2613 ,
435 2525 648 2615 κετύφλωκεν
666 2522 778 2594 αὐτῶν
802 2524 879 2606 τούς
901 2521 1113 2615 ὀφθαλμούς,

144 2629 199 2696 καλ
218 2625 401 2716 ἐκύρωσεν
419 2622 531 2696 αὐτῶν
547 2624 610 2714 τῇν
627 2633 782 2717 καρδίαν,
800 2633 856 2696 ἵνα
873 2625 919 2716 μὴ
934 2632 1031 2696 ίδωσι
1044 2643 1114 2709 τοῖς

57 2758 59 2761 ’
75 2755 129 2807 1283]
143 2726 344 2815 ὀφθαλμοῖς,
363 2728 420 2796 καὶ
437 2724 584 2814 νοήσωσι
599 2732 641 2818 τῇ
659 2734 792 2819 καρδίᾳ,
809 2730 865 2797 καλ
880 2731 1114 2817 έπιστρέψωσι,
1128 2751 1151 2796 ιο

144 2831 199 2898 καὶ
225 2826 368 2917 ίάσωμαι
391 2824 541 2910 αὐτούς.”
583 2833 613 2899 3.
642 2832 748 2899 ταῦτα
767 2828 861 2900 εἶπεν
875 2824 1029 2918 Ἡσαΐας,
1059 2826 1115 2901 ὅτε

144 2928 215 2998 εἶδε
232 2927 294 3017 τῇν
313 2929 413 3012 δόξαν
431 2926 545 3019 αύτού,
564 2933 619 3001 καὶ
640 2929 779 3021 έλάλησε
798 2934 875 3020 περὶ
893 2928 1013 3001 αὐτού·
1032 2932 1115 3001 κατά

114 3031 183 3104 οδε
208 3028 267 3101 τὸν
286 3034 469 3102 Ματθαϊον
481 3027 560 3102 “ὃ’τε
578 3031 823 3122 προσελθόντες
840 3039 876 3104 οί
889 3035 1038 3122 μαθηταὶ
1055 3030 1115 3102 αύ-

144 3137 203 3203 τού
223 3133 318 3204 εἶπον
335 3131 439 3228 αὐτῷ,
461 3132 564 3204 διὰτί
581 3138 619 3206 έν
635 3142 841 3223 παραβολαῖς
856 3133 969 3215 αὐτοῖς
984 3144 1116 3221 λαλεῖς,

143 3231 162 3303 ὁ
182 3236 218 3304 δέ
235 3231 432 3325 ἀποκριθεὶς
451 3235 560 3325 εἶπεν,
583 3230 665 3325 ύμῖν
683 3239 815 3307 δέδοται
833 3240 960 3326 γνωναι
983 3235 1024 3307 τά
1048 3266 1115 3326 μυ-
1128 3264 1153 3306 ιο

144 3384 349 3393 *mu--

202 3468 368 3533 οωοα
492 3470 700 3534 αωοῌκ
830 3468 1078 3532 ωωωωω
