2326 3818
268 61 272 67 ’
381 160 384 164 ³
486 96 720 148 ΚΑΊΑΓΡΑΦΗ.
885 56 897 67 “
1045 112 1096 149 m

124 250 243 308 σονται,
259 253 290 292 το
281 224 372 292 &N
353 232 441 311 αγιον
457 221 557 292 αὐτῶν
573 223 654 310 ίερδν
669 223 725 307 τὴν
739 227 895 328 ἕσχοίτην’
881 232 1006 312 ερημίαν
1021 223 1095 294 ῦπο-

126 323 218 396 μενεῖ.

169 406 241 469 546,
257 409 281 460 9
327 403 445 476 Σημεια
459 390 573 500 χρόνων
587 400 641 477 τῆς
656 400 709 460 τοῦ
724 399 831 478 κυρίου
849 399 893 474 είς
911 394 1095 481 ἀνθρώπους

126 486 262 547 καθόδου
283 477 352 544 τάδε
374 483 497 544 ἔσεσθαι
518 474 533 543 5
555 483 714 563 προφήτης
738 485 890 559 θεσπίζει,
918 489 1096 563 καθαίρεσιν

126 571 260 670 παντελῆ
280 569 338 629 τῶν
359 560 439 669 παρῦ
459 561 615 642 Ἰουδαίοις
629 589 748 648 σεμνων
768 567 850 630 ἐθῶν
869 567 1029 714 ἐπίγνωσιν
1043 575 1096 632 τοῦ

46 717 50 724 ρ
126 647 206 734 παρῦ
222 676 283 728 τοις
294 675 464 734 προφηταις
474 654 746 734 καταγγελλομὲνου
754 656 840 725 θεου
857 653 980 736 εἰρήνην
994 658 1096 734 βαθυ-

126 738 221 816 τάτην
230 735 359 802 πάντων
373 740 435 800 τῦν
450 735 562 801 ἐθνῶν.

60 892 67 901 ἀ
169 831 239 893 550
255 835 281 889 2
325 829 441 902 Σημεῖα
456 820 571 902 χρόνων
585 825 638 901 τῆς
653 846 705 885 του
693 825 798 885 θεοῦ
813 818 944 904 λόγον’
916 846 958 898 εις
972 815 1095 905 οἰνθρῦ·

125 930 201 983 πους
222 913 402 988 παρουσίας,
422 909 526 985 κλῆσίς
548 930 578 975 τε
599 898 756 987 ἐθνῶν,
740 906 850 990 υστῦτη
869 931 900 974 τε
922 911 1097 989 καθαίρεσις

67 1012 70 1016 ·
126 996 178 1072 τῆς
189 989 405 1072 Ἰερουσαλήμ.
1144 1002 1148 1008 “

169 1083 246 1147 558,
269 1085 310 1138 10.
356 1082 473 1156 Σημεῖα
496 1073 613 1177 χρόνων
637 1081 690 1155 τῆς
716 1079 770 1139 τοῦ
796 1079 901 1158 κυρίου
921 1081 1096 1158 παρουσίας,

126 1163 301 1242 Αἰγυπτίων
317 1161 475 1269 ἐπίγνωσις
489 1164 543 1223 τοῦ
559 1186 619 1224 των
617 1164 798 1261 προφητῶν
813 1165 949 1262 κυρίου.

169 1253 247 1316 562,
263 1256 287 1309 3
332 1246 410 1352 Περὶ
425 1249 486 1308 τῶν
501 1241 575 1308 κατὰ
591 1238 646 1324 την
662 1238 949 1325 ίνυνθριῦπησιν’
912 1251 1006 1310 αυτοῦ
1021 1271 1097 1325 πρα-

126 1330 334 1435 χθησομὲνων,
349 1331 400 1394 καὶ
417 1329 484 1412 περὶ
500 1353 552 1393 του
539 1331 712 1409 φανέντος
727 1329 827 1392 ἐπὶ
790 1355 826 1414 τη
840 1332 953 1412 γενέσει
968 1337 1098 1413 σωτῆρος

126 1411 214 1494 ἡμῶν
228 1408 393 1516 ἀστέρος

170 1505 240 1569 567,
256 1510 282 1560 7.
311 1486 393 1574 “529
378 1524 394 1562 ο
410 1497 516 1599 κῦριος
529 1491 636 1580 ἐπιβὰς
651 1521 688 1562 ου
676 1489 908 1580 ῦνείληφενίξ
894 1494 1010 1581 ξῦγίας
1025 1525 1098 1602 παρ-

126 1584 220 1648 θένου
246 1583 398 1662 σοι’ματος,
426 1577 509 1661 ἥξειν
533 1583 576 1659 εἰς
596 1584 757 1664 Αἴγυπτον
776 1586 874 1666 ρητῦς
897 1586 999 1648 τεκαὶ
1022 1581 1098 1648 κατὰ

128 1665 267 1733 διοὶνοιαν
281 1667 466 1745 ἕθεσπίζετο,
482 1662 563 1731 πῦσοί
577 1691 607 1731 τε
623 1667 726 1733 ἐπὶ
688 1693 741 1747 της
756 1671 920 1750 παρουσίας
934 1665 1028 1734 αὐτοῦ
1043 1695 1097 1732 κα-

127 1752 371 1858 θαιρεθησεσθαι
387 1777 448 1816 των
464 1752 565 1817 ἐθνῶν
581 1754 807 1833 δεισιδαιμονία

65 1882 68 1887 >
171 1846 246 1909 569,
262 1853 305 1903 22.
344 1835 433 1914 Ὡςο
417 1830 584 1917 ῦΧριστδς
605 1839 646 1915 είς
667 1840 824 1920 Αἴγυπτον
850 1834 932 1918 ἧξειν
953 1831 1099 1903 κῦκειθεν

131 1920 381 1989 ἐπανελεύσεσθαι
396 1925 565 2005 προείρητο.

173 2015 244 2076 573.
261 2020 305 2074 21,
334 2006 400 2072 ’Ἐτι
423 2008 491 2090 περὶ
512 2012 583 2088 τοῦ,
603 2007 677 2087 {EA
677 2004 803 2089 ἰγῦπτου
823 2001 992 2070 ἐκάλεσα
962 2032 1014 2071 τον
1029 2008 1100 2072 υίόν

130 2115 202 2171 μου,
220 2094 270 2154 καί
286 2118 354 2197 περι
346 2088 503 2173 Ἡρώδου
516 2115 570 2157 του
558 2093 687 2174 ’ἐβασιλ
688 2117 743 2171 ως,
765 2118 816 2156 και
807 2092 957 2175 1’περὶ
920 2118 973 2172 της
987 2101 1099 2155 καθαι-

132 2177 236 2255 ρέσεως
249 2181 302 2255 της
314 2173 468 2242 Ἰουδαίων
481 2180 648 2278 βασιλείας

174 2266 250 2331 576,
266 2272 291 2323 9.
336 2262 413 2339 Περὶ
434 2267 488 2325 τοῦ
514 2257 589 2325 κατῦ
615 2256 671 2342 τὴν
690 2253 844 2345 δρημονἸ
843 2258 961 2325 ωῦννον
990 2261 1100 2345 κηρῦγ·

131 2367 231 2426 ματος.

174 2435 303 2498 58916.
333 2427 399 2494 Ἑτι
419 2428 487 2507 περὶ
509 2431 562 2509 της
586 2429 716 2534 ἔρημον,
735 2429 786 2493 καί
799 2425 894 2493 αῦτου
881 2427 974 2510 55
962 2431 1100 2510 ονομαστὶ

69 2583 72 2588 .
130 2538 183 2577 του
170 2505 512 2594 Ἰορδῦνουποταμοῦ,
527 2538 629 2615 παρ
618 2539 640 2576 ω
653 2509 931 2617 Ἰωῦννηςίβῦπτιζ
914 2521 973 2592 ζ.εν

174 2605 252 2668 582,
274 2611 316 2664 27.
355 2599 431 2679 Περὶ
459 2603 512 2662 τοῦ
537 2594 609 2679 μετῦ
634 2594 666 2662 τό
686 2600 842 2681 βάπτισμα
861 2604 1028 2683 πειρασμοῦ
1047 2604 1101 2664 τοῦ

133 2686 274 2765 Χριστοῦ.

173 2775 246 2847 589,
261 2779 304 2831 22.
334 2769 463 2846 Περι
427 2792 478 2847 της
490 2770 704 2843 Γαλιλαιας
661 2793 723 2832 των
734 2767 850 2840 ἕθνων
866 2759 951 2848 ἐφ’
931 2764 1100 2878 ηδσωτήρ

130 2846 220 2952 ἡμῶν
234 2849 270 2915 τῦ
291 2859 412 2916 πλεῖστα
432 2856 492 2915 τῦν
506 2852 683 2955 παραδόξων
703 2851 874 2936 εἰργάσατο,
895 2855 1031 2935 καὶπερὶ
1048 2859 1101 2933 της

130 2941 189 3000 τῶν
204 2929 377 3000 ῦποστόλων
392 2933 489 3000 αὐτοῦ
503 2938 644 3040 κλήσεως.

172 3029 244 3093 594,
259 3034 285 3085 9.
324 3021 452 3103 Περὶ
416 3048 468 3102 της
483 3027 542 3086 τῶν
556 3016 732 3088 ἀποστόλων
746 3025 889 3104 κλήσεως.

170 3114 243 3177 595,
260 3118 303 3171 14:
339 3108 416 3186 Περὶ
431 3111 483 3187 τῆς
497 3112 687 3211 προφητικῆς
698 3100 908 3216 αἰναγνωσεως,
924 3102 963 3186 ἣν
978 3102 1067 3181 αῦτδς
1083 3097 1099 3169 5

128 3192 234 3269 κύριος
248 3185 336 3272 ἡμῶν
351 3194 478 3270 διῆλθεν
492 3191 541 3257 ἐπὶ
547 3199 610 3296 τῆς
624 3200 801 3297 σγναγωγῆς
816 3196 878 3255 τῶν
889 3191 1051 3255 Ἰουδαίων.

172 3282 243 3346 597,
258 3289 283 3339 4
322 3277 451 3359 Περὶ
413 3302 466 3357 της
481 3273 557 3340 κατῦ
570 3302 603 3341 το
594 3272 792 3360 εὐαγγέλιον
806 3301 858 3342 του
847 3280 1002 3358 Χριστοῦ
1015 3298 1101 3356 νομο-

128 3363 240 3436 θεσίας.
