2326 3818
114 120 179 185 344
538 118 687 170 EUSEBII

115 258 169 329 ὅτε
187 261 322 347 ἔβρεξεν
347 254 364 327 ὁ
389 257 504 348 κύριος
527 260 595 349 πῦρ
619 254 708 346 παρὰ
732 262 853 347 κυρίου
872 258 926 326 ἐπὶ
945 254 1090 348 Σόδομα

116 362 172 429 καὶ
189 357 352 450 Γόμορρα.
389 359 509 429 ὁποίαν
527 361 715 448 τοιγαροῦν,
734 359 829 447 φησὶ,
850 357 905 426 διά
918 356 976 439 τάς
991 358 1091 431 ἐκτό-

92 487 199 542 επους
225 467 422 550 δυσσεβείας
439 458 599 550 ὑπέμεινε
616 455 850 549 καταστροφὴν
874 455 915 528 τά
933 456 1088 551 Σόδομα,

114 565 251 633 τοιαῦτα
269 565 325 632 καὶ
342 564 454 651 ὑμεῖς,
474 551 499 630 ὦ
517 551 625 649 οῦτοι,
651 568 829 648 πείσεσθε,
854 560 909 628 καὶ
927 556 1006 629 οὐδ’
1027 557 1089 632 οῦ-

114 693 178 745 τως
197 665 417 754 ἐπεστρέψατε
443 658 526 752 πρός
543 690 592 751 με.
636 659 784 750 σύνηθες
802 661 839 730 δὲ
856 664 899 752 τῇ
916 667 1035 754 γραφῇ
1049 662 1115 735 τὸν

114 767 237 854 μέλλον
261 762 305 846 ὡς
329 761 564 853 παρεληλυθός
588 767 723 852 δηλοῦν.
772 758 856 832 ὥστε
880 763 936 831 καὶ
961 760 1003 832 τά
1021 791 1091 835 πα-

115 863 217 955 ρόντα
242 860 363 953 ὁμοίως
386 859 449 954 χρὴ
472 880 583 950 νοεῖν,
608 860 682 932 ἀντὶ
701 863 763 953 μὲν
786 866 846 933 τοῦ
869 868 1091 954 καταστρέφω

114 970 292 1055 μέλλοντος
326 968 385 1034 τοῦ
415 966 659 1057 παρῳχημένου
691 968 868 1054 εἰρημένου
901 969 961 1037 τοῦ
993 968 1089 1037 κατέ-

115 1080 258 1154 στρεφα,
284 1064 358 1136 ἀντὶ
384 1067 421 1135 δέ
445 1070 505 1136 τοῦ
532 1062 825 1155 ἐπιστραφήσεσθε
847 1069 908 1135 τοῦ
932 1068 1089 1158 έπεστρέ

115 1182 199 1249 φατε
216 1169 379 1257 κειμένου.
417 1173 445 1238 3.
464 1171 570 1239 ταῦτα
589 1168 627 1236 δέ
644 1167 726 1256 πρὸς
739 1161 776 1235 τό
792 1161 965 1237 Ἰουδαίων
984 1174 1088 1251 ἔθνος
1101 1202 1129 1242 ιο

114 1263 341 1357 ἀποτείνεται,
359 1263 382 1337 δι’
398 1272 455 1339 καὶ
471 1265 548 1339 οὐδ’
568 1265 685 1338 ἀλλοτε
701 1262 723 1354 ἢ
739 1264 822 1356 μετά
839 1265 902 1355 τὴν
924 1267 1008 1338 κατά
1025 1276 1089 1340 τοῦ

115 1371 262 1460 σωτῆρος
284 1366 380 1460 ἡμῶν
406 1367 589 1459 ἐπιβουλὴν
613 1376 661 1451 εἰς
690 1365 811 1450 αὐτοὺς
837 1372 1030 1459 ἐπληροῦτο.
1068 1365 1086 1440 δ

87 1476 199 1559 ογοῦν
218 1471 305 1562 λερὸς
324 1466 436 1543 αὐτῶν
453 1474 509 1541 καὶ
526 1468 563 1541 τό
581 1473 663 1561 πρὶν
687 1468 779 1558 ἀφιος
802 1466 903 1551 τόπος
922 1476 969 1552 εἰς
986 1474 1087 1543 τοῦτο

115 1578 180 1643 νῦν
198 1579 399 1664 περιῆλθεν,
425 1567 469 1654 ως
493 1569 576 1642 κατά
594 1571 701 1661 μηδὲν
723 1575 781 1658 τῆς
799 1567 966 1660 Σοδόμων
984 1601 1088 1659 κατα-

114 1679 261 1764 στροφῆς
285 1669 434 1744 ἀποδεῑν.
476 1673 565 1761 πλὴν
595 1669 683 1762 ὅμως
707 1679 833 1761 καίπερ.
850 1668 1023 1743 ἀκόλουθα
1045 1676 1088 1764 τῇ
1100 1706 1127 1747 15

115 1773 297 1864 προρρήσει
314 1772 533 1862 πεπονθότες,
551 1771 647 1843 οῦπω
665 1775 721 1842 καὶ
739 1781 786 1854 εἰς
805 1778 905 1864 δεῦρο
923 1772 985 1863 τὴν
1001 1772 1087 1865 πρός

113 1871 328 1964 τόνΧριστὸν
344 1877 406 1945 τοῦ
417 1878 515 1962 θεοῦ,
534 1870 580 1944 δι’
600 1869 640 1944 δν
652 1881 755 1944 ταῦτα
769 1872 994 1964 πεπόνθασιν,
1013 1879 1087 1945 έπι-

115 1974 266 2065 στροφὴν
285 1973 497 2063 ἐποιήσαντο·
533 1970 577 2058 ῦς
602 1973 735 2056 εἰκότως
754 1977 810 2045 καὶ
832 1978 929 2045 τοῦτο
954 1974 1010 2045 διά
1026 1980 1085 2063 τῆς

116 2079 152 2146 ἐν
169 2077 263 2164 χερσὶ
280 2082 501 2159 θεσπίζεσθαι
519 2084 722 2167 προφητείας
740 2074 901 2165 λεγοῦσης
915 2071 993 2147 “καλ
1007 2073 1084 2147 οὐδ’

116 2172 160 2259 ῦς
179 2178 402 2267 ἐπεστρέψατε
420 2176 503 2268 πρός
520 2208 572 2268 με,
592 2181 683 2266 λέγειΙ
698 2173 845 2263 κῦριος.”
1099 2210 1126 2250 ω

42 2489 92 2592 ίάῦέ
384 2487 392 2495 .
438 2495 517 2567 Ἀπὸ
535 2501 595 2567 τοῦ
609 2492 753 2582 Ἀβδιοῦ

143 2624 215 2692 Περὶ
228 2626 284 2679 τῶν
297 2620 351 2678 δῦο
363 2626 481 2690 κυρίων,
493 2619 602 2688 πατρὸς
615 2623 665 2677 καὶ
677 2625 729 2691 τῆς
742 2626 799 2678 τῶν
811 2619 909 2678 ἐθνῶν
921 2621 1054 2690 κλήσεως.

192 2761 293 2820 XXIV.
321 2744 478 2836 “”Ορασις
498 2742 642 2834 Ἀβδιοῦ
690 2745 771 2817 τάδε
794 2751 883 2836 λέγει
907 2745 1021 2837 κῦριος
1043 2751 1087 2839 τῇ

107 2845 294 2939 Ἰδουμαία,
322 2845 428 2935 ἀκοὴν
446 2844 573 2935 ἥκουσα
591 2845 680 2937 παρά
694 2856 832 2939 κυρίου,
851 2850 907 2918 καὶ
926 2846 1086 2939 περιοχὴν

113 2954 160 3027 εἰς
191 2947 232 3016 τδι
264 2954 349 3039 ἔθνη
386 2953 601 3033 ἐξαπέστειλε.
664 2947 778 3039 κύριος
815 2944 833 3019 δ
863 2947 944 3032 θεός
979 2946 1084 3037 ἀκοὴν
1097 2977 1124 3017 ιε

113 3045 237 3136 ἤκουσε
255 3049 345 3141 παρά
363 3047 518 3142 κυρίου.”
555 3053 611 3121 καλ
629 3048 712 3138 αῦτη
731 3052 768 3120 δέ
786 3041 830 3139 ἦν
847 3053 924 3143 περὶ
942 3054 999 3139 τῆς
1014 3053 1085 3131 τῶν

114 3153 227 3222 έθνῦν
244 3151 402 3241 κλήσεως.

116 3317 317 3327 -—-—--—-.

182 3417 214 3467 23
234 3416 305 3471 Obd.
319 3420 342 3467 1.
