2326 3818
118 112 177 173 118
519 111 673 177 Eusfflsn¹

195 257 261 320 10³.
299 249 466 331 Πολλάκις
483 254 586 321 τινοῖν
604 252 794 341 λεγομένων
810 257 947 322 ἔσεσθαι
962 255 999 321 ἐν
1014 255 1085 323 ἐπι·

115 353 209 447 σῆμφ
228 347 344 444 ἡμέρᾳ,
362 348 453 422 τοῦτ’
479 360 570 423 ἐστιν
600 358 637 424 ἐν
662 357 839 445 ἐπιφανείᾳ
865 351 1005 442 χρόνου,
1032 362 1085 425 λο-

115 459 223 550 γισμῷ
241 453 444 544 συνάγοντες
458 454 520 543 τῆν
542 458 610 525 τῶν
635 458 852 544 δηλουμένων
876 451 1086 525 άκολουθίαν

117 561 169 627 ἐπὶ
187 557 249 646 τῆν
267 561 327 628 τοῦ
344 561 427 628 θεοῦ
446 565 634 648 παρουσίαν
658 555 889 645 ἀναφέρεσθαι
907 552 1085 640 ῦπεδείξα·

115 689 188 751 μεν,
208 658 289 730 καθ’
317 655 359 748 ῆν
384 662 444 729 τοῦ
468 655 593 739 παντός
613 657 786 729 Ἰουδαίων
810 667 934 740 ἔθνους
960 655 1113 731 &nom-5

116 767 284 852 σουμένου
309 766 473 840 σπανίους
505 758 598 842 τινάς
622 759 841 849 σωθῆσεσθαι
858 756 941 841 ’τοῦς
967 764 1000 843 ἐξ
1025 758 1085 831 αῦ-

118 869 186 934 τοῦν
217 865 590 950 καταλειφθησομένους
614 868 649 932 οί
681 872 769 932 θεῖοι
807 867 946 950 δηλοῦσι
981 861 1084 950 λόγοι.

91 992 105 1030 ο
121 972 190 1033 109.
205 961 226 1052 ῆ
244 993 282 1051 γε
294 961 361 1052 μῆν
375 962 456 1052 μετὰ
468 980 580 1055 χεῖρας
599 967 683 1047 λέξις
696 961 955 1054 καὶτῆνῆμέραν
964 962 1087 1035 καὶτὸν

120 1064 315 1153 διὰταύτης
339 1064 585 1155 σημαινόμενον
608 1063 733 1158 χρόνον
756 1067 811 1135 καὶ
835 1063 875 1135 τά
899 1068 951 1135 ἐπὶ
978 1063 1087 1161 τοῦτην

117 1167 353 1258 συμβεβηκότα
399 1167 583 1238 λευκότατα
620 1175 835 1258 παρίστησιν·
876 1175 1086 1253 θεσπίζουσα
1100 1198 1126 1237 ιο

116 1269 179 1359 γὰρ
197 1267 258 1357 τῆν
282 1273 317 1339 ἐκ
336 1271 521 1360 σπέρματος
545 1274 605 1339 τοῦ
635 1272 752 1357 Δαβλδ
768 1273 997 1359 γενησομένην
1024 1273 1088 1339 τοῦ

62 1401 102 1454 μοι
118 1377 261 1461 Χριστοῦ
283 1376 417 1461 γένεσιν
442 1370 527 1461 ὁμοῦ
551 1375 606 1441 καί
623 1372 685 1460 τῆν
700 1370 873 1443 Ἰουδαίων
891 1367 1089 1442 ἀπόπτωσιν

115 1491 368 1565 προαναφωνεῖ·
388 1477 476 1564 λέγει
503 1476 539 1544 δὲ
562 1472 668 1553 οὕτως
705 1480 774 1542 110.
802 1468 906 1543 “ίδοῦ
932 1470 974 1560 δῆ
992 1467 1010 1542 ῦ
1030 1479 1089 1543 δε-

115 1575 238 1664 σπότης
271 1574 384 1664 κύριος
417 1574 570 1663 Σαβαὼθ
595 1573 794 1664 συνταράξει
824 1572 901 1657 τοῦς
929 1573 1088 1657 ἐνδόξους

114 1677 196 1766 μετὰ
222 1675 351 1766 ίσχῦος,
378 1679 432 1745 καί
457 1681 492 1746 οί
513 1674 637 1765 ῦψηλοὶ
665 1675 997 1763 ταπεινωθῆσονται,
1029 1680 1085 1747 καί
1102 1707 1127 1747 ιι

115 1784 295 1849 πεσοῦνται
313 1784 347 1848 οί
362 1773 486 1867 ῦψηλοὶ
502 1788 660 1872 μαχαίρᾳ,
675 1777 693 1849 ό
714 1779 750 1847 δὲ
770 1784 917 1866 Λίβανος
935 1775 1001 1848 σῦν
1017 1794 1088 1861 τοῖς

117 1876 260 1969 ῦυηλοίς
278 1876 455 1950 πεσεῖται.”

195 1990 347 2068 Λίβανον
367 1982 403 2050 δὲ·
423 1984 572 2051 ἐνταῦθα
590 1979 652 2069 τῆν
661 1978 876 2071 Ἱερουσαλῆμ
895 1987 1088 2069 αἰνίττεται,

117 2081 161 2163 ὡς
181 2086 217 2152 ἐν
235 2085 357 2171 ἑτέροις
375 2080 608 2173 ἀπεδείξαμεν,
632 2079 675 2174 ῆν
697 2081 778 2173 μετά
796 2082 932 2153 πάντων
955 2086 1023 2152 τῶν
1051 2086 1089 2153 ἐν

116 2183 202 2276 αῦτῆ
230 2188 363 2273 σεμνοῦν
386 2188 441 2255 καὶ
466 2184 611 2268 ἐνδόξων
629 2196 807 2256 πεσεῖσθαι
831 2180 849 2254 ό
868 2182 964 2272 λόγος
989 2180 1128 2257 ἄπει-κο

117 2295 176 2357 λεί.
214 2290 268 2356 καὶ
300 2285 404 2357 ταῦτά
427 2315 466 2378 γε
486 2286 810 2378 προανατεινάμενος
833 2289 907 2374 ἑξῆς
943 2288 1089 2375 ἐπιλέγει

113 2386 197 2460 “nal
220 2388 429 2473 ἐξελεύσεται
453 2387 578 2479 ῥάβδος
609 2393 645 2460 ἐκ
673 2393 730 2477 τῆς
757 2393 847 2480 ῥίζης
867 2386 1004 2476 Ἰεσσαὶ,
1031 2391 1088 2459 καὶ

60 2517 103 2569 (τε)
119 2490 224 2575 άνθος
233 2496 268 2561 ἐκ
275 2496 332 2582 τῆς
346 2497 435 2582 ῥίζης
449 2488 654 2580 άναβῆσεται
663 2486 691 2579 ,”
711 2493 764 2560 καλ
780 2490 819 2560 τὰ
836 2493 919 2578 ἑξῆς.
943 2494 1013 2560 Ill.
1025 2513 1090 2561 σα-

119 2597 265 2682 φέστατα
289 2591 351 2681 τῆν
378 2598 413 2663 ἐκ
437 2598 527 2682 ῥίζης
549 2589 687 2679 Ἰεσσαὶ,
717 2592 825 2682 πατὴρ
851 2593 888 2661 δέ
912 2581 956 2680 ῆν
990 2580 1089 2674 οῦτος

119 2699 177 2764 τοῦ
203 2696 335 2783 Λαβὶδ,
363 2696 496 2782 γένεσιν
517 2698 577 2763 τοῦ
605 2696 750 2783 Χριστοῦ
773 2690 951 2783 παριστὰς,
978 2691 1034 2783 ἐφ’
1064 2684 1088 2785 ῆ
1101 2726 1128 2765 ιο

119 2799 247 2884 γενέσει
265 2792 327 2885 τῆν
343 2800 411 2865 τῶν
430 2798 543 2866 ἐθνεῦν
561 2799 680 2884 κλῆσιν
697 2793 860 2886 πρότερον
876 2796 938 2885 μὲν
965 2791 1012 2865 δι’
1035 2802 1091 2866 αί-

119 2906 277 2987 νίγματος
326 2901 522 2991 προφητικῷ
566 2895 678 2992 τρόπῳ
715 2895 898 2987 ιἰναφωνεϊ.
951 2896 988 2967 τῦ
1023 2896 1089 2988 γὰρ

116 2994 133 3019 “
144 2997 459 3088 συμβοσκηθῆσεται
477 2999 577 3080 λῦκος
595 3000 675 3090 μετὰ
694 2995 819 3089 ῦρνός,
844 3000 900 3068 καὶ
924 2995 1090 3090 πάρδαλις

120 3101 184 3173 σῦν
204 3106 307 3196 ἐρίφῳ
326 3100 651 3191 συναναπαῦσεται,”
677 3105 732 3171 καί
749 3099 789 3171 τὰ
806 3103 961 3188 τοιαῦτα,
984 3095 1089 3170 οῦδὲν

120 3207 234 3294 ἕτερον
257 3199 278 3292 ῆ
301 3207 370 3274 τῶν
396 3199 525 3296 άγρίων
552 3208 606 3274 κοιλ
630 3200 771 3292 άπηνῦν
797 3201 856 3274 τὸν
878 3200 1003 3295 τρόπον
1031 3203 1085 3272 καλ
1102 3235 1129 3274 ιο

189 3440 220 3487 13
238 3438 286 3490 Εε.
306 3440 344 3499 10,
365 3441 406 3490 33.
510 3440 542 3489 22
562 3439 607 3488 Es.
629 3439 669 3502 11,
689 3439 712 3488 1.
