2326 3818
113 113 175 177 672
521 110 668 162 ευευοτι
1136 186 1146 229 3

113 251 172 323 τὸν
189 254 326 323 Λουκάν
339 245 504 338 “είστήκει
522 246 540 318 ὁ
559 246 638 330 λαός
654 251 814 340 θεωρῶν,
833 251 888 317 καί
908 247 1087 339 έξεμυιιτή-
1133 230 1156 321 “f

115 363 206 441 ριζον
224 347 327 422 αὐτὸν
343 357 378 421 οί
392 347 550 440 ἄρχοντες
568 348 633 420 σύν
647 347 760 430 αὐτοῖς
773 353 943 438 λέγοντες,
962 346 1088 436 ἄλλους
1149 352 1157 459 η

116 463 236 543 ἔσωσε,
264 451 403 524 σωσάτω
423 451 560 539 ἑαυτὸν,
586 458 618 522 εί
638 441 735 532 οὗτός
754 453 844 522 ίστιν
869 449 1089 540 ὁΧριστδςό
1151 459 1158 539 l

115 556 187 639 υίὸς
205 561 264 625 τοῦ
282 558 367 626 θεοῦ
384 551 402 623 ὁ
422 548 605 633 ἐκλεκτός.”
641 557 692 622 53.
714 553 796 622 κατὰ
816 552 854 623 δὲ
867 550 927 624 τὸν
939 550 1091 642 Μάρκον
1151 542 1158 597 '¹

111 653 189 729 “nal
215 661 250 727 οί
270 653 475 746 παράγοντες
502 652 741 744 ἐβλασφήμουν
765 651 885 743 αὐτὸν,
912 661 1116 741 κινοῦντεςε

114 750 338 846 τάςίιεφαλὰς
362 755 476 827 αὐτῶν
504 757 560 826 καὶ
583 758 753 845 λέγοντες,
776 752 854 826 οὐαὶ
872 753 890 825 ὁ
909 755 1092 830 καταλύων

116 860 175 932 τὸν
200 856 301 947 ναόν,
326 861 382 928 καὶ
407 862 445 927 έν
467 859 576 947 τρισὶν
599 853 736 948 ἡμέραις
760 863 948 947 οἰκοδομῶν
970 856 1090 950 αὐτὸν,

117 966 228 1031 σῶσον
240 956 394 1046 σεαυτὸν,
409 955 709 1047 καὶκατάβηθιάπὸ
715 965 775 1030 τοῦ
789 961 946 1048 σταυροῦ.
965 957 1090 1048 ὁμοίως
1146 1034 1150 1041 ,

118 1065 173 1132 καὶ
192 1066 225 1132 οί
240 1056 405 1151 ἀρχιερεῖς
428 1064 639 1150 ἐμπαίζοντες
664 1068 711 1141 είς
728 1056 893 1149 ἀλλήλους
919 1057 1001 1150 μετά
1018 1067 1091 1132 τῶν
1149 1128 1153 1133 .

117 1164 337 1253 γραμματέων
362 1169 493 1250 ἔλεγον,
518 1158 639 1244 ἄλλους
658 1168 800 1252 ἔσωσεν,
826 1158 947 1233 ἑαυτὸν
964 1158 1006 1232 οά
1024 1161 1091 1234 δά-
1103 1190 1130 1233 ιι

119 1292 215 1335 ναται
234 1271 348 1334 σῶσαι.
380 1261 398 1333 ὁ
416 1261 557 1352 Χριστὸς
570 1257 588 1332 ὁ
603 1260 759 1350 βασιλευς
768 1269 829 1334 τοῦ
844 1260 975 1352 Ἰσραήλ
989 1292 1090 1336 κατα·

120 1364 209 1453 βάτω
228 1369 292 1436 νῦν
309 1361 374 1434 άπδ
392 1368 453 1435 τοῦ
470 1369 634 1454 σταυροῦ,
660 1371 715 1435 ἵνα
736 1370 861 1455 ίδωμεν
879 1369 935 1436 καὶ
952 1364 1091 1438 πιστεά-
1145 1374 1152 1391 ’“

120 1492 233 1556 σωμεν
250 1461 375 1560 αὐτῷ.”
411 1469 461 1536 54.
481 1469 586 1535 ταῦτα
603 1464 667 1555 γάρ
684 1474 720 1537 τί
734 1462 777 1535 άν
795 1469 948 1557 διαφέροι
965 1470 1035 1538 των
1054 1471 1093 1540 ἐν

120 1574 166 1662 τῷ
188 1573 316 1660 Ψαλμῷ
334 1569 717 1656 προαναπεφωνημένων
744 1572 781 1639 έν
797 1569 846 1662 τῷ
858 1564 946 1657 “ἐγά
965 1570 1007 1638 δέ
1022 1575 1092 1659 είμι

51 1699 106 1750 (ιω)
121 1666 267 1758 σκάληξ,
291 1671 347 1738 καὶ
371 1665 434 1739 οὐκ
451 1664 647 1756 ἅνθρωπος,
674 1666 804 1751 ὄνειδος
821 1667 1015 1760 άνθράπων
1033 1673 1092 1743 καὶ
1105 1696 1131 1740 ιε

122 1774 325 1861 έξονδένημα
349 1777 440 1840 λαοῦ.
482 1768 603 1853 πάντες
626 1775 662 1840 οί
681 1774 890 1860 θεωροῦντές
913 1799 954 1860 με
973 1774 1090 1860 ἐξεμυ-

121 1870 281 1961 κτήρισάν
298 1901 356 1962 με,
380 1871 545 1960 ἐλάλησαν
564 1876 601 1943 ἐν
617 1879 780 1962 χείλεσιν,
808 1875 966 1956 ἐκίνησαν
983 1898 1092 1959 κεφα-
1149 1896 1153 1905 ·

121 1973 202 2061 λήν,
226 1972 368 2061 ήλπισεν
386 1977 440 2043 ἐπὶ
458 1972 593 2062 κύριον,
620 1969 783 2061 ῥυσάσθω
801 1966 921 2059 αάτόν,
949 1968 1091 2042 σωσάτω

123 2072 243 2162 αὐτὸν,
268 2070 318 2144 ὅτι
341 2077 435 2144 θέλει
454 2070 588 2145 αὐτόν.”
637 2078 688 2144 55.
709 2074 764 2143 καὶ
787 2068 832 2163 μή
855 2069 1035 2164 θαυμάσῃς
1061 2083 1092 2145 εί

121 2179 225 2246 ταῦτα
248 2172 330 2246 κατά
355 2174 522 2258 τὸπάθος
545 2181 605 2246 τοῦ
629 2178 777 2265 σωτήρος
800 2172 896 2265 ήμῶν
920 2173 1029 2265 είρητό
1052 2203 1090 2246 τε
1104 2205 1131 2246 εν

122 2280 177 2347 καὶ
195 2275 409 2367 πεπλήρωτο,
435 2273 535 2348 ὁπότε
553 2280 652 2348 είσέτι
678 2283 778 2365 δεῦρο
802 2275 892 2367 παρά
909 2281 1012 2347 πᾶσιν
1029 2272 1093 2347 άν-

122 2378 271 2466 θριάποις
296 2397 365 2459 τοῖς
387 2381 525 2468 μηδέπω
548 2378 609 2467 τήν
633 2388 680 2460 είς
705 2374 809 2449 αάτόν
825 2386 939 2450 πίστιν
957 2376 1092 2466 άνειλη-

122 2478 225 2570 φάσιν
254 2479 384 2562 ὄνειδος
415 2477 610 2569 άνθράπων
640 2480 838 2570 νενόμισται.
892 2487 927 2550 τί
955 2477 1017 2568 γάρ
1048 2476 1092 2549 ἂν

95 2593 254 2672 ιαίσχιον
278 2584 334 2651 καὶ
358 2580 480 2662 παντὸς
497 2578 651 2662 ὀνείδους
669 2598 783 2672 χεῖρον
806 2586 865 2653 τοῦ
890 2584 1092 2670 σταυρωθῆ-

57 2711 110 2764 [3111
125 2713 195 2769 ναι;
214 2682 299 2752 ἀλλὰ
312 2684 367 2752 καὶ
378 2684 581 2768 έξουδένημα
599 2688 681 2752 λαοῦ
696 2687 764 2753 ἐστι
777 2690 838 2753 τοῦ
853 2687 888 2752 ἐκ
902 2676 1091 2772 περιτομῆς,
1105 2709 1130 2751 ετ

124 2783 247 2863 παντὸς
276 2781 391 2852 ,αὐτων
414 2786 473 2851 τοῦ
498 2787 620 2862 ἔθνους
645 2786 744 2854 είσέτι
767 2787 831 2855 νῦν
861 2785 917 2854 καὶ
946 2780 1092 2872 σήμερον

124 2882 295 2972 χλευάζειν
324 2885 379 2954 καὶ
405 2886 595 2967 ἐξουδενεϊν
622 2888 677 2955 καὶ
701 2884 903 2956 καταπτύειν
935 2882 1092 2967 εἰωθότος

125 2983 246 3056 αὐτοῦ·
273 2982 358 3056 ὅθεν
375 2988 431 3056 καὶ
450 2983 582 3068 είκότως
606 2981 624 3055 ὁ
644 2983 827 3067 άπόστολος
842 2982 958 3077 “ήμεϊς
978 2987 1014 3056 δὲ
1032 3015 1092 3075 κη-

125 3085 293 3177 ρύσσομεν
303 3085 448 3174 Χριστὸν
464 3090 727 3176 ἐσταυρωμένον,
738 3086 910 3170 Ἰουδαίοις
919 3085 1092 3177 μὲνσνάν-

128 3195 247 3277 δαλον,
266 3197 381 3260 ἔθνεσι
401 3190 438 3259 δὲ
455 3187 619 3281 μωρίαν.”
656 3195 707 3259 56.
728 3193 783 3259 καὶ
797 3188 837 3259 τά
851 3193 925 3278 ἕξής
944 3189 981 3260 δὲ
1000 3195 1093 3277 είρη-
1105 3216 1131 3258 εο

196 3423 435 3497 1Lu0.23,35.·
510 3422 631 3472 5Μετο.
645 3425 685 3486 15,
699 3425 740 3474 29.
845 3422 1091 3485 281.00r.1,23.
