2326 3818
355 111 540 160 DEMONST.
559 111 693 187 υνιαο.
716 113 766 163 111.
787 115 810 162 τ.
999 110 1060 174 207

96 255 285 338 βουθυσίας
302 251 357 318 καὶ
377 247 540 336 σπυνδάς,
559 247 602 330 ὡς
620 244 664 320 ἀν
680 247 746 339 ήδη
760 262 853 331 θεοῖς
867 241 975 338 οὖσιν,
994 269 1062 333 τοις

95 355 153 419 τοῦ
169 346 280 438 Ἰησοῦ
303 352 581 438 προσαγηοχέναι·
616 354 671 419 καὶ
694 348 769 420 τινά
795 351 856 439 μέν
875 348 986 421 αῦτων
1003 352 1089 422 τδνι

90 449 213 539 Ἐρμήν
232 452 328 539 εἶναι,
347 449 421 519 τιυά
440 451 478 519 δέ
495 449 553 520 τὸν
572 458 640 520 Δία
658 453 884 541 νενομικέναι,
903 458 1062 523 τοσοῦτον

95 548 209 622 αὐτῶν
238 551 296 632 τὰς
329 558 477 632 διανοίας
504 549 742 641 ἐξέπληττενή
772 556 840 621 τῦν
864 553 1061 641 παραδόξων

68 660 203 743 εέργων
222 657 387 736 ἐπίδειξις.
414 659 466 722 27.
486 656 541 723 καὶ
561 650 601 741 δή
615 649 702 723 οὕτω
716 657 935 742 διακειμένοις
953 654 1058 724 πάνθ’

93 750 157 823 ὅσα
179 756 258 844 περὶ
281 757 342 824 τοῦ
361 751 471 843 Ἰησοῦ
498 754 722 845 κατήγγελλον
750 752 814 845 ήδη
839 754 956 825 λοιπόν
980 751 1061 844 ἀλη-

92 853 211 926 θεῦειν
230 852 374 946 εῦλόγως
389 863 587 946 ἐνομίζοντο,
605 860 659 927 καὶ
679 860 721 948 τή
737 854 819 947 μετά
836 856 895 927 τὸν
912 855 1062 926 θάνατον

93 955 274 1045 ἀναβιώσει
285 955 388 1028 αὐτοῦ
403 954 463 1047 οῦχ
475 957 592 1040 ἀπλοίς
604 955 680 1028 οὐδ’
696 958 949 1038 ἀναποδείκτοις
964 964 1060 1047 ἐμαρ-

92 1057 218 1149 τῦρουν
236 1050 362 1147 λόγοις,
384 1058 428 1128 δι’
451 1056 553 1146 αῦτής
573 1057 605 1129 δ’
627 1065 793 1149 ἐνεργείας
810 1067 959 1147 ἔπειθον,
979 1064 1061 1144 ζων-

41 1176 80 1230 '10
95 1188 147 1240 τος
167 1167 247 1248 ἔργα
265 1164 498 1250 παριστωντες.
534 1167 585 1230 28.
606 1168 637 1229 εί
655 1163 691 1229 δέ
709 1164 765 1230 καὶ
783 1159 865 1230 θεόν
885 1157 987 1230 αῦτδν
1005 1165 1060 1230 καὶ

93 1267 177 1329 θεοῦ
201 1269 307 1330 παῖδα
333 1260 396 1350 πρὸ
421 1266 478 1349 της
505 1268 552 1343 εἰς
575 1260 778 1350 ἀνθρώπους
803 1260 946 1350 ἀφίξεως
970 1263 1084 1351 παράε

92 1364 140 1451 τῷ
163 1365 264 1450 πατρὶ
286 1360 493 1450 τυγχάνοντα
517 1360 756 1451 κατήγγελλον,
781 1365 837 1430 καὶ
860 1361 967 1453 τούτῳ
991 1371 1060 1442 πῶς

93 1458 156 1529 οὐκ
170 1457 212 1531 ἀν
224 1465 429 1552 προσέθεντο
441 1467 579 1551 μᾶλλον,
600 1460 636 1532 τό
650 1466 803 1533 έναντιόν
821 1460 961 1532 ἀπιστον
974 1462 1060 1532 εἶναι

93 1565 149 1630 καὶ
175 1560 347 1633 ἀδῦνατον
376 1561 556 1652 ήγοῦμενοι
588 1562 740 1652 εἰκότως,
774 1561 984 1653 λογισάμενοι
1015 1562 1060 1652 μή

55 1693 79 1733 15
95 1661 265 1734 δυ’νασθαι
293 1669 421 1753 θνητής
451 1671 532 1755 ἔργα
563 1662 697 1754 φύσεως
730 1665 816 1735 εἶναι
845 1671 990 1753 νομίζειν
1020 1664 1059 1733 τά

95 1763 265 1855 δρώμενα,
283 1762 367 1835 ἀλλά
384 1771 486 1855 θεοῦ,
506 1761 568 1836 κάν
585 1763 630 1856 μή
649 1770 728 1857 λέγη
746 1796 811 1851 τις;
836 1771 886 1836 29.
906 1764 995 1836 τοῦτ’
1017 1757 1060 1852 ἦν

92 1863 156 1956 ἀρα
181 1870 236 1937 καὶ
260 1865 362 1938 οὐδέν
385 1865 465 1938 ἀλλο
490 1866 526 1937 τό
552 1868 694 1956 ζητηθέν
712 1865 793 1938 αῦτδ
813 1870 936 1953 ἐκεῖνο,
960 1862 1059 1959 ὁποία

93 1966 234 2057 δυυάμει
252 1967 487 2059 περιγεγόνασι
504 1976 572 2039 τῦν
591 1973 627 2040 ἐν
645 1965 761 2059 ἀρχαῖς
787 1965 1010 2057 ἀκροωμένων
1028 1974 1062 2038 οί

91 2074 150 2136 τοῦ
165 2067 273 2158 Ἰησοῦ
291 2073 451 2159 μαθηταὶ,
470 2074 526 2139 καὶ
537 2067 796 2158 όπωςἝλληνας
810 2065 892 2158 ὁμοῦ
905 2073 961 2139 καὶ
979 2078 1058 2157 βαρ-

53 2198 79 2238 20
93 2166 217 2258 βάρους
236 2168 280 2250 ὡς
298 2174 373 2260 περὶ
386 2169 487 2258 λόγου
499 2179 584 2241 θεοῦ
603 2173 679 2260 περὶ
694 2174 798 2241 αὐτοῦ
811 2188 952 2260 φρονεῖν
970 2178 1059 2240 ἕπει-

93 2290 173 2356 σαν,
201 2267 290 2350 ὅπως
319 2300 354 2341 τε
379 2274 415 2340 έν
439 2275 554 2358 μέσαις
576 2288 648 2352 ταῖς
672 2270 808 2342 πόλεσιν
831 2274 887 2340 καὶ
911 2270 975 2340 ἀνὰ
1002 2270 1058 2353 τάς
1073 2302 1086 2341 ιι

93 2368 201 2459 χώρας
220 2368 392 2458 εὐσεβείας
412 2369 486 2452 ένδς
498 2375 558 2442 τοῦ
576 2375 629 2441 ἐπὶ
645 2370 781 2442 πόντων
794 2374 879 2441 θεοῦ
896 2371 1059 2459 συνεστή-

93 2493 193 2541 σαντο
213 2478 437 2542 διδασκαλεῖα.
474 2477 524 2541 30.
546 2479 652 2542 καίτοι
670 2480 719 2552 τίς
737 2468 798 2542 οῦκ
811 2467 853 2539 ἀν
871 2471 1059 2559 θαυμάσειε

92 2573 173 2663 πρὸς
199 2573 319 2644 ἑαυτὸν
343 2573 613 2664 ἐπιλογισάμενος
636 2575 691 2642 καὶ
710 2575 916 2661 ἐνθυμηθεὶς
935 2568 979 2653 ως
996 2571 1059 2642 οὐκ

53 2708 78 2747 25
91 2673 310 2765 ἀνθρώπινον
333 2667 375 2764 ήν
398 2675 434 2747 τό
457 2674 536 2766 μηδ’
563 2673 679 2746 ἀλλοτε
703 2671 769 2744 ῦπδ
788 2681 869 2763 μίαν
899 2670 959 2762 τήν
979 2671 1059 2745 Ῥω-

92 2785 201 2864 μαίων
212 2780 371 2866 γενέσθαι
382 2777 422 2848 τά
435 2787 573 2848 πλεῖστα
587 2782 643 2866 τῆς
657 2779 852 2865 οἰκουμένης
867 2782 962 2862 ἔθνη,
982 2773 1054 2845 ἀλλ’

93 2875 157 2945 ἀπὸ
175 2882 243 2946 τῶν
260 2882 320 2948 τοῦ
333 2876 441 2966 Ἰησοῦ
459 2878 598 2969 χρόνων.
637 2883 687 2946 31.
708 2877 775 2966 ἀμα
794 2876 856 2966 γάρ
874 2905 915 2966 τη
935 2884 982 2956 είς
1001 2875 1058 2945 ἀν-

91 2975 251 3066 θρώπους
269 2975 373 3048 αὐτοῦ
391 2979 568 3073 παραδόξῳ
588 2982 745 3070 ἐπιδημία
764 2981 819 3048 καὶ
836 2975 876 3047 τό
890 2974 1058 3065 Ῥωμαίων

91 3076 237 3168 ἀκμάσαι
265 3082 474 3169 συνηνέχθη,
505 3080 577 3150 τότε
607 3084 739 3168 πρῶτον
764 3076 962 3168 Αὐγούστου
991 3083 1058 3146 τῶν

52 3212 78 3254 ει
91 3190 258 3252 πλείστων
272 3183 384 3252 ἐθυῦυ
395 3178 675 3272 μοναρχήσαντος,
695 3179 772 3251 καθ’
792 3176 830 3251 δν
843 3176 1057 3266 Κλεοπάτρας

91 3333 294 3340 ———-.-..-—-

159 3419 175 3466 ε
194 3418 253 3466 ιιι.
268 3419 308 3480 ιι,
323 3417 363 3466 12.
