<?xml version="1.0" encoding="UTF-8"?>
<!DOCTYPE html PUBLIC "-//W3C//DTD XHTML 1.0 Transitional//EN"
    "http://www.w3.org/TR/xhtml1/DTD/xhtml1-transitional.dtd">
<html xmlns="http://www.w3.org/1999/xhtml" xml:lang="en" lang="en">
 <head>
  <title>
</title>
<meta http-equiv="Content-Type" content="text/html;charset=utf-8" />
  <meta name='ocr-system' content='tesseract 3.04.00' />
  <meta name='ocr-capabilities' content='ocr_page ocr_carea ocr_par ocr_line ocrx_word'/>
</head>
<body>
  <div class='ocr_page' id='page_1' title='image "./eusebiicaesarie01dindgoog/eusebiicaesarie01dindgoog_0325.png"; bbox 0 0 2326 3818; ppageno 0'>
   <div class='ocr_carea' id='block_1_1' title="bbox 163 112 722 179">
    <p class='ocr_par' dir='ltr' id='par_1_1' title="bbox 163 112 722 179">
     <span class='ocr_line' id='line_1_1' title="bbox 163 112 722 179; baseline 0.002 -18"><span class='ocrx_word' id='word_1_1' title='bbox 163 115 227 179; x_wconf 78' lang='lat'><strong><em>254</em></strong></span> <span class='ocrx_word' id='word_1_2' title='bbox 574 112 722 175; x_wconf 72' lang='grc' dir='ltr'><strong><em>εοεωοιι</em></strong></span> 
     </span>
    </p>
   </div>
   <div class='ocr_carea' id='block_1_2' title="bbox 125 247 1163 2771">
    <p class='ocr_par' dir='ltr' id='par_1_2' title="bbox 163 247 1142 444">
     <span class='ocr_line' id='line_1_2' title="bbox 164 247 1142 341; baseline 0.001 -17"><span class='ocrx_word' id='word_1_3' title='bbox 164 276 202 324; x_wconf 89' lang='grc' dir='ltr'><strong><em>σε</em></strong></span> <span class='ocrx_word' id='word_1_4' title='bbox 221 249 239 323; x_wconf 93' lang='lat'><em>5</em></span> <span class='ocrx_word' id='word_1_5' title='bbox 257 248 368 334; x_wconf 86' lang='grc' dir='ltr'><strong><em>θεὸςὸ</em></strong></span> <span class='ocrx_word' id='word_1_6' title='bbox 385 251 466 334; x_wconf 88' lang='grc' dir='ltr'><strong><em>θεός</em></strong></span> <span class='ocrx_word' id='word_1_7' title='bbox 484 275 546 324; x_wconf 91' lang='grc' dir='ltr'><strong><em>σου</em></strong></span> <span class='ocrx_word' id='word_1_8' title='bbox 565 259 676 323; x_wconf 76' lang='grc' dir='ltr'><strong><em>ἔλαιον</em></strong></span> <span class='ocrx_word' id='word_1_9' title='bbox 694 250 920 340; x_wconf 77' lang='grc' dir='ltr'><em>ἀγαλλιάσεως</em></span> <span class='ocrx_word' id='word_1_10' title='bbox 945 247 1038 341; x_wconf 77' lang='grc' dir='ltr'><strong><em>παρὰ</em></strong></span> <span class='ocrx_word' id='word_1_11' title='bbox 1056 250 1142 336; x_wconf 77' lang='grc' dir='ltr'><strong><em>τοός</em></strong></span> 
     </span>
     <span class='ocr_line' id='line_1_3' title="bbox 163 351 429 444; baseline 0.004 -21"><span class='ocrx_word' id='word_1_12' title='bbox 163 352 321 444; x_wconf 78' lang='grc' dir='ltr'><em>μετόχους</em></span> <span class='ocrx_word' id='word_1_13' title='bbox 339 351 429 425; x_wconf 89' lang='grc' dir='ltr'><strong><em>σον.”</em></strong></span> 
     </span>
    </p>

    <p class='ocr_par' dir='ltr' id='par_1_3' title="bbox 239 446 1139 546">
     <span class='ocr_line' id='line_1_4' title="bbox 239 446 1139 546; baseline -0.001 -20"><span class='ocrx_word' id='word_1_14' title='bbox 239 461 289 526; x_wconf 98' lang='grc'><strong><em>50</em></strong></span> <span class='ocrx_word' id='word_1_15' title='bbox 317 452 446 526; x_wconf 89' lang='grc' dir='ltr'><strong><em>Σκόπει</em></strong></span> <span class='ocrx_word' id='word_1_16' title='bbox 460 451 491 524; x_wconf 89' lang='grc' dir='ltr'><strong><em>δ’</em></strong></span> <span class='ocrx_word' id='word_1_17' title='bbox 510 446 573 525; x_wconf 84' lang='grc' dir='ltr'><strong><em>οὖν</em></strong></span> <span class='ocrx_word' id='word_1_18' title='bbox 592 456 844 544; x_wconf 75' lang='grc' dir='ltr'><strong><em>ἐπιμελέστερον</em></strong></span> <span class='ocrx_word' id='word_1_19' title='bbox 860 451 950 535; x_wconf 83' lang='grc' dir='ltr'><strong><em>ὅπως</em></strong></span> <span class='ocrx_word' id='word_1_20' title='bbox 968 454 1056 525; x_wconf 75' lang='grc' dir='ltr'><strong><em>κατὰ</em></strong></span> <span class='ocrx_word' id='word_1_21' title='bbox 1074 453 1139 546; x_wconf 77' lang='grc' dir='ltr'><strong><em>τὴν</em></strong></span> 
     </span>
    </p>

    <p class='ocr_par' dir='ltr' id='par_1_4' title="bbox 135 552 1159 1151">
     <span class='ocr_line' id='line_1_5' title="bbox 135 552 1137 678; baseline -0.001 -53"><span class='ocrx_word' id='word_1_22' title='bbox 135 586 148 625; x_wconf 82' lang='grc' dir='ltr'><strong><em>ι</em></strong></span> <span class='ocrx_word' id='word_1_23' title='bbox 162 560 223 628; x_wconf 69' lang='grc' dir='ltr'><strong><em>τοι]</em></strong></span> <span class='ocrx_word' id='word_1_24' title='bbox 239 564 380 646; x_wconf 81' lang='grc' dir='ltr'><strong><em>Ψαλμοῦ</em></strong></span> <span class='ocrx_word' id='word_1_25' title='bbox 392 556 592 646; x_wconf 77' lang='grc' dir='ltr'><strong><em>προγραφὴν</em></strong></span> <span class='ocrx_word' id='word_1_26' title='bbox 605 556 691 646; x_wconf 73' lang='grc' dir='ltr'><strong><em>ὑπὲρ</em></strong></span> <span class='ocrx_word' id='word_1_27' title='bbox 703 562 763 626; x_wconf 83' lang='grc' dir='ltr'><strong><em>τοῦ</em></strong></span> <span class='ocrx_word' id='word_1_28' title='bbox 774 553 949 643; x_wconf 76' lang='grc' dir='ltr'><strong><em>ιἰγαπητον</em></strong></span> <span class='ocrx_word' id='word_1_29' title='bbox 959 552 1020 625; x_wconf 87' lang='grc' dir='ltr'><strong><em>τόν</em></strong></span> <span class='ocrx_word' id='word_1_30' title='bbox 1032 555 1137 678; x_wconf 70' lang='grc' dir='ltr'><strong><em>λόγρν</em></strong></span> 
     </span>
     <span class='ocr_line' id='line_1_6' title="bbox 163 653 1159 781; baseline -0.003 -52.948"><span class='ocrx_word' id='word_1_31' title='bbox 163 658 250 730; x_wconf 81' lang='grc' dir='ltr'><strong><em>εἶναι</em></strong></span> <span class='ocrx_word' id='word_1_32' title='bbox 274 656 551 781; x_wconf 74' lang='grc' dir='ltr'><strong><em>προοιμιάζεται,</em></strong></span> <span class='ocrx_word' id='word_1_33' title='bbox 560 656 642 746; x_wconf 82' lang='grc' dir='ltr'><strong><em>μετὰ</em></strong></span> <span class='ocrx_word' id='word_1_34' title='bbox 665 661 726 726; x_wconf 77' lang='grc' dir='ltr'><strong><em>τοῦ</em></strong></span> <span class='ocrx_word' id='word_1_35' title='bbox 750 663 806 726; x_wconf 80' lang='grc' dir='ltr'><strong><em>καί</em></strong></span> <span class='ocrx_word' id='word_1_36' title='bbox 831 662 877 737; x_wconf 87' lang='grc' dir='ltr'><strong><em>είς</em></strong></span> <span class='ocrx_word' id='word_1_37' title='bbox 903 653 1048 728; x_wconf 80' lang='grc' dir='ltr'><strong><em>σύνεσιν</em></strong></span> <span class='ocrx_word' id='word_1_38' title='bbox 1064 663 1159 729; x_wconf 74' lang='grc' dir='ltr'><strong><em>τῶνε</em></strong></span> 
     </span>
     <span class='ocr_line' id='line_1_7' title="bbox 162 755 1134 850; baseline -0.004 -19"><span class='ocrx_word' id='word_1_39' title='bbox 162 763 421 850; x_wconf 78' lang='grc' dir='ltr'><strong><em>λεχθησομένου</em></strong></span> <span class='ocrx_word' id='word_1_40' title='bbox 446 756 505 828; x_wconf 87' lang='grc' dir='ltr'><strong><em>τόν</em></strong></span> <span class='ocrx_word' id='word_1_41' title='bbox 533 755 700 846; x_wconf 76' lang='grc' dir='ltr'><strong><em>ιἰκροατήυ</em></strong></span> <span class='ocrx_word' id='word_1_42' title='bbox 729 764 913 846; x_wconf 81' lang='grc' dir='ltr'><strong><em>παρορμᾶν.</em></strong></span> <span class='ocrx_word' id='word_1_43' title='bbox 957 761 1134 849; x_wconf 80' lang='grc' dir='ltr'><strong><em>ἐπισημαί-</em></strong></span> 
     </span>
     <span class='ocr_line' id='line_1_8' title="bbox 162 857 1134 951; baseline -0.004 -18"><span class='ocrx_word' id='word_1_44' title='bbox 162 889 254 933; x_wconf 90' lang='grc' dir='ltr'><strong><em>νεται</em></strong></span> <span class='ocrx_word' id='word_1_45' title='bbox 280 860 317 929; x_wconf 73' lang='grc' dir='ltr'><strong><em>δὲ</em></strong></span> <span class='ocrx_word' id='word_1_46' title='bbox 341 861 397 928; x_wconf 87' lang='grc' dir='ltr'><strong><em>καὶ</em></strong></span> <span class='ocrx_word' id='word_1_47' title='bbox 426 857 464 928; x_wconf 84' lang='grc' dir='ltr'><strong><em>τό</em></strong></span> <span class='ocrx_word' id='word_1_48' title='bbox 491 869 599 930; x_wconf 88' lang='grc' dir='ltr'><strong><em>αίτιου</em></strong></span> <span class='ocrx_word' id='word_1_49' title='bbox 630 866 689 947; x_wconf 80' lang='grc' dir='ltr'><strong><em>τῆς</em></strong></span> <span class='ocrx_word' id='word_1_50' title='bbox 717 866 908 948; x_wconf 77' lang='grc' dir='ltr'><strong><em>οἰκονομίας</em></strong></span> <span class='ocrx_word' id='word_1_51' title='bbox 936 866 997 928; x_wconf 80' lang='grc' dir='ltr'><strong><em>τοῦ</em></strong></span> <span class='ocrx_word' id='word_1_52' title='bbox 1028 859 1134 951; x_wconf 79' lang='grc' dir='ltr'><strong><em>λόγου</em></strong></span> 
     </span>
     <span class='ocr_line' id='line_1_9' title="bbox 161 954 1136 1087; baseline 0.006 -58"><span class='ocrx_word' id='word_1_53' title='bbox 161 961 302 1051; x_wconf 78' lang='grc' dir='ltr'><strong><em>φάσκων</em></strong></span> <span class='ocrx_word' id='word_1_54' title='bbox 319 957 391 1041; x_wconf 69' lang='lat' dir='ltr'><strong><em>“eis</em></strong></span> <span class='ocrx_word' id='word_1_55' title='bbox 414 958 451 1029; x_wconf 88' lang='grc' dir='ltr'><strong><em>τό</em></strong></span> <span class='ocrx_word' id='word_1_56' title='bbox 474 964 567 1042; x_wconf 88' lang='grc' dir='ltr'><strong><em>τέλος</em></strong></span> <span class='ocrx_word' id='word_1_57' title='bbox 592 954 678 1049; x_wconf 70' lang='grc' dir='ltr'><strong><em>νπὲρ</em></strong></span> <span class='ocrx_word' id='word_1_58' title='bbox 707 963 776 1087; x_wconf 70' lang='grc' dir='ltr'><strong><em>τοὶγ</em></strong></span> <span class='ocrx_word' id='word_1_59' title='bbox 804 957 1136 1051; x_wconf 82' lang='grc' dir='ltr'><strong><em>ἇλλοιωθησομένωυ</em></strong></span> 
     </span>
     <span class='ocr_line' id='line_1_10' title="bbox 163 1055 770 1151; baseline 0 -21"><span class='ocrx_word' id='word_1_60' title='bbox 163 1070 210 1144; x_wconf 88' lang='grc' dir='ltr'><strong><em>είς</em></strong></span> <span class='ocrx_word' id='word_1_61' title='bbox 228 1058 370 1131; x_wconf 80' lang='grc' dir='ltr'><strong><em>σύνεσιν</em></strong></span> <span class='ocrx_word' id='word_1_62' title='bbox 388 1055 473 1148; x_wconf 72' lang='grc' dir='ltr'><strong><em>ὑπὲρ</em></strong></span> <span class='ocrx_word' id='word_1_63' title='bbox 489 1065 551 1132; x_wconf 82' lang='grc' dir='ltr'><strong><em>τοῦ</em></strong></span> <span class='ocrx_word' id='word_1_64' title='bbox 569 1058 770 1151; x_wconf 81' lang='grc' dir='ltr'><strong><em>όγαπητοῦ.”</em></strong></span> 
     </span>
    </p>

    <p class='ocr_par' dir='ltr' id='par_1_5' title="bbox 159 1158 1154 1455">
     <span class='ocr_line' id='line_1_11' title="bbox 236 1158 1154 1246; baseline 0.007 -15"><span class='ocrx_word' id='word_1_65' title='bbox 236 1167 287 1231; x_wconf 89' lang='grc'><strong><em>51.</em></strong></span> <span class='ocrx_word' id='word_1_66' title='bbox 320 1170 420 1244; x_wconf 88' lang='grc' dir='ltr'><strong><em>Τίνας</em></strong></span> <span class='ocrx_word' id='word_1_67' title='bbox 444 1163 482 1232; x_wconf 72' lang='grc' dir='ltr'><strong><em>δὲ</em></strong></span> <span class='ocrx_word' id='word_1_68' title='bbox 506 1160 628 1245; x_wconf 73' lang='grc' dir='ltr'><strong><em>ἄλλους</em></strong></span> <span class='ocrx_word' id='word_1_69' title='bbox 652 1173 758 1243; x_wconf 82' lang='grc' dir='ltr'><strong><em>είποις</em></strong></span> <span class='ocrx_word' id='word_1_70' title='bbox 782 1158 825 1232; x_wconf 78' lang='grc' dir='ltr'><strong><em>όν</em></strong></span> <span class='ocrx_word' id='word_1_71' title='bbox 851 1162 937 1233; x_wconf 75' lang='grc' dir='ltr'><strong><em>εἶναι</em></strong></span> <span class='ocrx_word' id='word_1_72' title='bbox 968 1161 1051 1246; x_wconf 79' lang='grc' dir='ltr'><strong><em>τούς</em></strong></span> <span class='ocrx_word' id='word_1_73' title='bbox 1075 1163 1154 1237; x_wconf 53' lang='grc' dir='ltr'><strong><em>ἄλ»</em></strong></span> 
     </span>
     <span class='ocr_line' id='line_1_12' title="bbox 162 1255 1135 1353; baseline 0.004 -21"><span class='ocrx_word' id='word_1_74' title='bbox 162 1266 451 1353; x_wconf 83' lang='grc' dir='ltr'><strong><em>λοιωθησομένους</em></strong></span> <span class='ocrx_word' id='word_1_75' title='bbox 474 1258 560 1352; x_wconf 74' lang='grc' dir='ltr'><strong><em>ὑπὲρ</em></strong></span> <span class='ocrx_word' id='word_1_76' title='bbox 584 1255 631 1335; x_wconf 70' lang='grc' dir='ltr'><strong><em>τόν</em></strong></span> <span class='ocrx_word' id='word_1_77' title='bbox 654 1260 672 1334; x_wconf 93' lang='lat'><em>5</em></span> <span class='ocrx_word' id='word_1_78' title='bbox 697 1262 831 1353; x_wconf 83' lang='grc' dir='ltr'><strong><em>Ψαλμός</em></strong></span> <span class='ocrx_word' id='word_1_79' title='bbox 857 1274 988 1353; x_wconf 84' lang='grc' dir='ltr'><strong><em>είρηται</em></strong></span> <span class='ocrx_word' id='word_1_80' title='bbox 1011 1259 1135 1353; x_wconf 76' lang='grc' dir='ltr'><strong><em>ἢτοῦς</em></strong></span> 
     </span>
     <span class='ocr_line' id='line_1_13' title="bbox 159 1364 1136 1455; baseline 0.003 -20"><span class='ocrx_word' id='word_1_81' title='bbox 159 1368 338 1455; x_wconf 88' lang='grc' dir='ltr'><strong><em>μέλλοντας</em></strong></span> <span class='ocrx_word' id='word_1_82' title='bbox 356 1373 619 1455; x_wconf 79' lang='grc' dir='ltr'><strong><em>μεταβαλεῖσθαι</em></strong></span> <span class='ocrx_word' id='word_1_83' title='bbox 637 1371 674 1436; x_wconf 81' lang='grc' dir='ltr'><strong><em>ἐκ</em></strong></span> <span class='ocrx_word' id='word_1_84' title='bbox 692 1369 856 1455; x_wconf 86' lang='grc' dir='ltr'><strong><em>προτέρου</em></strong></span> <span class='ocrx_word' id='word_1_85' title='bbox 873 1371 951 1452; x_wconf 85' lang='grc' dir='ltr'><strong><em>βίον</em></strong></span> <span class='ocrx_word' id='word_1_86' title='bbox 973 1369 1031 1435; x_wconf 81' lang='grc' dir='ltr'><strong><em>καὶ</em></strong></span> <span class='ocrx_word' id='word_1_87' title='bbox 1055 1364 1136 1455; x_wconf 87' lang='grc' dir='ltr'><strong><em>τρό-</em></strong></span> 
     </span>
    </p>

    <p class='ocr_par' dir='ltr' id='par_1_6' title="bbox 135 1463 1163 2570">
     <span class='ocr_line' id='line_1_14' title="bbox 135 1463 1134 1557; baseline 0.008 -24"><span class='ocrx_word' id='word_1_88' title='bbox 135 1494 238 1555; x_wconf 70' lang='grc' dir='ltr'><strong><em>επου,</em></strong></span> <span class='ocrx_word' id='word_1_89' title='bbox 256 1464 551 1557; x_wconf 83' lang='grc' dir='ltr'><strong><em>μετατεθήσεσθαί</em></strong></span> <span class='ocrx_word' id='word_1_90' title='bbox 562 1471 668 1537; x_wconf 81' lang='grc' dir='ltr'><strong><em>τεκαὶ</em></strong></span> <span class='ocrx_word' id='word_1_91' title='bbox 685 1463 978 1555; x_wconf 79' lang='grc' dir='ltr'><strong><em>ἄλλοιωθήσεσθαι</em></strong></span> <span class='ocrx_word' id='word_1_92' title='bbox 996 1466 1056 1537; x_wconf 78' lang='grc' dir='ltr'><strong><em>διὰ</em></strong></span> <span class='ocrx_word' id='word_1_93' title='bbox 1071 1471 1134 1541; x_wconf 80' lang='grc' dir='ltr'><strong><em>τοῦ</em></strong></span> 
     </span>
     <span class='ocr_line' id='line_1_15' title="bbox 159 1558 1133 1659; baseline 0.002 -20"><span class='ocrx_word' id='word_1_94' title='bbox 159 1571 471 1658; x_wconf 70' lang='grc' dir='ltr'><strong><em>προφητευομέυονς</em></strong></span> <span class='ocrx_word' id='word_1_95' title='bbox 497 1558 594 1649; x_wconf 79' lang='grc' dir='ltr'><strong><em>οὗτος</em></strong></span> <span class='ocrx_word' id='word_1_96' title='bbox 612 1570 650 1638; x_wconf 74' lang='grc' dir='ltr'><strong><em>δέ</em></strong></span> <span class='ocrx_word' id='word_1_97' title='bbox 668 1558 710 1656; x_wconf 78' lang='grc' dir='ltr'><strong><em>ἦν</em></strong></span> <span class='ocrx_word' id='word_1_98' title='bbox 727 1566 745 1637; x_wconf 90' lang='lat'><em>5</em></span> <span class='ocrx_word' id='word_1_99' title='bbox 762 1563 931 1656; x_wconf 72' lang='grc' dir='ltr'><strong><em>ἀγαπητός</em></strong></span> <span class='ocrx_word' id='word_1_100' title='bbox 947 1570 1008 1637; x_wconf 84' lang='grc' dir='ltr'><strong><em>τοῦ</em></strong></span> <span class='ocrx_word' id='word_1_101' title='bbox 1030 1572 1133 1659; x_wconf 74' lang='grc' dir='ltr'><strong><em>θεοῦ,</em></strong></span> 
     </span>
     <span class='ocr_line' id='line_1_16' title="bbox 159 1659 1163 1760; baseline 0.002 -22"><span class='ocrx_word' id='word_1_102' title='bbox 159 1665 244 1759; x_wconf 72' lang='grc' dir='ltr'><strong><em>ὑπὲρ</em></strong></span> <span class='ocrx_word' id='word_1_103' title='bbox 262 1699 301 1739; x_wconf 89' lang='grc' dir='ltr'><strong><em>ου</em></strong></span> <span class='ocrx_word' id='word_1_104' title='bbox 289 1659 431 1739; x_wconf 62' lang='lat'><em>‘⁰552</em></span> <span class='ocrx_word' id='word_1_105' title='bbox 392 1697 450 1756; x_wconf 81' lang='grc' dir='ltr'><strong><em>της</em></strong></span> <span class='ocrx_word' id='word_1_106' title='bbox 467 1676 672 1759; x_wconf 84' lang='grc' dir='ltr'><strong><em>προφητείας</em></strong></span> <span class='ocrx_word' id='word_1_107' title='bbox 685 1672 851 1750; x_wconf 83' lang='grc' dir='ltr'><strong><em>συνέσεως</em></strong></span> <span class='ocrx_word' id='word_1_108' title='bbox 866 1663 971 1738; x_wconf 74' lang='grc' dir='ltr'><strong><em>δείνό</em></strong></span> <span class='ocrx_word' id='word_1_109' title='bbox 989 1670 1132 1760; x_wconf 81' lang='grc' dir='ltr'><strong><em>Ψαλμός</em></strong></span> <span class='ocrx_word' id='word_1_110' title='bbox 1161 1704 1163 1711; x_wconf 55' lang='lat'><strong>⁴</strong></span> 
     </span>
     <span class='ocr_line' id='line_1_17' title="bbox 158 1760 1133 1891; baseline 0.003 -51"><span class='ocrx_word' id='word_1_111' title='bbox 158 1764 239 1858; x_wconf 74' lang='grc' dir='ltr'><strong><em>ἡμῖν</em></strong></span> <span class='ocrx_word' id='word_1_112' title='bbox 257 1768 509 1891; x_wconf 78' lang='grc' dir='ltr'><strong><em>προοιμιάζεται.</em></strong></span> <span class='ocrx_word' id='word_1_113' title='bbox 547 1765 628 1840; x_wconf 87' lang='grc' dir='ltr'><strong><em>είδ’</em></strong></span> <span class='ocrx_word' id='word_1_114' title='bbox 653 1760 716 1841; x_wconf 83' lang='grc' dir='ltr'><strong><em>οὖν</em></strong></span> <span class='ocrx_word' id='word_1_115' title='bbox 740 1768 965 1859; x_wconf 81' lang='grc' dir='ltr'><strong><em>έπαπορήσαις</em></strong></span> <span class='ocrx_word' id='word_1_116' title='bbox 988 1777 1039 1852; x_wconf 87' lang='grc' dir='ltr'><strong><em>τίς</em></strong></span> <span class='ocrx_word' id='word_1_117' title='bbox 1063 1800 1133 1864; x_wconf 85' lang='grc' dir='ltr'><strong><em>αρα</em></strong></span> 
     </span>
     <span class='ocr_line' id='line_1_18' title="bbox 158 1860 1131 2000; baseline 0.001 -59"><span class='ocrx_word' id='word_1_118' title='bbox 158 1860 201 1960; x_wconf 77' lang='grc' dir='ltr'><strong><em>ἦν</em></strong></span> <span class='ocrx_word' id='word_1_119' title='bbox 217 1869 235 1941; x_wconf 89' lang='lat'><em>5</em></span> <span class='ocrx_word' id='word_1_120' title='bbox 253 1869 421 1959; x_wconf 79' lang='grc' dir='ltr'><strong><em>ἀγαπητός</em></strong></span> <span class='ocrx_word' id='word_1_121' title='bbox 439 1860 535 1953; x_wconf 77' lang='grc' dir='ltr'><strong><em>οὗτος</em></strong></span> <span class='ocrx_word' id='word_1_122' title='bbox 553 1873 630 1960; x_wconf 78' lang='grc' dir='ltr'><strong><em>περὶ</em></strong></span> <span class='ocrx_word' id='word_1_123' title='bbox 648 1901 689 1942; x_wconf 90' lang='grc' dir='ltr'><strong><em>ον</em></strong></span> <span class='ocrx_word' id='word_1_124' title='bbox 677 1861 744 1941; x_wconf 83' lang='grc' dir='ltr'><strong><em>έν</em></strong></span> <span class='ocrx_word' id='word_1_125' title='bbox 766 1875 812 1965; x_wconf 69' lang='grc' dir='ltr'><strong><em>τῷ</em></strong></span> <span class='ocrx_word' id='word_1_126' title='bbox 834 1874 963 1994; x_wconf 69' lang='grc' dir='ltr'><strong><em>Ψαλμγο</em></strong></span> <span class='ocrx_word' id='word_1_127' title='bbox 979 1898 1131 2000; x_wconf 63' lang='grc' dir='ltr'><strong><em>προεφρ-</em></strong></span> 
     </span>
     <span class='ocr_line' id='line_1_19' title="bbox 157 1970 1131 2093; baseline 0.004 -52"><span class='ocrx_word' id='word_1_128' title='bbox 157 1970 287 2059; x_wconf 84' lang='grc' dir='ltr'><strong><em>τεόετο,</em></strong></span> <span class='ocrx_word' id='word_1_129' title='bbox 308 1971 402 2093; x_wconf 79' lang='grc' dir='ltr'><strong><em>παρὰ</em></strong></span> <span class='ocrx_word' id='word_1_130' title='bbox 426 1970 532 2053; x_wconf 89' lang='grc' dir='ltr'><strong><em>πόδας</em></strong></span> <span class='ocrx_word' id='word_1_131' title='bbox 555 1995 608 2043; x_wconf 91' lang='grc' dir='ltr'><strong><em>σοι</em></strong></span> <span class='ocrx_word' id='word_1_132' title='bbox 629 2002 647 2042; x_wconf 94' lang='grc' dir='ltr'><strong><em>ο</em></strong></span> <span class='ocrx_word' id='word_1_133' title='bbox 675 1971 770 2061; x_wconf 81' lang='grc' dir='ltr'><strong><em>λόγος</em></strong></span> <span class='ocrx_word' id='word_1_134' title='bbox 797 1970 1005 2061; x_wconf 77' lang='grc' dir='ltr'><strong><em>παραστήσει</em></strong></span> <span class='ocrx_word' id='word_1_135' title='bbox 1029 1971 1131 2065; x_wconf 70' lang='grc' dir='ltr'><strong><em>ιἰρχό·</em></strong></span> 
     </span>
     <span class='ocr_line' id='line_1_20' title="bbox 158 2068 1130 2165; baseline 0.002 -24"><span class='ocrx_word' id='word_1_136' title='bbox 158 2100 255 2159; x_wconf 88' lang='grc' dir='ltr'><strong><em>μενος</em></strong></span> <span class='ocrx_word' id='word_1_137' title='bbox 281 2068 386 2152; x_wconf 79' lang='grc' dir='ltr'><strong><em>εόθός</em></strong></span> <span class='ocrx_word' id='word_1_138' title='bbox 409 2075 466 2141; x_wconf 79' lang='grc' dir='ltr'><strong><em>καὶ</em></strong></span> <span class='ocrx_word' id='word_1_139' title='bbox 489 2069 624 2162; x_wconf 91' lang='grc' dir='ltr'><strong><em>λέγων</em></strong></span> <span class='ocrx_word' id='word_1_140' title='bbox 626 2070 875 2164; x_wconf 62' lang='grc' dir='ltr'><strong><em>έξηρεόξατο’</em></strong></span> <span class='ocrx_word' id='word_1_141' title='bbox 857 2103 878 2162; x_wconf 85' lang='grc' dir='ltr'><em>η</em></span> <span class='ocrx_word' id='word_1_142' title='bbox 908 2079 1031 2162; x_wconf 79' lang='grc' dir='ltr'><strong><em>καρδία</em></strong></span> <span class='ocrx_word' id='word_1_143' title='bbox 1061 2104 1130 2165; x_wconf 85' lang='grc' dir='ltr'><strong><em>μου</em></strong></span> 
     </span>
     <span class='ocr_line' id='line_1_21' title="bbox 157 2167 1159 2261; baseline 0.01 -20"><span class='ocrx_word' id='word_1_144' title='bbox 157 2171 257 2260; x_wconf 91' lang='grc' dir='ltr'><strong><em>λόγον</em></strong></span> <span class='ocrx_word' id='word_1_145' title='bbox 280 2170 439 2261; x_wconf 84' lang='grc' dir='ltr'><strong><em>ἄγαθόν.”</em></strong></span> <span class='ocrx_word' id='word_1_146' title='bbox 477 2185 563 2246; x_wconf 85' lang='grc' dir='ltr'><strong><em>είποι</em></strong></span> <span class='ocrx_word' id='word_1_147' title='bbox 590 2174 622 2245; x_wconf 88' lang='grc' dir='ltr'><strong><em>δ’</em></strong></span> <span class='ocrx_word' id='word_1_148' title='bbox 649 2167 711 2246; x_wconf 79' lang='grc' dir='ltr'><strong><em>οὖν</em></strong></span> <span class='ocrx_word' id='word_1_149' title='bbox 734 2173 777 2245; x_wconf 82' lang='grc' dir='ltr'><strong><em>ἄν</em></strong></span> <span class='ocrx_word' id='word_1_150' title='bbox 800 2205 849 2257; x_wconf 88' lang='grc' dir='ltr'><strong><em>τις</em></strong></span> <span class='ocrx_word' id='word_1_151' title='bbox 873 2173 977 2245; x_wconf 81' lang='grc' dir='ltr'><strong><em>αὐτόν</em></strong></span> <span class='ocrx_word' id='word_1_152' title='bbox 995 2179 1131 2251; x_wconf 80' lang='grc' dir='ltr'><strong><em>ἐκείνου</em></strong></span> <span class='ocrx_word' id='word_1_153' title='bbox 1157 2216 1159 2233; x_wconf 56' lang='lat'><strong><em>⁴</em></strong></span> 
     </span>
     <span class='ocr_line' id='line_1_22' title="bbox 156 2273 1131 2368; baseline 0.009 -26"><span class='ocrx_word' id='word_1_154' title='bbox 156 2280 397 2364; x_wconf 76' lang='grc' dir='ltr'><strong><em>σημαίνεσθαι,</em></strong></span> <span class='ocrx_word' id='word_1_155' title='bbox 422 2273 480 2346; x_wconf 87' lang='grc' dir='ltr'><strong><em>τόν</em></strong></span> <span class='ocrx_word' id='word_1_156' title='bbox 504 2280 540 2347; x_wconf 92' lang='grc' dir='ltr'><strong><em>έν</em></strong></span> <span class='ocrx_word' id='word_1_157' title='bbox 557 2275 641 2368; x_wconf 78' lang='grc' dir='ltr'><strong><em>ἀρχῇ</em></strong></span> <span class='ocrx_word' id='word_1_158' title='bbox 665 2274 747 2366; x_wconf 87' lang='grc' dir='ltr'><strong><em>πρός</em></strong></span> <span class='ocrx_word' id='word_1_159' title='bbox 764 2275 822 2347; x_wconf 91' lang='grc' dir='ltr'><strong><em>τὸυ</em></strong></span> <span class='ocrx_word' id='word_1_160' title='bbox 840 2274 924 2347; x_wconf 86' lang='grc' dir='ltr'><strong><em>θεὸν</em></strong></span> <span class='ocrx_word' id='word_1_161' title='bbox 941 2273 1063 2366; x_wconf 91' lang='grc' dir='ltr'><strong><em>λόγου,</em></strong></span> <span class='ocrx_word' id='word_1_162' title='bbox 1087 2274 1131 2351; x_wconf 79' lang='grc' dir='ltr'><strong><em>ὃν</em></strong></span> 
     </span>
     <span class='ocr_line' id='line_1_23' title="bbox 156 2374 1130 2468; baseline 0.005 -22"><span class='ocrx_word' id='word_1_163' title='bbox 156 2380 329 2466; x_wconf 78' lang='grc' dir='ltr'><strong><em>θεολογῶν</em></strong></span> <span class='ocrx_word' id='word_1_164' title='bbox 345 2375 363 2448; x_wconf 91' lang='lat'><em>5</em></span> <span class='ocrx_word' id='word_1_165' title='bbox 381 2381 482 2468; x_wconf 89' lang='grc' dir='ltr'><strong><em>μέγας</em></strong></span> <span class='ocrx_word' id='word_1_166' title='bbox 501 2374 735 2467; x_wconf 78' lang='grc' dir='ltr'><strong><em>εὐαγγελιστὴς</em></strong></span> <span class='ocrx_word' id='word_1_167' title='bbox 745 2376 901 2466; x_wconf 79' lang='grc' dir='ltr'><strong><em>Ἰωάννης</em></strong></span> <span class='ocrx_word' id='word_1_168' title='bbox 915 2384 1060 2467; x_wconf 85' lang='grc' dir='ltr'><strong><em>παρίστη</em></strong></span> <span class='ocrx_word' id='word_1_169' title='bbox 1075 2383 1130 2453; x_wconf 82' lang='grc' dir='ltr'><strong><em>λε’·</em></strong></span> 
     </span>
     <span class='ocr_line' id='line_1_24' title="bbox 156 2468 1129 2570; baseline 0.005 -22"><span class='ocrx_word' id='word_1_170' title='bbox 156 2507 226 2566; x_wconf 92' lang='grc' dir='ltr'><strong><em>γων</em></strong></span> <span class='ocrx_word' id='word_1_171' title='bbox 244 2474 305 2549; x_wconf 27' lang='grc' dir='ltr'><strong><em>’δέν</em></strong></span> <span class='ocrx_word' id='word_1_172' title='bbox 328 2477 414 2570; x_wconf 71' lang='grc' dir='ltr'><strong><em>ἀρχῇ</em></strong></span> <span class='ocrx_word' id='word_1_173' title='bbox 437 2471 480 2568; x_wconf 77' lang='grc' dir='ltr'><strong><em>ἦν</em></strong></span> <span class='ocrx_word' id='word_1_174' title='bbox 497 2475 515 2549; x_wconf 91' lang='lat'><em>5</em></span> <span class='ocrx_word' id='word_1_175' title='bbox 541 2478 654 2568; x_wconf 85' lang='grc' dir='ltr'><strong><em>λόγος,</em></strong></span> <span class='ocrx_word' id='word_1_176' title='bbox 681 2482 736 2549; x_wconf 80' lang='grc' dir='ltr'><strong><em>καὶ</em></strong></span> <span class='ocrx_word' id='word_1_177' title='bbox 752 2474 772 2549; x_wconf 89' lang='lat'><em>5</em></span> <span class='ocrx_word' id='word_1_178' title='bbox 791 2477 886 2566; x_wconf 86' lang='grc' dir='ltr'><strong><em>λόγος</em></strong></span> <span class='ocrx_word' id='word_1_179' title='bbox 905 2468 948 2567; x_wconf 75' lang='grc' dir='ltr'><strong><em>ἦν</em></strong></span> <span class='ocrx_word' id='word_1_180' title='bbox 965 2477 1049 2567; x_wconf 85' lang='grc' dir='ltr'><strong><em>πρὸς</em></strong></span> <span class='ocrx_word' id='word_1_181' title='bbox 1067 2479 1129 2553; x_wconf 83' lang='grc' dir='ltr'><strong><em>τόν</em></strong></span> 
     </span>
    </p>

    <p class='ocr_par' dir='ltr' id='par_1_7' title="bbox 125 2570 1156 2771">
     <span class='ocr_line' id='line_1_25' title="bbox 125 2570 1128 2670; baseline 0.001 -20"><span class='ocrx_word' id='word_1_182' title='bbox 125 2600 138 2639; x_wconf 84' lang='lat' dir='ltr'>d</span> <span class='ocrx_word' id='word_1_183' title='bbox 155 2578 250 2668; x_wconf 85' lang='grc' dir='ltr'><strong><em>θεόν,</em></strong></span> <span class='ocrx_word' id='word_1_184' title='bbox 275 2582 331 2649; x_wconf 79' lang='grc' dir='ltr'><strong><em>καὶ</em></strong></span> <span class='ocrx_word' id='word_1_185' title='bbox 343 2579 422 2659; x_wconf 87' lang='grc' dir='ltr'><strong><em>θεός</em></strong></span> <span class='ocrx_word' id='word_1_186' title='bbox 437 2570 479 2667; x_wconf 80' lang='grc' dir='ltr'><strong><em>ἦν</em></strong></span> <span class='ocrx_word' id='word_1_187' title='bbox 492 2578 509 2648; x_wconf 88' lang='grc' dir='ltr'>ὁ</span> <span class='ocrx_word' id='word_1_188' title='bbox 523 2576 648 2668; x_wconf 88' lang='grc' dir='ltr'><strong><em>λόγος.”</em></strong></span> <span class='ocrx_word' id='word_1_189' title='bbox 690 2586 741 2651; x_wconf 77' lang='grc'><strong><em>52.</em></strong></span> <span class='ocrx_word' id='word_1_190' title='bbox 761 2578 797 2651; x_wconf 88' lang='grc' dir='ltr'><strong><em>τό</em></strong></span> <span class='ocrx_word' id='word_1_191' title='bbox 812 2579 843 2650; x_wconf 85' lang='grc' dir='ltr'><strong><em>δ’</em></strong></span> <span class='ocrx_word' id='word_1_192' title='bbox 866 2575 1087 2668; x_wconf 83' lang='grc' dir='ltr'><strong><em>“έξηρευ’ξατο</em></strong></span> <span class='ocrx_word' id='word_1_193' title='bbox 1105 2579 1128 2670; x_wconf 77' lang='grc' dir='ltr'><em>ἡ</em></span> 
     </span>
     <span class='ocr_line' id='line_1_26' title="bbox 156 2676 1156 2771; baseline 0.003 -21"><span class='ocrx_word' id='word_1_194' title='bbox 156 2686 278 2769; x_wconf 80' lang='grc' dir='ltr'><strong><em>καρδία</em></strong></span> <span class='ocrx_word' id='word_1_195' title='bbox 301 2708 367 2768; x_wconf 91' lang='grc' dir='ltr'><strong><em>μου</em></strong></span> <span class='ocrx_word' id='word_1_196' title='bbox 389 2678 489 2767; x_wconf 89' lang='grc' dir='ltr'><strong><em>λόγον</em></strong></span> <span class='ocrx_word' id='word_1_197' title='bbox 506 2676 658 2768; x_wconf 59' lang='grc' dir='ltr'><strong><em>ἀγαθόν’</em></strong></span> <span class='ocrx_word' id='word_1_198' title='bbox 681 2693 773 2770; x_wconf 83' lang='grc' dir='ltr'><strong><em>είπερ</em></strong></span> <span class='ocrx_word' id='word_1_199' title='bbox 799 2685 835 2751; x_wconf 89' lang='grc' dir='ltr'><strong><em>έκ</em></strong></span> <span class='ocrx_word' id='word_1_200' title='bbox 859 2678 1041 2771; x_wconf 76' lang='grc' dir='ltr'><strong><em>προσώπου</em></strong></span> <span class='ocrx_word' id='word_1_201' title='bbox 1064 2684 1129 2753; x_wconf 73' lang='grc' dir='ltr'><strong><em>τοῦ</em></strong></span> <span class='ocrx_word' id='word_1_202' title='bbox 1149 2729 1156 2733; x_wconf 62' lang='lat'><strong><em>-=</em></strong></span> 
     </span>
    </p>
   </div>
   <div class='ocr_carea' id='block_1_3' title="bbox 153 2778 1158 3278">
    <p class='ocr_par' dir='ltr' id='par_1_8' title="bbox 153 2778 1158 3278">
     <span class='ocr_line' id='line_1_27' title="bbox 156 2778 1127 2872; baseline 0.005 -24"><span class='ocrx_word' id='word_1_203' title='bbox 156 2778 278 2869; x_wconf 84' lang='grc' dir='ltr'><strong><em>πατρός</em></strong></span> <span class='ocrx_word' id='word_1_204' title='bbox 302 2781 358 2849; x_wconf 79' lang='grc' dir='ltr'><strong><em>καὶ</em></strong></span> <span class='ocrx_word' id='word_1_205' title='bbox 381 2784 465 2850; x_wconf 81' lang='grc' dir='ltr'><strong><em>θεού</em></strong></span> <span class='ocrx_word' id='word_1_206' title='bbox 489 2785 557 2852; x_wconf 82' lang='grc' dir='ltr'><strong><em>πων</em></strong></span> <span class='ocrx_word' id='word_1_207' title='bbox 579 2780 668 2853; x_wconf 84' lang='grc' dir='ltr'><strong><em>ὅλων</em></strong></span> <span class='ocrx_word' id='word_1_208' title='bbox 697 2786 840 2870; x_wconf 86' lang='grc' dir='ltr'><strong><em>λέγοιτο,</em></strong></span> <span class='ocrx_word' id='word_1_209' title='bbox 871 2781 930 2852; x_wconf 89' lang='grc' dir='ltr'><strong><em>τὸν</em></strong></span> <span class='ocrx_word' id='word_1_210' title='bbox 955 2787 1127 2872; x_wconf 82' lang='grc' dir='ltr'><strong><em>μονογενῆ</em></strong></span> 
     </span>
     <span class='ocr_line' id='line_1_28' title="bbox 155 2876 1127 2971; baseline 0.009 -23"><span class='ocrx_word' id='word_1_211' title='bbox 155 2887 215 2950; x_wconf 81' lang='grc' dir='ltr'><strong><em>τοῦ</em></strong></span> <span class='ocrx_word' id='word_1_212' title='bbox 238 2885 322 2950; x_wconf 83' lang='grc' dir='ltr'><strong><em>θεοῦ</em></strong></span> <span class='ocrx_word' id='word_1_213' title='bbox 345 2879 445 2969; x_wconf 89' lang='grc' dir='ltr'><strong><em>λόγου</em></strong></span> <span class='ocrx_word' id='word_1_214' title='bbox 469 2876 651 2971; x_wconf 80' lang='grc' dir='ltr'><strong><em>όποφαίνοι</em></strong></span> <span class='ocrx_word' id='word_1_215' title='bbox 675 2877 729 2971; x_wconf 80' lang='grc' dir='ltr'><strong><em>όιν,</em></strong></span> <span class='ocrx_word' id='word_1_216' title='bbox 761 2881 805 2965; x_wconf 77' lang='grc' dir='ltr'><strong><em>ὡς</em></strong></span> <span class='ocrx_word' id='word_1_217' title='bbox 829 2880 872 2955; x_wconf 75' lang='grc' dir='ltr'><strong><em>διν</em></strong></span> <span class='ocrx_word' id='word_1_218' title='bbox 895 2880 972 2954; x_wconf 85' lang='grc' dir='ltr'><strong><em>νίόν</em></strong></span> <span class='ocrx_word' id='word_1_219' title='bbox 996 2886 1040 2961; x_wconf 61' lang='grc' dir='ltr'><strong><em>,έκ</em></strong></span> <span class='ocrx_word' id='word_1_220' title='bbox 1062 2891 1127 2957; x_wconf 83' lang='grc' dir='ltr'><strong><em>τοῦ</em></strong></span> 
     </span>
     <span class='ocr_line' id='line_1_29' title="bbox 155 2977 1127 3074; baseline 0.005 -24"><span class='ocrx_word' id='word_1_221' title='bbox 155 2981 278 3071; x_wconf 83' lang='grc' dir='ltr'><strong><em>πατρὸς</em></strong></span> <span class='ocrx_word' id='word_1_222' title='bbox 302 2977 498 3072; x_wconf 77' lang='grc' dir='ltr'><strong><em>ὑφεστῶτα,</em></strong></span> <span class='ocrx_word' id='word_1_223' title='bbox 523 2981 599 3055; x_wconf 82' lang='grc' dir='ltr'><strong><em>ἀλλ’</em></strong></span> <span class='ocrx_word' id='word_1_224' title='bbox 627 2981 666 3056; x_wconf 86' lang='lat'><em>05</em></span> <span class='ocrx_word' id='word_1_225' title='bbox 691 2984 773 3055; x_wconf 81' lang='grc' dir='ltr'><strong><em>κατὰ</em></strong></span> <span class='ocrx_word' id='word_1_226' title='bbox 797 2983 980 3074; x_wconf 78' lang='grc' dir='ltr'><strong><em>προβολὴν,</em></strong></span> <span class='ocrx_word' id='word_1_227' title='bbox 998 2979 1020 3074; x_wconf 79' lang='grc' dir='ltr'>ἢ</span> <span class='ocrx_word' id='word_1_228' title='bbox 1037 2983 1127 3055; x_wconf 71' lang='grc' dir='ltr'><strong><em>κατὰ</em></strong></span> 
     </span>
     <span class='ocr_line' id='line_1_30' title="bbox 155 3079 1125 3175; baseline 0.003 -23"><span class='ocrx_word' id='word_1_229' title='bbox 155 3089 331 3174; x_wconf 88' lang='grc' dir='ltr'><strong><em>διαίρεσιν,</em></strong></span> <span class='ocrx_word' id='word_1_230' title='bbox 349 3080 370 3172; x_wconf 72' lang='grc' dir='ltr'>ἢ</span> <span class='ocrx_word' id='word_1_231' title='bbox 388 3082 503 3173; x_wconf 79' lang='grc' dir='ltr'><strong><em>τομὴν,</em></strong></span> <span class='ocrx_word' id='word_1_232' title='bbox 521 3079 543 3174; x_wconf 77' lang='grc' dir='ltr'>ἢ</span> <span class='ocrx_word' id='word_1_233' title='bbox 560 3093 710 3174; x_wconf 85' lang='grc' dir='ltr'><strong><em>μείωσιν,</em></strong></span> <span class='ocrx_word' id='word_1_234' title='bbox 728 3081 748 3175; x_wconf 79' lang='grc' dir='ltr'>ἢ</span> <span class='ocrx_word' id='word_1_235' title='bbox 767 3087 898 3156; x_wconf 82' lang='grc' dir='ltr'><strong><em>κατότι</em></strong></span> <span class='ocrx_word' id='word_1_236' title='bbox 915 3089 1035 3156; x_wconf 82' lang='grc' dir='ltr'><strong><em>τῶυέν</em></strong></span> <span class='ocrx_word' id='word_1_237' title='bbox 1052 3085 1125 3157; x_wconf 76' lang='grc' dir='ltr'><strong><em>σοι’-</em></strong></span> 
     </span>
     <span class='ocr_line' id='line_1_31' title="bbox 153 3183 1158 3278; baseline 0.006 -24"><span class='ocrx_word' id='word_1_238' title='bbox 153 3208 253 3272; x_wconf 91' lang='grc' dir='ltr'><strong><em>μασιν</em></strong></span> <span class='ocrx_word' id='word_1_239' title='bbox 271 3183 548 3274; x_wconf 82' lang='grc' dir='ltr'><strong><em>ὑπονοουμένων·</em></strong></span> <span class='ocrx_word' id='word_1_240' title='bbox 579 3183 685 3276; x_wconf 79' lang='grc' dir='ltr'><strong><em>ἀσεβῆ</em></strong></span> <span class='ocrx_word' id='word_1_241' title='bbox 702 3186 766 3278; x_wconf 74' lang='grc' dir='ltr'><strong><em>γὰρ</em></strong></span> <span class='ocrx_word' id='word_1_242' title='bbox 783 3194 888 3257; x_wconf 82' lang='grc' dir='ltr'><strong><em>ταῦτα</em></strong></span> <span class='ocrx_word' id='word_1_243' title='bbox 906 3189 962 3258; x_wconf 80' lang='grc' dir='ltr'><strong><em>καὶ</em></strong></span> <span class='ocrx_word' id='word_1_244' title='bbox 980 3184 1125 3278; x_wconf 79' lang='grc' dir='ltr'><strong><em>πάμπαν</em></strong></span> <span class='ocrx_word' id='word_1_245' title='bbox 1140 3222 1158 3245; x_wconf 62' lang='lat'><strong><em>⁴·</em></strong></span> 
     </span>
    </p>
   </div>
   <div class='ocr_carea' id='block_1_4' title="bbox 221 3419 444 3483">
    <p class='ocr_par' dir='ltr' id='par_1_9' title="bbox 221 3419 444 3483">
     <span class='ocr_line' id='line_1_32' title="bbox 221 3419 444 3483; baseline 0 -17"><span class='ocrx_word' id='word_1_246' title='bbox 221 3420 253 3469; x_wconf 80' lang='lat'><strong><em>23</em></strong></span> <span class='ocrx_word' id='word_1_247' title='bbox 270 3419 367 3470; x_wconf 82' lang='lat' dir='ltr'><strong>Ioann,</strong></span> <span class='ocrx_word' id='word_1_248' title='bbox 382 3421 406 3483; x_wconf 90' lang='lat'><strong><em>1,</em></strong></span> <span class='ocrx_word' id='word_1_249' title='bbox 421 3420 444 3472; x_wconf 82' lang='lat' dir='ltr'><strong><em>l.</em></strong></span> 
     </span>
    </p>
   </div>
   <div class='ocr_carea' id='block_1_5' title="bbox 0 0 1168 3818">
    <p class='ocr_par' dir='ltr' id='par_1_10' title="bbox 0 0 1168 3818">
     <span class='ocr_line' id='line_1_33' title="bbox 0 0 1168 3818; baseline 0 3"><span class='ocrx_word' id='word_1_250' title='bbox 0 0 1168 3818; x_wconf 95' lang='lat' dir='ltr'><strong><em> </em></strong></span> 
     </span>
    </p>
   </div>
  </div>
 </body>
</html>
