2326 3818
393 148 578 203 DEMONST.
595 149 732 202 EVANG.
752 152 800 203 IX.
819 155 844 204 3.
1019 150 1080 214 571

111 287 176 378 ἄρα
194 277 292 368 οῦτος
311 292 437 368 ἐκεῖνος
461 277 505 375 ῆν
522 291 578 357 καί
595 285 670 357 οὐδ’
699 285 815 376 ἄλλος,
841 285 881 359 όν
904 285 925 377 ῆ
950 318 1082 382 προφη-

110 397 184 460 τεία
201 387 449 481 προηγόρευσε,
468 387 548 458 καθ’
568 385 609 458 όν
627 392 682 460 καὶ
700 387 721 477 ῆ
739 390 818 478 Γώγ
838 386 964 480 ῦψύθη
983 400 1110 480 βασι-ο

111 498 187 561 λεία
212 495 270 579 τῆς
297 495 442 580 Χριστοῦ
470 488 643 579 δυνάμεως
671 489 912 580 συναυξούσης.
962 499 1082 563 τοῦτον

112 591 142 663 δ’
173 589 323 664 ἐνταῦθά
348 613 454 681 φασιν
480 597 689 662 αἰνίττεσθαι
719 590 797 662 καθ’
821 591 996 684 Ἐβραίους
1022 593 1082 664 ’τόν

85 692 232 785 ετρόπον
259 691 321 782 τῆν
342 700 410 764 τῶν
428 691 599 783 Ῥωμαίων
625 700 816 781 βασιλείαν,
847 685 869 783 ῆ
895 696 950 763 καὶ
975 694 1082 783 συνῆ-
1096 724 1149 777 μοι]

110 817 238 885 κμασεν
261 792 282 883 ῆ
302 799 448 886 Χριστοῦ
473 801 682 866 διδασκαλία.
726 801 755 864 6.
774 797 936 885 μέμνηται
961 797 998 864 δέ
1021 803 1082 866 τοῦ

110 895 188 986 Γόγ
210 899 266 967 καὶ
289 895 306 966 ὁ
325 896 497 989 προφήτης
511 893 664 985 Ἰεζεκιῆλ
678 892 843 986 “ῦρχοντα
862 895 940 978 Ῥοῦς
964 894 1105 987 Μοσόχ,

109 1002 166 1069 καὶ
181 995 312 1088 Θοβέλ”
323 997 509 1088 ὀνομάζων·
531 996 585 1067 διόι
596 999 658 1087 μὲν
669 1003 731 1068 τοῦ
739 996 817 1079 Ῥοῦς
830 997 1081 1088 τῆνῬωμαίοιν,

111 1097 155 1181 ῦς
174 1107 277 1189 ἐοικε,
302 1098 401 1170 πόλιν
418 1097 660 1188 αἰνιττόμενος,
690 1101 761 1170 ἐπεὶ
780 1103 835 1168 καὶ
854 1098 938 1189 ιἰρχῆ
957 1104 1011 1169 καὶ
1030 1128 1082 1170 κε-

71 1231 96 1270 10
109 1201 200 1291 φαλῆ
218 1198 300 1271 κατόι
317 1199 379 1289 τῆν
391 1199 557 1292 Ἑβραίων
575 1198 695 1291 φωνῆν
714 1197 769 1270 διό
786 1205 846 1270 τοῦ
861 1199 938 1282 Ῥοῦς
957 1205 1082 1290 δηλοῦ-

108 1332 179 1391 ται,
223 1300 279 1371 διόι
303 1303 339 1372 δέ
365 1305 424 1373 τοῦ
450 1301 568 1392 Μοσὸχ
593 1301 655 1389 τῆν
678 1309 820 1373 Μυσίαν
843 1306 898 1371 καὶ
924 1302 964 1372 τόι
987 1306 1080 1392 πέριξ
1099 1343 1110 1371 c

108 1403 229 1492 ταύτης
253 1409 354 1492 ἔθνη,
379 1400 447 1485 ὅσαῚ
466 1407 531 1474 νῦν
548 1409 655 1474 οἰκεῖα
668 1401 837 1491 Ῥωμαίων
856 1405 943 1491 ἐστὶ,
968 1401 1023 1471 διό
1044 1405 1082 1473 δέ

107 1509 168 1577 τοῦ
187 1505 294 1592 Θοβέλ
317 1502 378 1592 τῆν
400 1500 548 1593 Ἰβηρίαν
572 1503 589 1574 ὁ
610 1503 766 1593 Ἰοόσηπος
791 1510 905 1593 δηλοῖ,
931 1502 996 1574 ἀπὸ
1020 1512 1081 1574 τοῦ

109 1607 218 1694 Θοβέλ
232 1607 407 1694 γεγονέναι
420 1604 560 1695 φάσκων
570 1604 762 1694 Θοβεῆλους
775 1602 852 1688 τούς
860 1602 1012 1694 Ἴβηρας·
1033 1597 1081 1676 οἷν

70 1733 95 1774 15
108 1706 268 1779 ἁπάντων
292 1704 435 1797 ἄρχοντα
458 1706 516 1778 τὸν
534 1706 612 1795 Γὼγ
629 1701 880 1794 ῦψωθῆσεσθαί
902 1729 1008 1796 φησιν
1026 1710 1081 1778 ἐπὶ

108 1814 166 1898 τῆς
189 1814 248 1880 τοῦ
275 1810 573 1899 προφητευομένου
600 1814 747 1900 Χριστοῦ
771 1815 974 1898 παρουσίας,
998 1803 1080 1878 όνό

109 1909 189 1993 θεός
209 1908 385 2000 ὡδήγησεν
404 1913 435 1993 ἐξ
450 1907 643 1999 Αἰγύπτου,
661 1906 716 1980 ὅτε
730 1909 812 1979 κατα
824 1908 883 1980 τὸν
897 1920 1081 1981 Ματθαῑον

109 2010 385 2102 ἐπιβουλεύοντος
402 2015 463 2082 τοῦ
474 2010 627 2102 Ἡρύδον
645 2013 740 2081 παιδὶ
758 2008 829 2083 όντι
848 2007 939 2105 αύτῷ
956 2039 1080 2101 χρημα-

107 2116 237 2192 τισθεὶς
254 2109 272 2182 ὁ
288 2109 409 2200 Ἰωσῆφ
424 2115 593 2200 παρέλαβε
610 2111 646 2182 τό
660 2118 798 2184 παιδίον
811 2115 866 2183 καὶ
881 2110 942 2202 τῆν
956 2115 1081 2203 μητέρα
1143 2130 1145 2133 ’

69 2239 95 2278 20
108 2211 225 2300 αὐτοῦ,
244 2215 299 2282 καὶ
318 2216 511 2301 ἐπανῆλθεν
525 2220 571 2292 εἰς
585 2216 649 2302 γῆν
666 2209 803 2302 Ἰσραήλ.
830 2212 910 2296 δόξα
929 2216 965 2282 δέ
982 2243 1080 2302 μονο-

107 2315 250 2404 κέροντος
274 2310 365 2405 αύτῷ
388 2319 435 2404 τῷ
461 2318 594 2405 Χριστῷ
618 2321 748 2402 παρῆν,
782 2311 837 2382 διό
864 2313 900 2382 τὸ
928 2319 965 2384 ἐν
990 2314 1111 2406 αύτῷο

109 2412 327 2501 εύδοκηκέναι
345 2417 538 2500 κατοικῆσαι
556 2420 623 2483 πᾶν
649 2411 684 2483 τό
703 2412 866 2502 πλῆρωμα
884 2419 942 2501 τῆς
959 2412 1081 2502 θεότη-

107 2544 180 2604 τος,
206 2514 290 2585 κατδι
307 2512 367 2586 τόν
384 2513 476 2603 ίερὸν
494 2511 690 2587 ἀπόστολον.
733 2520 761 2587 7.
783 2513 900 2606 διόπερ
920 2509 964 2595 εἰς
982 2517 1080 2604 κέρας

109 2615 374 2707 ἐπιγραφόμενος
387 2615 447 2687 τὸν
463 2619 533 2687 τοῖν
545 2614 633 2687 ὅλοιν
653 2615 736 2687 θεὸν
754 2617 810 2686 καί
830 2620 957 2705 πατέρα
975 2615 1082 2686 αὑτοῦ

70 2717 297 2810 εεμονόκεροις
322 2721 377 2789 καί
403 2722 439 2789 ἐν
455 2721 590 2810 ,ἑτέραις
608 2735 755 2809 γραφαῖς
779 2716 971 2808 ὠνομάσθη.
1009 2714 1080 2787 ὁδ’

109 2817 208 2902 αὐτὸς
225 2823 287 2890 τοῦ
304 2824 390 2890 θεοῦ
407 2817 503 2908 λόγος
520 2836 589 2902 τοῖς
602 2837 732 2908 νοητοῖς
747 2822 803 2890 καὶ
816 2829 961 2908 λογικοῖς
976 2817 1082 2890 αὑτοῦ

109 2925 221 3010 βέλεσι
244 2920 303 2991 τὸν
328 2918 450 3011 ἐχθρόν
474 2923 529 2990 καὶ
554 2924 786 3010 ἀντικείμενον
803 2919 894 3014 αύτῷ
921 2919 1080 3010 διάβολον

109 3021 217 3103 παίσας
234 3049 269 3092 τε
287 3020 344 3104 τὰς
363 3017 447 3112 ἄμφ’
468 3017 571 3093 αὐτόν
588 3019 751 3112 αἰοροίτους
775 3024 830 3092 καὶ
855 3020 1003 3110 πονηρός
1022 3028 1079 3089 δυ-

108 3122 223 3213 νάμεις
239 3121 294 3193 διὰ
307 3131 494 3213 κρείττονος
508 3121 784 3213 καὶίικαταμόχου
795 3120 968 3210 δυνάμεως
978 3119 1079 3208 ῆλαυ-

71 3253 187 3315 εονεν,
213 3227 313 3296 εἰσέτι
337 3253 373 3296 τε
399 3229 465 3324 νῦν
488 3223 636 3316 κυριεύει
661 3229 774 3296 ἐθνῶν
797 3229 949 3310 πολλῶν,
975 3213 1023 3291 οἷν
1040 3220 1081 3291 τοὶ

179 3459 194 3508 '1
212 3459 260 3510 Ez.
274 3460 316 3520 38,
330 3461 355 3512 3.
468 3460 499 3509 13
516 3457 630 3522 Joseph.
643 3455 708 3508 Ant.
720 3458 741 3507 Ι.
754 3457 779 3508 6.
889 3458 923 3507 20
942 3455 1000 3507 001.
1015 3457 1040 3517 2,
1054 3457 1080 3504 9.
