2326 3818
297 76 481 127 DEMONST.
501 77 635 131 EVANG.
654 76 687 126 x.
707 79 731 127 8.
934 76 996 140 687

27 219 183 304 ἐκκλησίᾳ
196 214 337 338 μεγάλῃ,
354 221 412 304 τής
428 211 480 286 ἐπ’
499 212 637 304 ὀνόματι
654 212 761 285 αὐτού
777 214 944 304 συστάσης
963 220 996 300 ἐξ

26 319 138 433 ἐθνῶν
161 313 242 386 καθ’
269 315 349 405 ὅλης
372 347 430 406 της
447 321 644 436 οἰκουμένης
672 320 847 405 ἐκκλησίας
870 346 995 406 μνημο-

25 415 152 537 νεύωη,
181 421 218 487 έν
236 447 257 507 η
276 448 293 487 ο
319 422 395 540 περὶ
418 422 479 489 τού
495 422 643 506 σωτῆρος
666 417 761 507 ἡμῶν
785 425 920 500 ἔπαινος
940 417 996 488 διά

24 515 146 599 παντὸς
164 515 281 610 ᾅδεται
289 518 456 646 ,νεύματι
474 527 534 589 τοῦ
552 516 675 606 πατρὸς
689 516 793 589 αύτου
778 523 863 589 καὶ
877 545 995 610 συνερ-

23 627 90 711 γίᾳ.
130 625 200 689 105,
222 618 275 690 διό
298 620 403 710 φησι
404 619 508 710 παρά
532 620 625 690 σοῦ
611 650 629 691 ο
648 619 783 700 ἔπαινός
805 650 870 708 μου
889 626 926 691 ἐν
944 624 996 690 ἐκ·

23 730 144 812 κλησίμ
161 719 322 811 μεγάλη.”
358 721 485 811 μεγάλη
503 720 566 811 γάρ
586 720 630 804 ῶς
648 720 785 810 ἀληθῶς
802 720 823 810 ἡ
839 725 996 810 ἐκκλησία

23 821 109 910 αὕτη
129 828 165 892 ἐκ
190 821 313 905 παντὸς
336 829 456 912 γένους
479 821 673 912 ἀνθρώπων
693 829 995 913 συγκεκροτημένη,

22 921 104 994 οὐδὲ
122 931 367 1014 συγκρίνεσθαι
392 923 447 994 διά
471 924 508 994 τό
527 923 651 1014 σεμνὸν
673 929 729 995 καὶ
747 923 918 1015 ὑπερφυὲς
935 929 996 995 τού

23 1035 102 1111 βίου
120 1029 175 1095 καὶ
194 1024 249 1095 διά
267 1025 303 1096 τὸ
321 1031 389 1096 τῶν
408 1024 583 1115 δογμάτων
600 1029 742 1115 μέγεθος
760 1025 835 1109 ἀξία
853 1033 899 1119 τῷ
914 1023 1026 1097 'Iov-d

25 1135 131 1197 δαίων
145 1133 239 1196 ἔθνει
253 1131 308 1196 καὶ
322 1131 363 1216 τῇ
375 1135 444 1197 τῶν
458 1132 494 1198 ἐκ
508 1131 685 1218 περιτομῆς
699 1131 892 1217 συναγωγή,
905 1126 996 1217 πάση

24 1236 169 1320 πτωχεία
188 1226 290 1316 λόγου
309 1231 364 1298 καὶ
383 1237 461 1316 βίον
480 1231 535 1298 καὶ
559 1230 770 1320 φρονήματος
789 1231 920 1316 καὶτῆς
938 1226 995 1299 ἀλ·

24 1341 83 1418 λης
108 1332 185 1417 περὶ
208 1335 294 1400 θεοῦ
318 1329 416 1418 δόξης
440 1334 698 1420 ε’σμικρυμμένη.
744 1337 813 1400 106.
835 1329 895 1400 εἶτ’
923 1335 996 1400 ε’πι-

24 1435 114 1519 λέγει
134 1426 215 1511 “τάς
240 1427 338 1521 εύχάς
361 1461 426 1520 μου
456 1439 503 1524 τῷ
526 1440 633 1524 κυρίῳ
658 1430 825 1502 ἀποδώσω
851 1428 996 1502 ἐντόπιον

24 1532 160 1603 πάντων
172 1537 241 1603 τῶν
254 1536 477 1622 φοβουμένων
490 1530 628 1621 αὐτόν,”
647 1537 879 1623 φοβουμένους
893 1525 997 1603 αὐτὸν

24 1633 203 1706 ἀποκαλῶν
234 1633 296 1722 τήν
333 1632 495 1724 πρότερον
530 1631 781 1723 ὀνομασθεῖσαν
817 1638 997 1723 ἐκκλησίαν

25 1733 188 1826 μεγάλην,
207 1732 258 1817 οἷς
276 1743 390 1823 ἔλεγεν
403 1731 461 1806 “oc
475 1734 680 1825 φοβούμενοι
698 1735 756 1807 τὸν
770 1735 888 1827 κύριον
906 1741 997 1807 αἰνέ-

26 1865 104 1910 σατε
122 1833 257 1906 αὐτόν.”
295 1844 392 1919 ποίας
412 1838 449 1906 δὲ
468 1835 566 1926 εὐχάς
583 1834 773 1908 ἀποδῶσειυ
796 1841 901 1926 φησὶν
918 1834 939 1926 ή
957 1835 997 1917 ἀς

27 1946 258 2028 ἐπηγγείλατο;
283 1945 380 2019 ποίας
398 1940 437 2008 δέ
456 1941 673 2026 ἐπηγγείλατο
696 1935 717 2028 ή
736 1943 865 2021 ἐκείνας
885 1937 930 2007 δι’
948 1930 997 2008 ῶν

26 2049 128 2128 ἔφησε
141 2033 365 2127 ’διηγήσομαι
383 2038 419 2109 τδ
438 2037 543 2129 ὄνομά
561 2062 623 2111 σου
647 2057 716 2121 τοῖς
739 2040 900 2130 ἀδελφοῖς
917 2068 996 2129 μου,

10 2147 63 2211 λέν
80 2143 170 2231 μέσην
190 2143 365 2263 ἐκκλησίας
390 2138 529 2230 ὑμνήσω
548 2137 627 2225 σε;”
653 2138 747 2229 εύχαλ
772 2141 836 2229 γάρ
856 2149 943 2212 εἰσιν
961 2146 997 2209 αί

27 2247 238 2329 ἐπαγγελίαι,
262 2237 301 2324 ἀς
321 2240 599 2331 ἐπαγγειλάμενος
626 2240 751 2311 δῶσειν
775 2246 811 2311 ἐν
834 2245 924 2333 μέσω
944 2244 994 2311 ἐ

20 2350 126 2469 ηλησί
125 2371 163 2423 ας
195 2350 433 2431 διεβεβαιοῦτο.
490 2349 560 2412 107
584 2342 716 2423 τούτοις
747 2345 820 2432 εξής
851 2344 995 2430 ἐπιλέγει

20 2441 208 2566 “φάγοντμι
231 2447 372 2533 πένητες
395 2447 450 2514 καλ
477 2442 790 2535 ἐμπλησθήσονται,
821 2448 878 2515 καὶ
904 2473 924 2512 α
927 2448 992 2515 ίνέ-

25 2566 122 2615 σουσι
140 2544 259 2632 κύριον
273 2575 304 2615 οι
298 2550 360 2616 ἐκ
361 2550 533 2634 ζητοῦντες
551 2543 655 2617 αὐτὸν
663 2544 844 2634 ,ζήσονται
858 2551 895 2614 αί
910 2573 992 2635 καρ-
1006 2569 1062 2620 (ιιι)

26 2655 95 2717 δίαι
120 2645 233 2719 αὐτῶν
259 2655 307 2728 είς
333 2651 440 2718 αίῶνα
457 2643 611 2731 αἰῶνος.”
658 2645 913 2737 μνησθήσονται
938 2651 994 2717 καὶ

26 2747 329 2837 ἐπιστραφήσονται
352 2748 435 2839 πρὸς
458 2746 579 2840 κύριον
601 2747 711 2820 πάντα
733 2747 774 2819 τά
792 2753 918 2840 πέρατα
935 2756 995 2837 τῆς

24 2853 100 2938 γῆς,
128 2855 185 2919 καλ
210 2848 505 2940 προσκυνήσουσιν
532 2849 676 2922 ἐνῶπιον
703 2848 808 2921 αὐτοῦ
834 2854 937 2920 πᾶσαι
959 2856 998 2919 αί

24 2953 160 3039 πατριαὶ
177 2957 246 3021 τῶν
264 2956 395 3040 ἐθνῶν,
420 2948 471 3022 ὅτι
489 2958 549 3023 τοῦ
566 2959 686 3042 κυρίου
703 2947 724 3041 ἡ
742 2958 914 3039 βασιλεία,
939 2955 995 3021 καὶ

26 3049 124 3132 αύτδς
149 3050 301 3136 δεσπόζει
331 3057 400 3124 τῶν
424 3049 570 3124 ἐθνῶν.”
621 3059 691 3123 108.
718 3052 763 3122 δι’
791 3042 839 3123 ῶν
861 3051 995 3141 σφόδρα

25 3151 220 3234 ἀκολούθως
243 3151 283 3223 τά
308 3154 390 3244 μετά
412 3152 474 3243 τήν
497 3152 681 3227 ἀνάστασιν
698 3152 802 3225 αὑτοῦ
820 3153 995 3244 κατορθῶ-

25 3285 111 3345 ματα
128 3251 319 3344 ἀναφωνει,
338 3252 360 3325 ά
376 3258 432 3326 καὶ
450 3256 665 3348 πεπλήρωται
685 3255 741 3325 διά
758 3261 815 3344 της
834 3259 867 3339 ἐξ
885 3255 993 3327 άπάν-
1009 3283 1062 3336 [ιιι]

25 3386 93 3427 των
110 3359 178 3427 τῶν
196 3360 309 3428 ἐθνῶν
326 3356 491 3448 κλήσεως,
510 3356 567 3429 διά
584 3387 620 3429 τε
637 3362 695 3447 της
722 3362 758 3427 ἐν
780 3374 850 3439 τοῖς
874 3363 994 3450 πέρασι
