2326 3818
324 135 511 190 DEMONST.
530 135 664 187 EVANG.
682 137 704 186 I.
724 136 748 185 6.
983 134 1025 197 49

56 275 160 347 πάθει
177 273 399 365 προστάττων.
437 277 493 345 καί
511 265 627 355 αὖθις·
651 272 669 344 5
687 275 885 364 μένΜωσῆς
899 292 1025 366 μοιχοῖς

57 380 112 447 καὶ
131 375 325 458 ἀκολάστοις
344 375 527 447 διετάττετο
545 373 581 446 τό
599 375 644 466 μῆ
661 376 842 467 μοιχεύειν,
861 378 946 467 μηδὲ
963 375 1025 467 ἀρ-

58 496 280 567 σενοκοιτεῖν,
304 479 389 568 μηδὲ
412 477 470 560 τάς
492 475 582 567 παρά
606 475 712 568 φύσιν
735 475 859 568 ῆδονάς
878 478 1024 567 διώκειν,

57 579 209 651 θάνατον
231 577 293 669 τῆν
315 588 479 671 τιμωρίαν
502 597 571 661 τοῖς
589 587 860 670 παραβαίνουσιν
879 580 1023 670 ἐπάγων,

31 679 122 771 ιε’γω
142 683 179 751 δὲ
196 677 276 772 μηδ’
297 686 474 772 ἐμβλέπειν
491 697 636 772 γυναῖκα
658 679 728 771 μετ’
751 687 932 772 ἐπιθυμίας
949 681 1024 752 ἀκο-

57 782 181 854 λάστου
198 783 276 867 τοὺς
295 782 394 873 ἐμοὺς
412 783 583 874 βούλομαι.
627 790 679 854 68.
699 785 755 854 καὶ
773 783 891 854 πάλιν·
926 781 944 855 5
963 785 1025 873 μὲν

57 894 172 974 ἔλεγεν
184 881 270 956 (ὀάκ
289 885 514 976 ἐπιορκήσεις,
533 884 721 968 ἀποδιόσεις
740 887 777 956 δὲ
795 893 841 980 τῷ
859 889 932 980 θεῷ
948 885 1025 968 τούς

56 985 177 1077 ὅρκους
195 1007 275 1059 σου·
304 986 369 1077 ἐγώ
387 989 424 1058 δὲ
442 991 527 1077 λέγω
539 986 622 1078 ὑμῖν
639 988 684 1078 μῆ
698 985 817 1078 ὀμόσαι
832 985 928 1077 ὅλως,
948 987 1021 1058 ἀλλ’

57 1097 150 1159 ἔσται
167 1085 184 1160 5
204 1088 300 1178 λόγος
316 1085 413 1180 ὑμῶν
431 1093 487 1160 ναὶ
504 1097 578 1179 ναί,
606 1085 646 1161 οὗ
664 1087 720 1161 οό·
753 1089 790 1160 τὸ
810 1091 845 1159 δὲ
864 1090 1024 1179 περισσόν

18 1220 43 1260 ιο
56 1190 186 1261 τούτων
210 1196 246 1262 ἐκ
269 1195 330 1262 τοῦ
353 1195 503 1281 πονηροῦ
527 1187 650 1263 ἐστιν.”
697 1193 753 1261 καὶ
776 1190 893 1262 πάλιν·
922 1191 939 1261 5
963 1193 1024 1282 μὲν

56 1290 133 1374 τούς
150 1291 350 1375 ἀδικοῦντας
374 1291 570 1382 ἀμύνασθαι
597 1295 652 1363 καὶ
671 1288 865 1364 ἀνταδικεῖν
882 1320 1025 1380 παρεκε-

56 1392 171 1465 λεύετο
190 1396 313 1483 λέγων,
340 1393 520 1485 ὀφθαλμόν
537 1391 612 1464 ἀντὶ
629 1393 809 1484 ὀφθαλμοῦ
828 1397 883 1464 καὶ
901 1393 1024 1464 ὀδόντα

10 1571 13 1576 ,
56 1495 130 1566 ἀντὶ
148 1493 303 1584 ὀδόντος,
332 1493 397 1584 ἐγω
422 1497 568 1586 δὲλέγω
591 1491 675 1585 ὑμῖν
699 1495 744 1586 μῆ
766 1493 961 1583 ἀντιστῆναι
978 1501 1023 1589 τῷ
1039 1523 1080 1574 (οη

56 1601 217 1690 πονηρῷ,Ι
234 1593 311 1667 ἀλλ’
337 1595 426 1680 ὅστις
450 1620 489 1668 σε
507 1603 640 1690 ῥαπίσει
660 1601 715 1669 ἐπὶ
737 1594 800 1685 τῆν
819 1597 933 1680 δεξιάν
951 1620 1025 1666 σια-

18 1727 43 1768 ιε
55 1697 139 1788 γόνα
157 1722 236 1788 σου,
255 1701 400 1787 στρέψον
417 1698 507 1794 αὐτῷ
526 1703 581 1771 καὶ
600 1699 662 1788 τῆν
674 1697 797 1788 ἀλλην·
826 1702 880 1769 καὶ
899 1706 945 1792 τῷ
963 1703 1025 1770 θέ-

56 1807 152 1871 λοντί
168 1822 220 1871 σοι
238 1806 397 1890 κριθῆναι
415 1804 470 1872 καὶ
494 1798 553 1873 τόν
570 1801 693 1892 χιτῶνά
711 1824 773 1872 σου
792 1809 922 1889 λαβεῖν,
942 1799 1024 1887 ἀφες

56 1899 148 1996 αὐτῷ
164 1906 220 1972 καὶ
237 1900 274 1973 τό
294 1901 432 1993 ίμάτιον.
470 1909 519 1973 71.
539 1907 595 1974 καὶ
613 1901 729 1974 πάλιν·
763 1902 781 1973 ὁ
800 1905 862 1992 μὲν
880 1901 1024 1992 παρῄνει

55 2003 192 2093 τὸνμὲν
210 2012 311 2094 φίλον
329 2002 479 2095 ἀγαπᾶν,
499 2021 611 2095 μισεῖν
630 2006 667 2075 δὲ
684 2004 762 2087 τοὺς
781 2001 940 2095 ἐχθρούς,
961 2003 1024 2092 ἐγω

58 2106 95 2174 δὲ
120 2105 201 2176 καθ’
229 2101 423 2197 ὑπερβολὴν
445 2114 704 2197 φιλανθρωπίας
733 2109 789 2176 καὶ
814 2105 1024 2189 ἀνεξικακίας

17 2237 44 2276 εο
57 2204 191 2293 ἀγαπᾶν
207 2205 284 2288 τούς
311 2206 452 2297 ἐχθροός
476 2207 572 2298 ὑμῶν
589 2212 780 2298 νομοθετῶ,
805 2211 860 2277 καὶ
879 2206 1025 2296 προσεό-

56 2320 176 2396 χεσθαι
194 2303 280 2397 ὑπὲρ
298 2314 365 2379 των
385 2309 587 2396 διωκόντων,
606 2307 695 2390 ὅπως
712 2313 858 2399 γένησθε
878 2313 945 2379 υἱοὶ
964 2314 1023 2404 τοῦ

56 2406 178 2499 πατρός
195 2404 291 2498 ὑμῶν
308 2413 368 2480 τοῦ
387 2415 424 2480 ἐν
440 2408 613 2499 οὐρανοῖς,
645 2409 736 2490 ὅστις
755 2409 812 2479 τόν
830 2407 926 2497 ἥλιον
944 2408 1023 2479 ἀνα-

55 2515 163 2582 τέλλει
182 2513 236 2581 ἐπὶ
254 2510 422 2601 πονηροὺς
440 2514 495 2581 καὶ
513 2507 662 2601 ἀγαθοὺς
686 2515 741 2582 καὶ
766 2514 877 2602 βρέχει
903 2514 956 2581 ἐπὶ
976 2518 1023 2581 δι-

56 2620 171 2694 καίους
189 2616 245 2683 καὶ
263 2611 410 2696 ἀδίκους.
455 2619 503 2684 72.
524 2617 580 2684 καὶ
600 2617 653 2684 ἐπὶ
670 2612 799 2693 τούτοις
818 2609 835 2684 ὁ
861 2613 923 2702 μὲν
941 2611 1051 2701 πρόςε

14 2742 41 2784 25
56 2712 117 2802 τῆν
141 2720 209 2784 των
231 2723 366 2786 πολλῶν
390 2723 553 2806 σκληρίαν
576 2714 732 2806 ἡρμόζετο
757 2719 812 2786 καὶ
834 2733 902 2797 τοῖς
922 2720 1022 2805 ε’μπα-

56 2819 134 2885 θέσι
151 2814 340 2905 κατάλληλα
366 2815 567 2907 διετάττετο,
593 2821 834 2908 ἐξηλλαγμένον
858 2821 915 2887 καὶ
941 2816 1023 2889 ὑπο·

56 2915 222 3006 βεβηκότα
240 2916 330 3009 παρά
348 2915 407 2988 τόν
430 2917 574 2990 παλαιόν
596 2919 720 3010 τρόπον
742 2919 950 3008 παραδιδοὺς
969 2919 1023 2990 εό-

56 3026 201 3106 σεβείας·
244 3018 307 3109 ἐγω
333 3020 371 3090 δὲ
395 3024 450 3091 ἐπὶ
479 3021 537 3091 τὸν
567 3025 634 3092 των
658 3021 826 3108 πρόπαλαι
851 3025 1024 3109 θεοφιλῶν

55 3118 192 3208 ἀνδρῶν
211 3119 337 3211 εὐσεβῆ
362 3125 418 3192 καὶ
441 3127 586 3212 θεοφιλῆ
606 3130 682 3211 βίον
700 3120 928 3211 ἀνακαλούμαι
946 3120 1023 3203 τούς

13 3251 42 3292 ιο
56 3221 193 3304 πάντας.
232 3230 281 3294 73.
301 3227 357 3294 καί
377 3221 433 3315 ἐφ’
452 3221 578 3295 ἅπασιν
592 3220 609 3295 5
623 3226 685 3314 μὲν
697 3231 761 3314 γῆν
776 3229 920 3314 ῥέουσαν
938 3221 1023 3311 γάλα

124 3459 139 3505 7
157 3458 255 3512 Matth.
269 3461 292 3516 5,
306 3462 346 3509 33.

106 3556 246 3593 εοεεειυε
266 3559 311 3598 111.
831 3545 856 3605 4
