2326 3818
134 155 193 219 198
535 158 682 208 EUSEBII

131 300 352 385 δεδημηκέναι
369 299 415 388 τῷ
433 302 514 389 βίςο,
534 286 556 385 ᾗ
572 294 658 387 μόνη
677 300 732 365 καλ
750 296 864 387 πρώτη
883 296 921 367 τό
945 299 1098 388 μηδεπώ-

101 425 210 467 ιποτε
236 392 317 487 παρ’
345 393 537 486 ἀνθρώποις
567 402 844 486 μνημονευθέντα
868 399 1096 491 κατώρθωται.

79 520 118 572 [8ο]
131 497 213 568 ύλλδι
232 502 286 569 καὶ
304 502 408 568 ταῦτα
425 500 487 586 μέν
505 489 571 568 ὦδε
589 501 680 579 τέλος
699 502 807 588 ἐχέτω.

207 607 256 671 34.
279 599 389 670 Πόλιν
409 601 445 669 δὲ
465 603 517 669 ἐπὶ
535 598 594 670 τὸν
612 596 657 668 δι’
679 603 831 681 ἐναντίας
850 605 955 691 ίτέον,
977 608 1096 693 ἐρωτη-

130 705 204 773 τέου
222 732 257 774 τε
286 714 319 772 εί
339 729 418 770 ποτε
443 698 631 790 ὀφθαλμοῖς
655 699 746 771 εἶδεν
769 698 790 789 ἢ
814 700 896 794 ύκοή
916 712 1001 791 ἔγνω
1021 704 1122 793 νόηο

130 803 187 884 τός
211 832 247 875 τε
270 804 325 873 καὶ
350 803 542 891 φαρμακέας
567 808 643 891 δίχα
667 808 825 873 σπονδιῦν
851 807 906 873 καὶ
933 804 1097 894 θυμάτων

129 909 183 974 καὶ
204 903 373 993 δαιμόνων
398 900 598 990 ἐπικλήσεως
622 907 733 973 τεκαὶ
757 911 942 992 παρουσίας
959 906 1096 993 γοητεύ-

129 1034 235 1086 οντας.
263 1002 309 1094 μή
327 1033 357 1072 τι
368 995 430 1074 οῦν
445 1002 592 1073 καλκατόι
610 1008 668 1074 τοῦ
687 1008 833 1095 σωτήρος
847 1003 952 1092 ήμοῦν,
971 1000 992 1092 ή
1012 1005 1095 1074 κατὰ

128 1111 196 1176 των
215 1105 321 1176 αὐτοῦ
337 1105 462 1193 λόγων,
481 1101 502 1193 ή
520 1103 602 1175 κατὰ
619 1112 688 1175 τῶν
706 1109 804 1175 είσέτι
823 1110 889 1175 νῦν
906 1104 1095 1194 ζηλούντων

128 1204 185 1276 τόν
205 1203 308 1278 αύτοῦ
327 1214 420 1294 βίον,
448 1213 514 1296 ἔχει
537 1235 586 1287 τις
609 1206 768 1294 τοιαύτην
787 1209 958 1296 ἐπιφέρειν
982 1214 1091 1295 διαβο·
1109 1238 1134 1276 10

129 1306 208 1397 λήν;
228 1307 303 1399 ούχὶ
322 1311 377 1377 καὶ
395 1310 513 1399 τυφλῷ
531 1311 634 1395 δήλου
653 1302 697 1388 ὡς
716 1312 784 1377 πῦν
801 1307 1001 1378 τούναντίον
1019 1310 1095 1378 τού-

127 1440 194 1491 τοις
221 1410 315 1501 ἡμεῖς
347 1417 382 1479 οί
410 1408 450 1478 τότ
473 1405 580 1497 Ἰησοῦ
613 1412 817 1497 φρονοῦντες
845 1409 1095 1498 ἐπιτηδεύομεν,

127 1516 252 1582 θᾶττον
283 1513 344 1601 μὲν
370 1507 508 1604 θανύτςο
532 1507 593 1598 τήν
623 1506 777 1599 φυχήνή
811 1517 945 1599 δαίμοσι
968 1518 1096 1580 θυσίαν

100 1618 290 1702 οπροέσθαι
309 1615 512 1700 τολμῶντες,
537 1614 662 1680 θᾶττον
681 1613 717 1680 δὲ
740 1616 798 1698 τῆς
823 1617 904 1698 ζωής
926 1611 1096 1700 ἐξιστάμε-

127 1743 179 1783 νοι
193 1710 213 1801 ή
228 1731 296 1793 τοῖς
310 1728 468 1800 πονηροῖς
483 1718 616 1799 δαίμοσι
633 1716 848 1800 δουλωθῆναι
861 1708 1092 1802 ὑπομένοντες.
1109 1739 1134 1780 ιε

127 1819 177 1884 35.
197 1821 246 1894 τίς
272 1816 308 1884 δέ
331 1810 392 1884 ούκ
415 1813 508 1883 οἶδεν
532 1811 620 1894 ὅπως
645 1810 709 1882 σῦν
733 1810 817 1904 αὐτῇ
840 1818 883 1905 τῇ
905 1819 964 1884 τοῦ
984 1813 1094 1902 Ἰησοῦ

128 1925 333 2006 προσηγορίᾳ
348 1917 403 1983 καὶ
417 1913 483 1983 σύν
498 1911 609 2001 εῦχαῖς
620 1914 871 2003 καθαρωτύταις
885 1919 953 1986 πᾶν
966 1914 1002 1984 τὸ
1023 1920 1093 1983 δαι-

127 2015 240 2104 μόνων
258 2025 356 2106 ἔργον
374 2013 578 2084 ἀπελαύνειν
601 2013 682 2103 ἡμῖν
704 2022 805 2102 φίλον
830 2020 937 2101 ἐστίν;
963 2007 1095 2097 οῦτοςῦ

127 2120 185 2186 τοῦ
202 2113 310 2205 Ἰησοῦ
327 2115 423 2204 λόγος
448 2118 503 2185 καὶ
522 2114 543 2204 ή
562 2114 638 2205 παρ’
669 2113 775 2185 αύτοῦ
792 2124 992 2186 διδασκαλία
1009 2116 1095 2188 πολύ

128 2226 296 2306 κρείττους
314 2222 372 2307 τής
385 2215 530 2307 όορύτου
539 2215 659 2304 ταύτης
675 2215 847 2305 δυνάμεως
865 2217 991 2299 πάντας
1009 2216 1134 2307 ήμόιςεο

128 2317 366 2410 όιπειργόσατο,
396 2317 538 2409 ἐχθρούς
564 2345 600 2388 τε
625 2319 794 2408 δαιμόνων
823 2321 878 2388 καὶ
904 2327 1094 2408 πολεμίους,

127 2418 202 2491 ἀλλ’
222 2421 262 2493 ού
281 2430 400 2512 φίλους
419 2418 498 2492 οὐδὲ
516 2418 694 2509 συνήθεις,
714 2424 840 2490 πολλοῦ
858 2426 913 2490 δεῖ
927 2414 1096 2508 ῦπηκόονς

61 2548 115 2601 (133)
128 2527 183 2592 καί
201 2519 413 2613 ὑποχειρίους
439 2524 524 2592 εἶναι
548 2520 807 2610 παρεσκεύασεν.
853 2526 903 2591 36.
923 2518 941 2590 ὁ
966 2519 1008 2609 δή
1027 2549 1094 2590 τοι-

129 2622 247 2705 ούτους
265 2620 349 2714 ἡμᾶς
374 2622 575 2714 προαγαγῶν
599 2625 667 2703 πῦς
691 2619 733 2692 διν
760 2619 858 2705 αύτὸς
877 2626 995 2701 δοῦλος
1022 2625 1095 2709 ἐγε-

128 2724 220 2811 γόνει
241 2724 426 2813 δαιμόνων;
446 2728 515 2804 πως
535 2721 566 2791 δ’
588 2719 630 2792 διν
647 2739 715 2804 τοῖς
733 2739 891 2814 πονηροῖς
905 2721 1095 2811 πνεύμασιν
1108 2750 1134 2790 νε

67 2836 70 2841 ’
129 2830 271 2910 ἔθυσεν;
299 2821 319 2913 ἢ
347 2833 416 2906 πῶς
444 2823 592 2912 βοηθούς
620 2831 780 2913 δαίμονας
806 2827 1026 2895 ἐπεκαλέσατο
1059 2827 1095 2894 ἐν

128 2942 199 3008 ταῖς
224 2931 534 3017 παραδοξοποιίαις,
558 2924 658 2995 ὁπότε
683 2929 783 2996 είσέτι
808 2930 908 3015 δεῦρο
934 2930 998 3006 παῖς
1023 2931 1094 2994 δαί-

127 3057 201 3117 μων
219 3030 274 3097 καὶ
292 3032 360 3099 πᾶν
377 3025 569 3119 ύκόθαρτον
587 3030 736 3117 πνεῦμα,
756 3025 799 3109 ῦς
813 3057 843 3097 τι
857 3031 924 3097 τεόν
942 3040 1095 3096 κολαστι*

129 3133 198 3199 κοῦν
223 3131 278 3200 καὶ
302 3132 549 3217 βασανιστικῦν
576 3133 633 3217 τῆς
651 3135 774 3211 οἰκείας
792 3127 939 3217 φύσεως,
957 3131 1017 3198 τοῦ
1033 3122 1092 3214 Ἰη-

129 3236 191 3300 σοῦ
209 3231 243 3301 τδ
262 3230 368 3321 όνομα
386 3236 532 3321 φρίττει,
551 3227 767 3313 ῦπεξίσταταί
777 3257 812 3299 τε
830 3232 885 3299 καὶ
903 3244 1096 3321 παραχωρει
1109 3257 1134 3296 ω

126 3336 168 3418 τή
178 3337 234 3420 τής
246 3339 468 3424 προσηγορίας
482 3329 640 3420 δυνύμει;
659 3335 710 3400 37.
722 3329 834 3419 ὥσπερ
848 3321 910 3400 ούν
923 3333 980 3400 καὶ
993 3329 1095 3399 πύλαι

128 3431 208 3501 καθ’
230 3428 269 3502 δν
288 3431 446 3522 ἐπεδήμει
458 3437 505 3526 τῷ
521 3441 586 3526 βίω
600 3430 739 3521 χρόνον,
757 3429 803 3520 μή
816 3433 974 3522 φέροντες
992 3426 1094 3501 αύτοῦ
