2326 3818
341 141 528 194 DEMONST.
541 141 673 193 EVANG·
693 142 768 192 VIII.
786 144 811 192 2.
947 179 950 184 -
982 141 1039 204 54]

77 279 205 369 δηλαδὴ
225 278 393 368 διαθήκην
416 284 476 350 τοῦ
504 277 721 367 εῦαγγελικοῦ
739 278 948 368 κηρύγματος
966 310 1044 371 κρα-

77 380 197 451 τύνων.
225 386 294 450 111.
312 389 379 451 τίσι
398 381 436 450 δὲ
454 389 588 460 πολλοῖς
607 379 733 468 ταύτην
752 379 1045 470 ἐνεδυνύμωσενῆ

77 482 232 571 δηλονότι
254 499 323 564 τοῖς
348 485 470 552 ἑαυτοῦ
496 493 661 570 μαθηταῖς
685 484 741 550 καὶ
766 477 962 562 ἀποστόλοις
989 487 1045 553 καὶ

34 662 37 665 ,
76 601 144 665 τοῖς
156 587 188 665 ἐξ
197 581 363 672 Ἑβραίων
377 591 423 666 είς
436 581 538 654 αὐτὸν
550 580 808 653 πεπιστευκόσιν
822 580 941 668 ἅπασα
957 578 1045 671 πλὴν

51 681 160 754 οῦλλά
178 690 235 773 τῆς
253 689 329 775 μιῦς
351 683 473 774 ταύτης
492 683 696 774 ἑβδομάδος,
720 682 798 754 καθ’
826 680 869 773 ἣν
888 686 1045 754 ἐνεδυνά-

76 809 167 876 μωσε
183 785 246 875 την
265 793 478 877 δηλωθεῖσαν
496 784 665 875 διαθήκην
688 804 756 871 τοῖς
774 796 926 874 πολλοῖς,
947 789 982 855 ἐν
999 793 1045 878 τῷ

76 887 190 977 ἡμίσει
202 887 317 978 ς(ἤρθη
334 896 441 959 θυσία
459 891 515 959 καὶ
533 891 675 978 σπονδὴ,
693 886 730 958 τύ
747 915 783 957 τε
800 891 972 976 βδέλυγμα
988 894 1046 974 τῆς
1061 916 1113 965 μοι)

78 987 296 1081 ἐρημώσεως”
318 987 454 1080 ἤρξατο,
481 995 551 1060 112.
572 988 751 1080 ἐπειδήπερ
769 988 972 1079 μεσαζούσης
990 995 1047 1079 της

78 1091 263 1181 ἑβδομάδος
281 1091 401 1180 ταύτης
419 1090 501 1180 μετὰ
517 1088 576 1161 τὸν
599 1087 701 1180 ἥμισυ
719 1094 776 1160 καὶ
798 1095 909 1180 τριετη
926 1090 1047 1181 χρόνον

39 1213 65 1253 1⁰
78 1199 134 1281 τῆς
154 1199 370 1272 διδασκαλίας
389 1190 514 1280 αὐτοῦ,
533 1187 614 1280 καθ’
634 1187 674 1262 δν
693 1189 811 1282 καιρὸν
829 1196 991 1281 πέπονθε,
1011 1191 1047 1261 τῦ

78 1296 312 1382 καταπέτασμα
325 1296 386 1363 τοῦ
399 1297 485 1365 ναοῦ
501 1292 624 1382 ἐρράγη
637 1290 702 1362 ἀπὸ
715 1290 852 1363 ῦνοιθεν
865 1297 926 1374 ἕως
940 1294 1045 1363 κάτω·

78 1393 123 1474 ὡς
142 1397 175 1476 ἐξ
194 1397 326 1464 ἐκείνου
345 1394 487 1483 δυνάμει
504 1385 609 1482 ἧρθαι
628 1398 661 1476 ἐξ
680 1390 792 1464 αύτῦν
815 1391 877 1481 τὴν
894 1392 1047 1480 σπονδὴν

78 1497 134 1565 καὶ
152 1494 214 1583 τὴν
230 1502 374 1584 θυσίαν,
394 1499 450 1565 καὶ
468 1494 506 1566 τό
520 1498 692 1584 βδέλυγμα
706 1499 763 1585 της
783 1493 977 1585 ἐρημώσεως
993 1497 1046 1564 ἐπὶ

78 1595 114 1664 τὸ
140 1595 230 1685 ίερδν
254 1601 474 1686 καταστῆναι,
499 1596 746 1686 καταλιπούσης
765 1595 886 1678 αύτούς
906 1595 1047 1686 ἐρήμους
1106 1625 1109 1634 *

40 1719 65 1758 1⁵
78 1701 136 1786 της
153 1696 322 1769 ἀνέκαθεν
341 1706 388 1780 είς
407 1702 514 1770 ἐκεῖνο
532 1706 649 1790 καιροῦ
674 1696 733 1769 τδν
755 1696 857 1769 τόπον
876 1697 1048 1788 ἐφορύσης

79 1803 135 1870 καὶ
163 1798 404 1889 ἐπισκοπούσης
432 1799 616 1891 δυνάμεως.
663 1805 733 1871 113.
758 1801 853 1889 μέχρι
879 1805 962 1889 γοῦν
988 1804 1077 1870 τοῦτ

79 1910 247 1991 σωτηρίου
272 1901 405 1983 πάθους
429 1903 519 1973 εἷναί
539 1932 615 1974 τινα
639 1907 724 1973 θεοῦ
752 1900 896 1992 δύναμιν
915 1906 1048 1972 ἐπισκο-

80 2010 212 2074 ποῦσαν
235 2001 272 2074 τό
298 2003 390 2088 ἱερὸν
412 2008 469 2074 καὶ
493 2004 529 2074 τὸ
553 2001 649 2092 ῦγιον
672 2009 739 2075 τῶν
761 2002 868 2092 ἁγίων
890 2002 1048 2093 ἡγεῖσθαι

81 2102 248 2193 προσήκει.
286 2103 327 2173 ού
345 2105 408 2192 γὰρ
427 2100 469 2174 ῦν
486 2103 594 2185 ἄλλως
613 2109 669 2175 καὶ
688 2102 786 2185 αύτδς
804 2103 871 2195 ἅμα
884 2123 953 2189 τοῖς
971 2116 1048 2176 πολ-

42 2225 67 2263 20
81 2216 150 2285 λοῖς
167 2203 379 2292 συνήδρευεν
398 2208 434 2275 ἐν
452 2212 497 2299 τῷ
517 2211 595 2298 ίερῷ
613 2206 670 2287 τδις
688 2207 771 2275 κατὰ
790 2206 913 2295 νόμους
934 2206 1047 2293 ἑορτὰς
1063 2232 1114 2283 [2501

81 2309 254 2392 ἐπιτελῶν,
273 2303 317 2393 μὴ
332 2304 406 2393 ούχὶ
422 2314 469 2375 ἐτι
482 2312 674 2377 συνεστῶτα
687 2309 743 2376 καὶ
757 2316 841 2376 θεοῦ
857 2309 942 2377 εἶναι
955 2307 1049 2390 ῦξιον

80 2406 139 2476 τὸν
155 2404 258 2476 τόπον
277 2404 384 2487 είδύς.
423 2412 491 2476 114.
512 2399 598 2495 ἦσαν
609 2399 671 2476 οῦν
691 2410 727 2476 ἐν
744 2411 791 2498 τῷ
803 2415 880 2500 ἱερῷ
900 2415 955 2477 καὶ
970 2436 1048 2492 προ·

81 2506 282 2597 φητεύοντές
298 2535 386 2588 τινες
405 2515 452 2588 είς
470 2512 579 2579 ἐκεῖνο
596 2515 656 2578 τοῦ
670 2514 805 2597 καιροῦ,
825 2506 1049 2597 ιῦσπερἎννα

81 2606 102 2698 ἡ
126 2615 289 2699 προφῆτις
313 2604 334 2698 ἡ
357 2616 417 2680 τοῦ
442 2608 600 2699 Φανουὴλ
624 2613 680 2680 καὶ
704 2607 850 2698 Συμεύν
872 2605 889 2680 ὁ
915 2613 969 2680 ἐπὶ
991 2610 1048 2692 τὰς

44 2732 69 2771 2⁵
82 2709 228 2800 ἀγκύλας
248 2709 349 2783 αύτόν
367 2715 491 2802 βρέφος
501 2721 548 2783 ἔτι
561 2713 642 2783 ὄντα
655 2712 781 2801 λαβὼν,
799 2721 834 2782 οἳ
845 2716 900 2782 καὶ
917 2739 1072 2801 προφηε

81 2813 217 2884 τεύουσι
240 2812 280 2883 τοὶ
309 2813 595 2904 ἀναγεγραμμένα.
646 2821 715 2884 115.
741 2811 812 2885 οὐδ’
842 2811 884 2886 ῦν
908 2813 1008 2896 αὐτὸς
1032 2813 1049 2884 ὁ

81 2914 195 3003 κύριος
212 2913 309 3004 ἡμῶν
327 2915 451 3004 εἰρήκει
468 2920 515 3009 τῷ
532 2920 643 3008 λεπρῷ
655 2913 798 3004 “ῦπαγε,
819 2921 930 2999 δεῖξον
948 2938 1049 2986 σεαυ-

81 3014 140 3087 τδν
157 3024 202 3110 τῷ
222 3023 321 3106 λερεῖ,
345 3019 399 3086 καὶ
424 3020 625 3105 προσένεγκε
642 3015 705 3104 την
722 3027 868 3106 θυσίαν,
888 3013 931 3107 ἢν
949 3040 1048 3107 προσ-

54 3128 65 3163 7
83 3120 175 3200 ἐταξε
192 3121 321 3206 Μοισης
340 3116 587 3209 είςμαρτύριον
604 3115 734 3207 αύτοῖς,
753 3118 798 3208 μὴ
816 3117 889 3208 οὐχὶ
909 3127 956 3188 ἐτι
975 3126 1049 3189 δεῖν

44 3217 266 3308 θηγούμενος
289 3218 328 3289 τῦ
351 3218 434 3290 κατα
457 3218 580 3310 νόμους
599 3223 822 3292 ἐπιτελεῖσθαι
847 3217 985 3306 αύτύθι,
1004 3215 1048 3300 οἷς

151 3454 183 3502 27
202 3453 300 3507 Matth.
314 3454 339 3518 8,
353 3456 377 3506 4,
