2326 3818
124 124 188 187 252
506 123 680 198 ιεοεεοπ
785 162 787 166 ,

125 261 227 333 πάλιν
246 260 265 287 “
293 269 327 333 οί
349 263 411 352 μὲν
429 265 529 352 χωρὶς
550 260 757 351 ὁρκωμοσίας
776 263 863 332 είσὶν
881 267 982 350 ίερεῖς
999 290 1095 352 γεγο·
1122 340 1125 345 ,

125 363 235 454 νότες,
254 362 272 434 ὁ
291 366 329 435 δέ
346 363 427 454 μετά
445 359 670 453 ὁρκωμοσίας,
690 361 745 432 διά
762 367 822 433 τοὺ
840 365 995 450 λέγοντος
1012 363 1094 455 πρὸς

126 463 240 554 αὑτὸν,
265 463 373 556 ῶμοσε
397 463 511 554 κύριος
537 468 592 534 καὶ
618 463 658 533 οὑ
685 462 1009 553 μεταμεληθήσεται·
1052 462 1093 537 σὺ

126 566 234 657 ίερεὺς
249 575 296 647 είς
309 565 367 637 τὸν
381 570 487 637 αίῶνα
501 565 583 636 κατὰ
600 562 662 653 τήν
680 563 773 648 τάξιν
786 568 1007 653 Μελχισεδέκ.
1039 566 1093 638 καλ

126 675 160 740 oc
174 671 236 759 μὲν
254 671 405 748 πλείονές
425 675 488 737 είσι
506 664 678 755 γεγονότες
696 671 797 754 ίερεις
820 665 875 735 διά
893 663 929 736 τὺ
953 666 1114 763 θανάτριε

126 768 319 840 κωλύεσθαι
337 771 552 856 παραμένειν,
571 766 589 837 ὁ
609 773 646 836 δὲ
665 765 720 837 διὰ
737 768 774 838 τὸ
791 769 905 857 μένειν
924 767 1031 841 αὑτὸν
1048 776 1093 853 είς

126 871 184 940 τὸν
212 874 319 939 αίῶνα
344 867 560 956 ἀπαράβατον
591 876 656 958 ἔχει
685 868 747 957 τὴν
772 867 969 959 ἱερωσύνην.
1011 870 1093 943 ὅθεν

126 974 182 1040 καί
200 969 317 1053 σῶζειν
336 977 383 1050 είς
400 969 437 1040 τὸ
462 970 621 1051 παντελὲς
646 967 785 1040 δύναται
809 968 886 1051 τοὺς
910 988 1094 1064 ιτροσερχο·Ι

125 1073 247 1159 μένους
261 1069 302 1140 δι’
318 1069 422 1142 αὑτοῦ
434 1077 480 1165 τῷ
493 1077 577 1165 θεῶ,
590 1068 733 1141 πάντοτε
746 1075 810 1155 ζῶν
825 1079 872 1153 είς
884 1069 921 1141 τδ
937 1070 1095 1198 έντυγηά·

126 1201 200 1243 νειν
217 1170 303 1261 ὑπέρ
322 1170 461 1245 αὐτῶν.”
493 1179 544 1243 41.
574 1171 629 1242 διὰ
646 1171 774 1243 τούτων
788 1175 994 1262 συνέστηκεν
1010 1171 1125 1247 ουσάιι

126 1302 175 1354 τις
194 1279 230 1345 έν
247 1291 316 1357 τοϊς
334 1265 409 1345 οὑσι
427 1277 483 1344 καὶ
501 1273 679 1363 ὑφεστῶσα
699 1277 736 1344 έν
753 1291 883 1364 νοητοῖς
896 1284 978 1345 θεία
992 1275 1095 1348 δὺνα-

59 1406 114 1456 (πε)
125 1406 190 1466 μις,
209 1371 231 1466 ἡ
248 1381 294 1470 τῶ
311 1382 382 1470 θεῷ
400 1383 469 1446 τῶν
485 1372 574 1446 ὅλων
597 1378 760 1464 ἱερωμένη
779 1376 862 1446 κατά
875 1375 915 1445 τά
928 1374 1096 1469 Ἑβραίων

127 1476 238 1566 λόγια,
263 1477 304 1548 οὑ
328 1475 449 1566 γεῶδει
474 1479 529 1547 καλ
547 1475 754 1569 ἀνθρωπίνῳ
772 1475 885 1568 μύρῳ,
910 1489 1098 1566 θεοπρεπετ

127 1581 167 1649 δέ
187 1608 253 1650 τινι
277 1581 337 1648 καί
358 1580 466 1672 ένθέῳ
489 1575 591 1667 ἀρετῇ
619 1604 655 1646 τε
679 1581 735 1647 καλ
764 1576 907 1666 δυνάμει
938 1583 1096 1668 ίερᾶσθαι

126 1683 360 1769 καθεσταμένη
384 1683 430 1773 τῶ
455 1682 509 1749 έπλ
533 1676 669 1749 πάντων
692 1682 774 1772 θεῷ.
809 1684 861 1747 42.
894 1673 1022 1767 ὑγοῦυ
1040 1680 1127 1753 διάσ

126 1784 186 1851 τοῦ
213 1787 355 1871 Ψαλμοὺ
379 1779 670 1868 προφητευόμενος
696 1784 843 1869 παρέστη
868 1778 1026 1871 ἀντικρυς
1052 1790 1096 1854 ίε·

126 1880 205 1971 ρεὺς
227 1912 276 1963 τις
300 1877 348 1952 ῶν
367 1879 500 1960 αίῶνιος
525 1883 581 1951 καί
603 1877 675 1962 υίὺς
693 1879 838 1964 ὑψίστου
856 1887 959 1970 θεοῦ,
984 1881 1030 1965 ῶς
1053 1881 1097 1956 ἀν

126 1978 184 2052 ὑπ’
207 1982 311 2053 αὑτοῦ
328 1985 389 2052 τοὺ
405 1976 550 2064 ὑψίστου
567 1984 654 2053 θεοὺ
668 1985 910 2071 γεγενημένος,
933 1987 990 2054 καὶ
1016 1983 1096 2057 σῶν·

59 2147 61 2153 ,
126 2094 251 2170 θρονος
269 2087 325 2172 της
343 2091 514 2171 βασιλείας
533 2081 647 2155 αὑτοῦ.
683 2089 734 2154 43,
764 2086 929 2154 δέδεικται
948 2086 986 2154 δὲ
1003 2085 1096 2158 καὶὸ
1131 2102 1134 2109 ’

128 2181 183 2253 διδ
201 2191 260 2254 τοὺ
273 2182 411 2256 Ἡσαΐου
425 2184 566 2273 Χριστὸς
579 2181 640 2275 οὑχ
654 2179 713 2255 ὑπ’
730 2181 924 2272 ἀνθρώπων
936 2187 1096 2277 γεγονὸς,
1107 2216 1131 2259 ει

100 2280 199 2358 τᾶλλ’
220 2281 279 2356 ὑπ’
302 2286 408 2358 αὐτου
425 2291 485 2358 τοὺ
503 2285 625 2377 πατρὸς
639 2289 695 2358 καλ
714 2286 769 2356 διά
782 2292 842 2357 τοῦ
858 2291 980 2359 ἐνθέου
993 2288 1097 2360 πνεὺ·

127 2416 227 2477 ματος
250 2391 481 2479 κεχρισμένος,
508 2389 677 2478 λυτρωτής
701 2415 737 2457 τε
759 2386 1007 2478 ἀπεσταλμένος
1037 2398 1097 2480 τῆς

126 2495 194 2560 τῶν
220 2489 414 2578 ἀνθρώπων
446 2496 680 2579 αἰχμαλωσίας.
722 2494 773 2559 44.
807 2493 928 2560 τοῦτον
960 2488 1001 2578 δὴ
1032 2484 1098 2563 οὖν

127 2588 291 2679 πνεύματι
309 2598 394 2682 θείῳ
407 2594 607 2679 τεθεαμένος
622 2590 639 2660 ὑ
654 2594 782 2679 Μωσῆς
797 2589 927 2673 είκόνας
940 2593 996 2661 καὶ
1011 2591 1098 2684 σύμ·

127 2698 211 2777 βολα
236 2686 281 2770 ῶς
308 2694 344 2760 έν
371 2688 565 2781 ἀνθρῶποις
595 2689 699 2762 αὑτοῦ
728 2700 892 2780 καθίστη,
922 2701 1135 2789 σκευαστῷω

127 2789 222 2882 μὺρηι
239 2794 321 2872 τέως
339 2788 413 2862 ἀντὶ
431 2795 492 2862 τοὺ
508 2799 607 2863 θείου
625 2790 813 2881 πνεύματος
830 2792 889 2863 τὸν
906 2797 943 2863 ἐν
960 2789 1097 2897 ἀνθρῶ·

127 2887 201 2971 ποις
215 2896 425 2982 προηγμένον
440 2897 531 2984 ίερέα
543 2903 647 2983 χρίων
659 2896 760 2965 τεκαὶ
774 2891 935 2983 ἀλείφων,
949 2895 1098 2986 Χριστόν

126 3020 163 3062 τε
181 2989 283 3064 αὑτὸν
300 2997 356 3064 καὶ
374 2994 574 3084 ηλειμμένον
593 3003 642 3077 είς
660 2994 838 3087 ἀναφοράν
862 3003 921 3067 τοῦ
945 2993 1097 3084 ἀληθοῦς

127 3088 314 3166 ἀποκαλῶν.
356 3101 407 3165 45.
434 3094 484 3166 ὅτι
503 3097 541 3166 δὲ
562 3103 667 3169 ταῦτα
684 3093 788 3180 οὕτως
812 3105 878 3186 ἔχει
903 3104 954 3178 τίς
976 3093 1020 3169 ἀν
1042 3102 1097 3188 γε’·

127 3224 217 3266 νοιτο
241 3195 367 3286 μάρτυς
386 3193 488 3267 αὑτοῦ
512 3200 665 3280 Μωσέως
689 3202 815 3289 μᾶλλον
837 3195 1032 3297 ἀξιόχρεωςς
1059 3204 1138 3273 ένεο

386 3347 405 3378 Ι

196 3430 209 3477 1
229 3429 300 3482 Heb.
315 3431 339 3493 ε,
352 3432 392 3482 νο.
