2326 3818
128 151 192 216 632
467 170 481 182 ·
540 152 688 203 Ευεειιττ

129 291 236 382 κόριε,
252 290 388 380 έλέησόν
398 319 451 381 με,
464 294 520 361 καὶ
531 288 722 380 ἀνάστησόν
733 320 786 380 με,
800 293 855 361 καὶ
868 287 1096 365 ἀνταποδώσω

129 391 250 476 αὐτοῖς.
271 396 308 463 έν
320 392 426 487 τούτῳ
436 400 546 482 ἔγνων
554 390 795 481 όιιιεθέληκάς
807 420 848 482 με
859 388 909 463 ὅτι
922 389 962 462 οὐ
969 394 1016 483 μὴ
1027 398 1097 465 ἔτι·

133 501 219 587 χαρῄ
229 494 246 566 ὁ
257 495 376 586 ἐχθρός
384 523 450 585 μον
460 491 511 564 ἐπ’
533 490 622 584 έμέ.”
653 500 703 565 36.
719 496 775 564 καὶ
788 492 958 583 πρόδηλόν
972 523 1011 583 γε
1024 502 1099 567 τίνα

129 596 253 687 τρόπον
269 595 350 686 μετά
368 596 430 685 τὴν
454 600 490 667 έκ
509 600 639 685 νεκρῶν
657 592 840 667 ἀνάστασιν
864 592 968 666 αὐτοῦ
989 625 1099 688 παρα·

129 703 237 790 χρῆμα
246 702 302 769 καί
312 695 374 769 οόκ
384 707 430 778 είς
440 698 722 788 μακρὸνμετηίθε
731 698 809 780 τούς
819 695 1122 786 έπιβεβονλενκό·ι
1160 738 1162 767 ι

128 830 185 883 τας
201 798 291 893 αὐτῷ
306 799 326 887 ἡ
341 797 573 887 ἀνταπόδοσις,
585 796 674 880 ὅπως
688 827 723 869 τε
736 797 885 889 ὁέχθρός
895 797 1000 872 αὐτοῦ
1017 804 1099 889 ζωῆς

129 901 352 993 τυγχάνοντος
375 900 523 981 θάνατος
546 899 779 992 κατησχόνθη,
811 897 896 972 ὥστε
918 901 997 985 τοὺς
1024 907 1099 974 ἐπο-
1160 926 1162 931 ·

102 1011 333 1087 ινειδίζοντας
363 1008 471 1072 είπεῑν
489 997 578 1072 ’ἢτοῦ
603 1023 681 1091 σου,
706 999 852 1090 θάνατε,
879 1001 915 1072 τό
940 1005 1099 1096 κέντρονς

130 1110 196 1175 ’ποῦ
214 1126 287 1192 σον,
307 1101 444 1191 θάνατε,
463 1103 499 1174 τὸ
516 1120 625 1189 νίκος;
645 1101 794 1194 έντνχών
813 1105 852 1173 δέ
862 1132 911 1185 τις
929 1122 1003 1187 ταῖς
1016 1103 1099 1198 μετά

129 1204 192 1294 τὴν
217 1202 401 1276 ἀνάστασιν
418 1209 478 1275 τοῦ
495 1210 641 1295 σωτῆρος
660 1201 757 1295 ἡμῶν
782 1211 944 1293 ἱστορίαις
969 1211 1017 1301 τῷ
1030 1206 1098 1280 Ἰω-
1111 1236 1136 1279 ιο
1157 1256 1161 1263 -

131 1305 227 1402 σήπρι
250 1316 445 1397 γραφείσαις
477 1319 600 1378 είσεται
623 1305 682 1389 τάς
705 1304 932 1396 μετελθοάσας
954 1306 992 1380 τό
1013 1307 1100 1381 Ἰον-

131 1416 238 1480 δαίων
266 1419 365 1490 ἔθνος
384 1411 440 1479 καὶ
471 1406 549 1489 τούς
579 1405 739 1498 ἀρχοντας
771 1405 884 1479 αὐτόν
911 1409 1099 1500 συμφοράς,

130 1508 183 1592 αἱς
203 1509 336 1591 είκότως
355 1509 624 1600 περιπεπτάκασι
642 1508 681 1581 τά
700 1514 848 1601 ἐπίχειρα
867 1500 915 1582 οἷν
934 1519 982 1594 είς
995 1508 1101 1584 αὐτόν

131 1619 278 1704 ἔδρασαν
307 1609 608 1702 ἀπολαμβάνοντες.
631 1617 704 1708 Ι37.
738 1614 795 1681 καὶ
824 1617 930 1684 ταῦτα
959 1614 1023 1702 μὲν
1054 1621 1103 1696 είς

131 1719 278 1795 ἐκείνους
298 1718 482 1802 ἐπληροῦτο
499 1711 609 1783 πάντα
626 1711 709 1782 κατά
726 1710 788 1801 τὴν
806 1712 1007 1806 πρόρρησιν·
1039 1718 1101 1786 τοῦ
1114 1742 1140 1784 ιι

131 1816 169 1885 δὲ
191 1820 339 1904 σωτῆρος
365 1813 460 1904 ἡμων
489 1813 509 1903 ἡ
536 1818 572 1884 έκ
595 1817 726 1901 νεκράν
753 1809 933 1897 ἀνάστασις
960 1819 1102 1899 διέδειξε

130 1934 199 1999 τοῖς
217 1920 319 1988 πᾶσιν
337 1915 427 1997 ὅπως
451 1921 488 1985 έν
505 1912 595 2006 αὐτῷ
621 1911 803 2004 εὐδόκησεν
820 1912 837 1985 ὁ
856 1915 982 2008 πατὴρ,
1004 1912 1025 1986 ό
1042 1919 1100 1987 καὶ

106 2016 230 2097 καύτός
255 2014 406 2086 διδάσκει
430 2020 538 2103 λέγων
570 2011 730 2104 “έλέησόν
759 2045 800 2106 με
829 2021 885 2088 καί
911 2015 1102 2107 ἀνάστησόν

130 2146 188 2206 με,
213 2119 268 2186 καί
292 2113 519 2187 ἀνταποδώσω
543 2113 688 2198 αάτοῖς.”
733 2119 900 2213 ἐντούτῳ
924 2129 1033 2209 ἔγνων
1049 2116 1102 2191 ότι

131 2217 312 2308 τεθέίηκάς
329 2246 388 2309 με,
412 2215 462 2289 ότι
486 2216 526 2290 οά
552 2219 597 2309 μὴ
621 2224 761 2311 ἐπιχαρῂ
779 2219 796 2289 ό
817 2220 937 2310 ἐχθρός
959 2251 1025 2310 μον
1045 2219 1099 2316 ἐπ’
1114 2249 1141 2290 ιο

131 2318 232 2410 έμοί.”
275 2320 405 2404 τούτοις
429 2326 571 2410 ἐπιλέγει
591 2320 703 2411 “έμοῦ
727 2323 773 2391 δέ
789 2321 845 2392 διά
869 2322 931 2411 τὴν
957 2319 1103 2395 ἀκακίαν

131 2420 344 2511 ἀντελάβον.”
382 2429 432 2495 38.
452 2428 507 2494 καὶ
526 2423 618 2514 τήρει
642 2453 680 2513 με
702 2430 778 2493 τίνα
802 2422 927 2513 τρόπον
945 2420 1036 2516 αὐτῷ
1055 2429 1103 2518 τῷ

131 2531 202 2618 θεῷ
221 2529 277 2596 καί
295 2528 395 2613 πατρί
420 2525 524 2598 αὑτού
546 2524 608 2616 τήν
632 2523 734 2616 εὐχὴν
752 2523 958 2614 ἀναπέμπων
977 2528 1030 2596 ἐπὶ
1048 2554 1102 2596 το·

131 2625 239 2716 σαότη
257 2626 444 2716 τεθάρρηκε
469 2635 639 2718 παρρησίη
657 2623 701 2707 ὥς
720 2623 863 2697 ἀκακίαν
882 2629 992 2719 ἑαυτῷ
1015 2656 1103 2716 μαρ-

130 2745 258 2816 τυρεῖν,
278 2736 384 2797 καίτοι
402 2723 557 2816 ἀνωτέρω
569 2728 678 2816 φήσας
687 2726 803 2799 “ίασαι
816 2726 879 2816 την
892 2726 1005 2817 ψυχήν
1022 2757 1100 2819 μου,
1114 2754 1142 2796 ιε

131 2823 182 2896 ότι
212 2825 360 2916 ἥμαρτόν
383 2825 467 2898 σοι.”
511 2834 560 2898 39.
580 2827 663 2899 ἀλλὰ
688 2827 724 2900 τό
748 2830 810 2919 μὶν
828 2827 1000 2920 “ἥμαρτόν
1030 2825 1101 2900 σοι”

104 2923 249 3009 τόποίας
267 2937 373 3019 ἔχεται
391 2936 541 3012 διανοίας
568 2928 871 3020 προδιειληφαμεν,
896 2926 988 3000 καὶὸ
1008 2930 1099 3021 Σάμ-

130 3059 233 3122 μαχος
258 3033 294 3100 δὲ
318 3035 505 3120 σαφέστρον
529 3035 736 3121 παρέστησεν
760 3029 866 3102 εἰπάν
891 3030 1012 3101 “ίασαι
1039 3030 1102 3121 την

132 3131 244 3223 ψυχήν
260 3161 343 3222 μον,
368 3135 424 3203 καὶ
443 3141 473 3204 εί
494 3132 643 3223 ἥμαρτόν
666 3129 748 3220 σοι,”
766 3130 784 3204 ὃ
803 3136 858 3203 καί
879 3131 960 3203 αὐτὸ
979 3129 1100 3221 λέγοιτ’

132 3230 174 3304 ἀν
192 3238 268 3323 περὶ
285 3241 354 3305 τῶν
371 3231 540 3327 ἡμετέρων
557 3229 816 3324 ἁμαρτημάτων,
839 3233 925 3324 άπερ
948 3230 966 3304 ό
989 3233 1102 3326 σωτὴρ
1114 3258 1142 3300 ιο

132 3391 334 3399 --..-.-.-.

191 3465 211 3513 8
227 3467 242 3514 1
265 3465 326 3521 Cot.
345 3469 382 3527 15,
397 3469 439 3520 55.
