2326 3818
322 125 772 177 DEMoNsT.EvANG.1X.17.
964 123 1025 187 617

56 266 228 352 θυγατέρα
245 267 304 352 τῆς
322 266 525 352 ἐπουρανίου
544 260 639 334 Σιών
661 256 682 350 ῆ
706 265 762 333 καί
786 268 843 351 τῆς
866 266 1027 352 προτέρας

57 372 256 454 συναγωγῆς
280 360 459 451 άποκαλετ,
490 363 546 434 διά
569 360 606 434 τό
630 360 755 446 πάντας
784 358 868 453 ῆμάς
893 363 970 447 τοῦς
995 369 1027 449 ἐξ

58 471 172 545 ἐθνῦν
190 473 236 548 εἰς
254 463 313 538 τόν
330 464 476 555 Χριστόν
493 468 554 537 τοῦ
569 467 656 538 θεοῦ
677 463 936 547 πεπιστευκότας
953 497 1028 556 γεν-

57 565 187 656 νήματα
205 568 292 639 εἰνδιι
309 569 365 638 καί
384 571 485 639 τέκνα
503 569 649 655 Χριστοῦ
672 570 728 637 καί
745 570 813 638 τῦν
831 562 1027 640 άποστόλων
1040 595 1092 650 [285]

32 666 179 756 εαῦτοῦ,
204 666 258 740 οἷα
277 673 314 740 ἐκ
330 667 453 759 μητρός
471 673 529 759 τῆς
554 673 621 740 τῦν
641 664 813 755 Ἰουδαίων
831 676 1028 758 συναγωγῆς

58 769 295 860 προελθόντας.
337 775 386 840 13.
416 773 472 842 καί
495 768 533 842 τό
551 775 631 860 ἑξῆς
645 770 683 840 δὲ
708 773 889 860 ἐπληροῦτο
915 772 967 841 ε’πί
986 775 1026 860 τῆ

56 877 117 943 τοῦ
140 877 288 961 σωτῆρος
320 868 414 962 ῆμῦν
438 881 615 966 παρουσίᾳ.
669 878 717 944 14.
748 870 863 963 εἰρήνη
885 878 970 960 γοῦν
995 874 1027 954 ἐξ

58 978 171 1050 ἐθνῦν
188 977 328 1063 γέγονεν
344 971 410 1049 άπό
434 982 504 1047 τῶν
526 973 657 1064 χρόνων
681 982 739 1062 τῆς
758 971 901 1063 ἀφίξεως
926 968 1029 1044 αὐτοῦ

56 1081 113 1147 οία
129 1071 360 1147 οῦδεπάποτε·
405 1072 517 1147 οὐκέτι
533 1080 618 1163 γοῦν
635 1073 747 1159 πόλεις
765 1075 914 1161 πόλεσιν,
934 1073 978 1158 ὡς
993 1073 1029 1145 τὸ

20 1205 45 1246 ιο
59 1179 151 1264 πρὶν,
170 1183 390 1265 πολεμοῦσιν,
415 1174 497 1247 οῦδὲ
516 1185 603 1263 ἔθνη
624 1183 742 1250 ἔθνεσι
768 1176 1029 1265 συρράσσουσιν,

57 1273 130 1347 οὐδ’
152 1275 196 1356 ῦς
213 1274 251 1347 τό
269 1275 410 1348 παλαιὸν
428 1273 446 1348 ὁ
464 1282 533 1349 τῶν
549 1273 742 1366 ἀνθρώπων
759 1286 833 1366 βίος
847 1274 1029 1349 άκαταστα-

57 1394 119 1465 τεί,
137 1373 214 1448 οὐδ’
238 1373 412 1468 Ἀθηναίοι
433 1379 495 1468 μὲν
518 1384 796 1467 Λακεδαιμονίοις
816 1377 1028 1467 ἐπιστρατεό-
1042 1407 1095 1459 (ιτε)

57 1507 163 1565 ονται,
182 1477 290 1569 Σῦρον
310 1480 347 1549 δὲ
366 1483 534 1566 Φοίνιξιν,
557 1476 703 1567 Ἀράβιοι
723 1480 760 1549 δὲ
777 1487 1028 1569 Παλαιστίνοις,

57 1582 112 1649 καί
132 1578 312 1667 Αἰγύπτιοι
336 1596 405 1660 τοίς
423 1577 674 1671 πλησιοχώροις.
719 1586 767 1650 15.
796 1579 920 1670 ῆνωται
940 1583 977 1650 δὲ
996 1585 1028 1663 ἐξ

18 1706 43 1748 ιτ
58 1685 188 1751 ἐκείνου
206 1679 272 1752 σῦν
288 1685 362 1775 θεῷ
378 1679 418 1752 τά
436 1679 563 1768 πάντα,
588 1683 643 1751 καὶ
667 1677 803 1768 άληθῶς
830 1685 960 1769 πλῆθος
985 1689 1028 1752 εἰ·

57 1780 160 1871 ρήνης
180 1785 214 1865 ἐξ
229 1786 341 1860 ἐθνῶν
354 1787 387 1867 ἐξ
400 1787 534 1857 ἐκείνου
549 1785 606 1855 καὶ
619 1790 667 1863 εἰς
681 1786 782 1870 δεῦρο
795 1787 935 1871 γε’γονευ
953 1779 1029 1854 άκο-

57 1881 191 2009 λρῦθως
215 1891 255 1976 τῆ
279 1894 480 1978 προφητείην·
521 1914 622 1974 μονος
645 1885 684 1956 δ
704 1881 829 1973 Ἰησοῦς
850 1880 947 1955 καί
933 1915 950 1955 ο
980 1883 1023 1955 δι’

55 2000 77 2059 s
82 1984 163 2055 ῦτοῦ
182 1991 365 2077 κηρυχθείς
387 1991 446 2076 τῆς
465 1985 678 2078 εῦαγγελικῆς
698 1994 914 2068 διδασκαλίας
932 1984 1029 2076 λόγος

57 2074 158 2206 ῆρξευ
182 2116 250 2157 των
275 2084 340 2158 άπὸ
365 2087 584 2176 θαλάσσης”
563 2118 624 2168 εως
656 2087 829 2178 θαλάσσης
862 2089 946 2184 ἑῴας
973 2091 1028 2160 καὶ

18 2215 44 2256 το
56 2192 115 2275 τῆς
133 2185 215 2257 κατά
234 2188 400 2278 δυόμενον
423 2187 536 2277 ῆλιον,
563 2186 661 2259 καί’
641 2188 706 2258 απὸ
731 2195 889 2280 ποταμοῖν
908 2200 955 2270 εἰς
971 2191 1057 2272 τάςε

59 2289 291 2377 διεκβολὰς
250 2319 309 2378 της
326 2295 406 2378 γῆς,
431 2285 627 2369 άκολοῦθως
650 2309 720 2370 τοῖς
744 2294 781 2360 ἐν
804 2320 850 2383 τω
873 2318 1028 2411 προφητη

57 2394 341 2480 προλελεγμένοις
386 2396 435 2461 16.
468 2389 554 2479 άπερ
577 2387 704 2461 καλά’
706 2389 840 2471 Ακόλας
865 2381 933 2461 ωδέ
957 2419 1028 2472 πως

57 2489 270 2581 ῆρμήνευσεν
301 2489 406 2562 εἰπων
432 2486 510 2562 “καί
546 2488 682 2579 λαλήσει
714 2490 852 2613 εἰρήνην
888 2494 925 2561 ἐν
959 2509 1028 2572 τοίς

58 2600 191 2681 ἔθνεσι,
216 2592 306 2664 καὶ
288 2623 310 2683 η
330 2598 461 2678 ἐξουσία
480 2592 584 2665 αὐτοῦ
601 2590 666 2665 άπό
682 2591 902 2681 θαλάσσης”
883 2622 944 2674 εως
961 2605 1029 2662 θα-

19 2722 44 2765 εε
57 2692 201 2784 λάσσης,
232 2697 288 2766 καί
311 2692 376 2767 άπὸ
401 2699 558 2786 ποταμοῖν
581 2700 643 2778 ἕως
667 2694 821 2781 περάτων
850 2699 908 2784 τῆς
939 2691 1026 2784 γῆς.”

56 2800 161 2867 ταῦτα
179 2797 217 2866 δὲ
234 2814 303 2880 τοίς
322 2801 360 2869 ἐν
371 2801 418 2892 τῷ
432 2802 558 2890 Ψαλμῷ
572 2796 754 2886 σόγκριυον
767 2805 814 2889 τῷ
828 2801 1027 2886 ἐπιγεγραμ-

44 2900 145 2990 ’μίνμ
165 2905 212 2978 εἰς
231 2903 416 2988 Σολομῶνα
432 2905 511 2986 περὶ
528 2905 588 2971 τοῦ
604 2903 684 2969 υίοῦ
699 2903 759 2970 τοῦ
776 2902 951 2986 βασιλέως,
972 2905 1028 2988 δη·

57 2996 143 3086 λαδῆ
167 3002 227 3070 τοῦ
252 3003 287 3070 ἐκ
305 3002 490 3089 σπέρματος
508 3005 709 3089 Σολομῶνος
726 3003 1027 3090 προελευσομένου,

57 3104 264 3190 λεγομένοις,
292 3104 368 3191 περὶ
391 3091 441 3172 οῦΙ
455 3122 560 3195 φησιν
583 3099 600 3172 ό
624 3099 760 3190 Ψαλμός
773 3097 858 3171 “uvel
880 3129 1028 3170 κατακυ-

18 3229 44 3271 εο
57 3203 184 3291 ριεόσει
202 3200 267 3274 άπὸ
284 3201 457 3290 θαλάσσης
475 3207 536 3284 ἕως
554 3200 744 3291 θαλάσσης,
768 3205 825 3273 καί
842 3197 908 3271 άπδ
925 3227 1029 3270 ποτα-

57 3311 132 3392 μῶν
145 3308 206 3386 ἕως
221 3303 374 3392 περάτων
386 3308 444 3393 τῆς
458 3300 685 3392 οἰκουμένης.”
701 3310 749 3374 17.
762 3309 915 3392 σημαίνει
924 3302 961 3372 δὲ
972 3305 1028 3372 καί

57 3403 119 3494 τήν
139 3409 287 3478 ἐνταῦθα
299 3408 509 3497 δηλουμένην
524 3404 661 3495 εἰρήνην
673 3402 691 3477 ό
705 3400 804 3488 αῦτός
816 3403 952 3495 Ψαλμδς
962 3403 1028 3493 φά-
