2326 3818
331 163 520 217 οωιιοωετ.
536 163 671 218 ωνεαο.
690 163 713 215 1.
734 164 760 214 ο.
993 160 1035 224 35

65 301 150 373 ὠσίν
166 301 263 392 ὑμῶν
282 305 318 372 ἐν
334 305 377 392 νή
393 299 500 393 ήμίρα
516 300 637 392 ταύτῃ,
656 302 712 370 καὶ
725 299 925 390 μαθήσεσθε
938 299 1035 390 αὐτά,

63 408 119 475 καὶ
143 402 342 494 φυλάξασθε
365 420 475 473 ποιεῖν
498 401 591 474 αὐτά.
641 400 756 494 κύριος
783 400 801 472 ὁ
834 402 914 483 θεὸς
938 399 1035 494 ὑμῶν

66 510 198 578 διέθετο
222 504 304 592 πρός
332 501 419 593 ὑμᾶς
443 509 480 574 ἐν
502 504 629 594 Χωρήβ
652 502 837 593 διαθήκην,
867 503 942 594 οὐχὶ
966 523 1035 586 τοῖς

65 605 231 692 πατράσιν
247 604 344 695 ὑμεῖν
362 609 494 677 διέθετο
507 605 620 697 κόριος
634 605 696 695 τήν
710 604 879 696 διαθήκην
896 606 1033 696 ταύτην,

39 706 148 782 εάλλά
167 707 249 797 πρὸς
266 702 388 796 ὑμάς.”
1043 733 1085 785 (ιι)

141 817 170 881 9.
190 813 258 881 Καὶ
276 808 339 899 ὅρα
355 837 394 897 γε
412 807 503 893 ὅπως
520 807 665 899 ἀκριβῶς
683 832 767 900 φησι
783 806 846 901 τήν
865 807 1034 899 διαθήκην

64 911 200 1002 ταότην,
221 914 295 981 ἐπεί
305 909 350 1000 μή
368 909 430 1000 τήν
448 908 555 999 αότήν
572 928 641 994 τοῖς
655 910 820 1000 πατράσιν
838 910 949 982 αὐτόν
968 917 1033 982 διε-

63 1019 202 1085 τίθεντο.
246 1020 278 1083 εἰ
295 1010 329 1082 δ’
347 1003 411 1083 οόν
437 1010 610 1094 άπολότως
632 1011 677 1102 μή
705 1013 866 1084 δεδόσθαι
885 1033 954 1095 τοῖς
972 1040 1033 1083 πα·
1049 1037 1089 1090 [111

26 1252 51 1290 10
64 1248 122 1307 γος
147 1215 247 1310 αὐτῷ.
294 1219 426 1286 δίδοται
449 1221 534 1306 γοῦν
564 1221 611 1309 τῷ
630 1213 779 1307 Ἀβραάμ
803 1214 951 1307 διαθήκη
978 1220 1034 1288 καί

63 1323 110 1412 τῷ
128 1322 220 1405 Nais,
239 1316 283 1398 ὥς
301 1315 341 1386 τά
360 1317 432 1407 ίερά
450 1335 612 1406 μαρτυρεῖ
629 1316 735 1407 λόγια.
768 1317 824 1388 διά
837 1323 933 1389 τοῦτο
952 1319 1046 1409 μετά

64 1418 259 1508 προσθήκης
282 1417 300 1488 ὁ
321 1423 448 1508 Μωσής
472 1418 510 1489 οό
530 1416 656 1507 ταύτην
680 1422 763 1508 φησί
783 1419 944 1490 δεδόσθαι
965 1436 1033 1502 τοῖς

64 1520 230 1608 πατράσιν
255 1516 384 1608 αὐτῶν,
410 1524 527 1601 ἑτέραν
550 1519 776 1610 αἰνιττόμενος
804 1521 866 1612 τήν
895 1529 1033 1612 κρείττω

63 1627 118 1693 καί
139 1625 379 1711 διαφέρουσαν,
399 1619 445 1692 δι’
465 1613 503 1711 ής
517 1625 572 1692 καί
582 1632 755 1712 θεοφιλεῖς
774 1620 1031 1714 άπεφάνθησαν.

24 1759 49 1800 15
67 1732 114 1795 10.
135 1722 255 1794 αὐτίκα
269 1727 316 1817 τῷ
324 1722 474 1814 Ἀβραάμ
493 1724 548 1795 διά
561 1729 620 1815 τής
635 1732 682 1806 εἰς
696 1724 831 1796 τόυτοὶν
844 1723 933 1796 ὅλων
950 1723 1035 1797 θεόν

62 1836 204 1907 πίστεως
222 1824 262 1896 τά
280 1830 338 1913 τῆς
358 1825 572 1916 δικαιοσύνης
598 1830 846 1918 κατωρθῶσθαι
864 1825 1062 1917 μεμαρτό-ῑ)

62 1958 159 2017 ρηται
186 1927 246 1998 ὑπ’
277 1925 383 1998 αὐτοῦ
414 1933 562 2010 Μωσέως
594 1932 748 2018 λέγοντος
772 1925 968 1999 “ίπίστευσε
997 1929 1034 1999 δὲ

58 2027 206 2120 Ἀβραάμ
230 2034 277 2123 τῷ
300 2035 389 2121 θεῷ,
417 2033 470 2100 καί
497 2034 656 2119 ἐλογίσθη
681 2030 772 2124 αὐτῷ
796 2039 842 2111 εἰς
862 2029 1033 2101 δικαιοσύ-

62 2130 155 2219 νην.”
177 2137 225 2201 11.
241 2131 291 2200 ότι
306 2134 341 2201 δὲ
356 2130 438 2221 μετά
451 2129 513 2220 τήν
527 2137 585 2222 τής
595 2131 809 2221 δικαιοσύνης
822 2130 1033 2221 κατόρθωσιν

20 2268 48 2308 εο
63 2237 117 2302 καί
136 2231 218 2320 μετά
234 2232 297 2320 τήν
317 2230 369 2303 ἐπ’
391 2230 549 2324 εόσεβείᾳ
566 2241 754 2324 μαρτυρίαν
771 2232 807 2306 τό
825 2241 882 2322 τῆς
901 2262 1033 2320 περιτο-

61 2340 124 2425 μής
139 2345 257 2422 εἰληφε
270 2350 419 2421 σημεῖον,
430 2339 485 2404 καί
500 2337 606 2423 μηδὲν
619 2334 701 2422 πρός
710 2332 881 2424 εὐσεβείας
897 2341 1034 2405 δικαίω-

62 2461 118 2506 σιν
143 2432 232 2529 αότῷ
255 2437 348 2504 τουτί
372 2434 613 2522 συνεβάλλετο,
638 2442 754 2524 σαφῶς
777 2431 795 2505 ό
819 2435 915 2524 λόγος
933 2442 1034 2524 παρί-
1096 2456 1097 2460 ’

62 2562 190 2626 στηοιν.
218 2534 328 2625 εὕροις
347 2535 378 2607 δ’
400 2533 443 2607 όιυ
457 2541 512 2607 καί
526 2536 584 2608 τὸν
596 2534 717 2627 Ἰωσήφ
732 2535 873 2626 πρότοὶν
885 2540 1034 2620 Μωσέως

61 2641 193 2731 χρόνων
207 2645 243 2710 ἐν
254 2658 323 2720 τοῖς
331 2648 527 2729 Αἰγυπτίων
538 2648 718 2728 βασιλείοις
730 2636 1032 2728 άπαραφυλάκτως,

17 2777 47 2819 25
61 2739 138 2812 ἀλλ’
164 2741 227 2813 οὐκ
242 2740 432 2824 Ἰουδαϊκοῖς
455 2739 611 2831 άχθίντα.
659 2746 707 2814 12.
728 2748 760 2812 εἰ
776 2743 813 2812 δὲ
830 2745 959 2828 θέλεις,
978 2746 1033 2812 καί
1051 2775 1061 2803 e
1147 2810 1150 2815 .

60 2845 122 2916 τὸν
145 2864 332 2932 κορυφαίου
355 2843 458 2915 αὐτὸν
481 2847 537 2914 καί
564 2840 752 2933 νομοθέτην
778 2847 838 2913 τοῦ
861 2840 1034 2915 Ἰουδαίων

59 2957 186 3026 ἔθνους
208 2951 331 3017 Μωσία
349 2955 464 3035 γνοίης
482 2941 524 3016 ἂν
544 2951 576 3030 ἐξ
595 2953 642 3017 ἔτι
655 2953 777 3034 νηπίας
795 2945 924 3032 ἡλικίας
944 2945 1033 3032 παρὰ

58 3055 101 3140 τῇ
126 3052 187 3117 τοὺ
209 3056 398 3137 Αἰγυπτίου
421 3052 584 3136 βασιλέως
607 3048 754 3139 θυγατρί
778 3046 835 3130 τάς
862 3046 1033 3136 διατριβάς

59 3154 304 3239 πεποιημένον,
329 3154 454 3239 τροφῆς
474 3179 510 3219 τε
536 3154 595 3238 τής
616 3158 801 3239 Αἰγυπτίας
820 3146 1032 3238 άπαρατηρή·

14 3295 45 3341 ³0
59 3282 127 3334 τως
143 3250 364 3342 μετειληχότα.
405 3257 454 3321 13.
473 3259 509 3320 τί
524 3258 579 3321 δεῖ
594 3255 705 3341 λέγειν
718 3251 776 3322 τὸν
794 3248 1031 3339 τρισμακάριον

54 3355 150 3442 Ἰόβ,
175 3353 234 3424 τόν
257 3351 370 3443 όληθή
393 3351 578 3445 ἄνθρωπον
603 3357 750 3442 ἐκείνου,
773 3351 833 3448 τβν
850 3350 1031 3443 ἄμεμπτον,

132 3505 163 3554 17
183 3502 251 3554 Gen.
266 3506 307 3566 15,
322 3505 345 3555 6.

234 3586 241 3592 .
820 3587 867 3652 (ὲκ
