2326 3818
304 127 490 180 DEMONST.
506 127 640 180 EVANG.
658 127 707 176 τι.
726 129 768 176 20.
965 124 1028 188 401

61 274 117 340 καὶ
136 267 303 356 ἱστόρηται
329 265 369 334 τά
397 269 433 334 έν
458 269 499 354 τῇ
526 271 711 355 προφητείᾳ
739 267 895 352 εἰρημένα
915 269 1030 348 τέλους

60 373 285 458 τετυχηκέναι,
303 367 339 436 τό
358 373 548 454 σεισθῆναι,
567 368 664 452 λέγω,
682 363 722 435 τά
737 371 859 434 ελδωλα
872 366 912 435 τά
925 397 1029 456 χειρο-

61 479 182 558 ποίητα
192 469 374 557 Αἰγύπτου,
389 470 445 536 καὶ
457 467 494 537 τό
502 473 709 552 Αἰγυπτίους
717 474 914 553 Αἰγυπτίοις
932 483 1031 539 πολε-

61 579 164 662 μῆσαι
183 570 238 641 διά
255 570 318 658 τὴν
330 575 389 639 τοῦ
403 575 523 656 κυρίου
538 576 585 650 είς
604 564 807 655 ἀνθρώπους
825 578 1028 658 παρουσίαν·

36 678 116 744 εκαὶ
134 671 212 753 τούς
230 671 333 751 θεούς
352 666 475 756 αύταίν,
495 667 624 756 δηλαδὴ
637 667 715 750 τοῦς
734 675 906 758 δαίμονας,
925 672 1031 741 πολλὰ

61 775 98 844 τὸ
116 772 258 844 παλαιόν
283 774 509 860 δυναμένους,
534 774 651 860 μηκέτι
675 769 819 860 ἰσχύειν,
844 772 927 859 μηδὲ
947 768 1056 842 ἄπο-ι

62 885 245 965 κρίνασθαι
269 891 338 954 τοῖς
362 876 550 962 ἐπερωτῶσι
575 871 630 941 διά
654 869 690 940 τὸ
714 875 773 941 τοῦ
797 881 917 960 κυρίου
945 879 1030 962 δέος,

63 986 108 1058 είς
127 993 241 1066 χεῖρας
261 977 298 1044 δέ
315 981 422 1044 ποίων
436 982 564 1060 κυρίων
578 980 742 1061 σκληρῶν,
761 981 868 1044 ποίων
883 976 919 1044 δὲ
937 983 1031 1063 βασι-

62 1083 148 1149 λέων
173 1076 254 1168 μετά
277 1075 339 1165 τὴν
360 1077 603 1163 θεσπιζομένην
626 1079 686 1142 τοῦ
706 1083 825 1162 κυρίου
843 1085 1032 1165 παρουσίαν

24 1210 49 1248 10
63 1179 238 1268 παρεδόθη
267 1189 454 1264 Αίγυπτος,
485 1179 540 1244 καλ
573 1172 629 1244 διά
659 1184 695 1244 τί
722 1184 842 1265 κυρίου
869 1178 1032 1266 παρόντος

62 1290 218 1368 σκληροῖς
235 1277 374 1367 άρχονσι
392 1283 652 1366 παραδίδονται·
672 1277 780 1345 καὶτὰ
793 1279 892 1347 λοιπά
907 1281 944 1348 δέ
957 1280 1031 1350 τού-

62 1411 130 1461 τοις
141 1377 407 1470 παραπλησίωςὸ
421 1376 624 1466 βουλόμενος
633 1376 878 1466 έρμηνευσάτω.
899 1386 927 1449 6.
937 1375 1031 1467 ἡμεῖς

63 1481 125 1573 γάρ
144 1480 206 1551 ούκ
223 1477 331 1562 άλλως
355 1478 459 1548 ταῦτά
484 1508 594 1567 φαμεν
617 1486 840 1548 συνίστασθαι
858 1476 879 1566 ἢ
899 1481 954 1549 διά
972 1480 1029 1569 μό-

63 1613 123 1670 νης
140 1586 198 1670 της
211 1587 270 1651 τοῦ
284 1586 431 1669 σωτῆρος
449 1578 544 1669 ἡμῶν
558 1579 667 1668 Ἰησοῦ
675 1585 821 1665 Χριστοῦ
838 1589 883 1661 είς
898 1578 1031 1669 άνθριό-

24 1711 49 1751 15
63 1712 146 1765 πους
165 1689 369 1771 ἐπιφανείας.
406 1672 501 1762 οὗτος
519 1679 582 1771 γάρ
600 1687 684 1751 θεοῦ
698 1680 793 1768 λόγος
809 1678 856 1751 οῦν
874 1687 929 1752 καὶ
947 1692 1032 1754 θεοῦ

64 1784 205 1873 δύναμις
223 1785 306 1854 κατὰ
325 1783 478 1904 διάνοιαν
496 1783 652 1873 καλ-πρὸς
666 1786 755 1866 λέξιν
769 1782 973 1873 ἐπιδημήσας
991 1793 1032 1876 τῇ
1047 1813 1061 1851 ο

64 1895 261 1974 Αίγυπτίων
291 1884 382 1978 χώρη
407 1886 461 1955 διά
492 1889 635 1975 νεφέλης
665 1883 794 1974 κούφης
825 1884 969 1976 ἐπλήρου
993 1887 1033 1957 τά

62 1991 344 2108 προηγορευμένα.
398 1991 544 2077 νεφέλην
576 1988 613 2056 δέ
644 1985 777 2076 κούφην
807 1983 1033 2075 άλληγορικοῦς

62 2087 214 2174 ὀνομάζει
232 2089 293 2178 τὴν
311 2085 357 2156 δι’
383 2078 425 2157 οῦ
448 2084 610 2176 ἀνείληφε
635 2111 784 2211 σωματος
804 2092 840 2158 έκ
859 2095 1032 2179 παρθένου

24 2218 49 2256 εο
63 2188 153 2258 ταδ’
136 2199 234 2276 αγίου
252 2188 439 2305 πνεύματος
459 2193 639 2277 ἐπιδημίαν
657 2187 777 2275 αὐτοῦ,
803 2189 913 2279 ὥσπερ
933 2195 995 2262 οὐν
1013 2192 1032 2281 λγ

58 2289 222 2415 Εβρμίωμ
245 2318 357 2411 γραφη
382 2283 479 2357 καλό
503 2288 642 2369 Ἀκύλας
669 2293 875 2379 σαφέστερον
897 2288 1033 2381 ᾐνίξατο

64 2391 169 2460 είπών
188 2389 287 2461 “ίδού
312 2388 426 2478 κύριος
452 2392 617 2475 ἐπιβαίνει
640 2395 693 2458 ἐπὶ
724 2388 849 2477 πάχους
874 2396 1033 2512 ἐλαφροῦ,

63 2496 166 2562 καλέ
151 2499 278 2581 έρχεται
307 2489 425 2562 έπἈ
393 2487 601 2578 Αίγυπτον,”
635 2487 737 2578 πάχος
762 2489 909 2578 ἐλαφρόν
937 2492 974 2562 τό
1000 2500 1032 2577 έξ

63 2593 161 2681 άγίου
179 2592 365 2682 πνεύματος
383 2613 476 2681 σωμα
495 2589 777 2680 προσαγορεύσας.
812 2598 839 2661 7,
862 2596 916 2662 καλ
935 2600 1031 2666 τοῦτο
1047 2621 1101 2672 [τοι]

25 2723 50 2762 25
62 2703 241 2785 τοιγαροῦν
258 2696 295 2765 τὸ
312 2702 370 2782 της
388 2702 591 2784 προφητείας
608 2698 707 2782 μέρος
721 2693 802 2782 πρὸς
817 2698 906 2777 λέξιν
918 2701 1034 2780 τέλους

65 2795 262 2883 ἐτύγχανεν,
288 2793 343 2866 ὅτε
361 2793 499 2883 άγγελος
517 2804 635 2885 κυρίου
660 2793 742 2883 ὄναρ
769 2799 942 2883 ἐπιφανεὶς
962 2796 1034 2869 εἷπε

63 2901 108 2987 τςῦ
132 2892 250 2985 Ἰωσὴφ
270 2891 445 2985 ε(ἐγερθεὶς
471 2894 644 2984 παράλαβε
667 2893 703 2964 τό
730 2903 867 2966 παιδίον
894 2901 1034 2989 καλιὴν

63 3001 187 3086 μητέρα
207 2993 329 3083 αὐτοῦ,
349 3000 404 3064 καὶ
417 3002 522 3084 φεῦγε
542 3005 588 3077 είς
608 3006 781 3082 Αίγυπτον
800 3003 855 3068 καλ
875 3011 947 3071 ίσθι
967 3007 1036 3071 ἐκεῖ

65 3102 126 3180 ἕως
149 3095 192 3169 άν
217 3110 299 3168 είπω
324 3094 412 3167 σοι.”
456 3103 484 3166 8.
510 3096 584 3166 τότε
607 3101 691 3184 γοῦν
715 3095 854 3180 αὐτόςὸ
882 3102 997 3191 κύριος
1014 3102 1032 3172 ὁ
1047 3130 1104 3180 (τοι)

25 3199 142 3282 εοθεὸς
168 3199 263 3288 λόγος
289 3199 460 3299 ίπιπαρών
485 3206 525 3289 τῇ
544 3202 606 3269 τοῦ
622 3197 742 3280 παιδός
766 3195 895 3292 ἡλικία,
923 3206 977 3272 καλ
997 3209 1034 3275 ἐν

133 3436 165 3484 ετ
184 3434 286 3487 Matth.
299 3436 323 3497 ε,
340 3435 380 3483 13.

115 3533 252 3568 ευεεειυε
272 3535 318 3568 111.
814 3514 864 3576 ‘2ss
