2326 3818
321 106 506 159 οιιωοαεν.
524 107 659 162 ιινλαο.
677 109 715 161 11.
736 111 759 158 1.
933 144 939 153 ,
985 106 1026 171 75

59 242 238 335 είῶθασιν,
264 244 308 332 ῶς
332 243 374 320 ῶν
398 244 512 329 αὐτοῖς
541 245 655 336 μόνοις
684 243 927 338 ὑπεσχημένων
957 252 1025 319 τῶν

59 355 361 442 προϋπηργμένων,
381 345 451 437 ῶρα
469 351 525 418 καὶ
544 345 629 438 ἡμᾶς
658 346 944 440 ῶντιπαραγαγεῖν
968 353 1023 420 καὶ

59 447 250 525 ἀντιθεῖναι
274 449 465 535 αὐτοῖςπῶς
488 453 565 539 περὶ
588 455 657 521 τῶν
678 453 790 521 ἐθνῶν
815 455 1023 541 ἐπαγγελίας,

60 540 128 622 ῶδέ
143 577 214 633 πως
231 555 321 648 παρδι
338 573 407 638 τοῖς
427 548 540 622 αὐτῶν
558 550 744 643 προφήταις
763 557 959 644 φερομένας.

31 912 44 954 5
344 887 373 958 ῶ.
393 886 472 960 'Aah
490 897 548 979 τής
566 894 745 974 Γενέσεως.
1036 918 1077 968 (45)

53 1048 104 1116 Ὡς
118 1045 369 1122 εὐλογηθήσονται
387 1048 515 1134 τίιέθνη
529 1055 581 1133 1τῆς
599 1041 668 1122 γῆς,
684 1048 731 1108 έπὶ
756 1055 795 1126 τῷ
813 1051 908 1126 ὁμοίῳ
928 1048 1022 1127 τρόπῳ

304 1121 356 1188 τῆς
368 1123 420 1174 τιν’
438 1121 558 1189 Αβρααμ
571 1123 774 1190 προσηγορίας.

133 1267 162 1331 5.
191 1256 210 1282 “
219 1256 254 1332 ‘0
274 1261 311 1330 δέ
329 1261 444 1352 κύριος
464 1261 575 1350 εἶπεν,
594 1258 636 1331 οὐ
663 1262 708 1352 μή
733 1261 853 1351 κρύψω
874 1263 937 1351 ἐγῶ
957 1261 1021 1333 ἀπὸ

56 1359 204 1454 Ἀβραδιμ
220 1369 280 1433 τοῦ
299 1361 419 1443 παιδός
436 1391 501 1451 μον
535 1358 556 1431 δῖ
584 1361 648 1451 ἐγῶ
670 1367 764 1434 ποιῶ,
800 1364 950 1453 Ἀβρααμ
973 1394 1024 1453 γι·

17 1487 42 1526 10
55 1463 195 1554 νόμενος
214 1470 305 1533 ἐσται
324 1470 371 1545 είς
390 1472 490 1545 ἐθνος
507 1466 592 1554 μέγα
610 1466 665 1533 καὶ
683 1463 784 1535 πολύ·
812 1468 868 1534 καὶ
887 1469 1020 1535 ἐνευλο-

54 1564 263 1656 γηθήσονται
277 1569 315 1634 ἐν
333 1563 423 1658 αὐτῷ
441 1563 549 1634 πάντα
567 1562 607 1635 τῶ
626 1572 710 1655 ἐθνη
728 1571 786 1655 ιής
803 1564 891 1655 γής,”

132 1665 290 1758 Κρύφιον
308 1670 364 1737 καὶ
390 1665 533 1756 λεληθὸς
560 1667 638 1762 τοὺς
662 1666 805 1751 πολλοὺς
836 1666 1022 1759 μυστήριον

54 1769 99 1860 μή
124 1768 268 1860 κρύψειν
296 1772 402 1859 φησὶν
425 1765 443 1840 ὁ
467 1768 631 1860 χρησμὸς,
655 1766 888 1854 ῶποκαλῶψειν
913 1771 950 1840 δέ
973 1775 1020 1864 τῶ

53 1881 218 1961 θεοφιλεῖ.
255 1875 352 1942 τοῦτο
371 1872 409 1941 δέ
426 1863 469 1960 ήν
487 1869 523 1941 τὸ
542 1873 618 1962 περὶ
636 1875 693 1960 της
707 1876 775 1943 τῶν
788 1876 901 1942 ἐθνῶν
912 1869 1020 1941 ἆπῶν-
1038 1887 1049 1924 *³

18 2009 41 2048 15
55 2003 123 2043 των
141 1972 313 2062 εὐλογίας,
336 1969 354 2042 δ
373 1971 475 2043 πάλαι
493 1974 555 2062 μὲν
578 1976 743 2064 κέκρυπτο
769 1971 824 2043 διῶ
848 1974 885 2044 τὸ
912 1971 1020 2043 πάντα

54 2077 94 2144 τὰ
126 2081 211 2163 ἐθνη
241 2072 325 2144 κατὰ
353 2075 431 2156 τοὺς
464 2080 523 2144 τοῦ
553 2072 701 2165 Ἀβραάμ
726 2075 868 2164 χρόνους
903 2073 1019 2167 ἀφῶτῳ

55 2174 165 2264 πλάνη
197 2181 458 2266 δεισιδαιμονίας
489 2181 727 2265 κεκρατῆσθαι,
756 2180 835 2247 νυνὶ
863 2178 899 2247 δέ
923 2185 1019 2247 τοῦτο

55 2273 135 2347 καθ’
156 2271 240 2365 ήμᾶς
259 2275 511 2366 ἀναπέφανται,
536 2276 590 2347 ὅτε
617 2275 672 2348 διὰ
697 2282 756 2366 τῆς
780 2283 840 2348 τοῦ
870 2281 1019 2367 σωτῆρος

55 2378 150 2468 ήμῶν
197 2374 413 2467 εὐαγγελικής
455 2383 674 2460 διδασκαλίας
720 2376 778 2448 τόν
824 2375 928 2448 αὐτὸν
974 2383 1021 2472 τῷ

14 2517 41 2556 20
50 2478 199 2570 Ἀβραὰμ
217 2482 446 2567 θεοσεβοῶντα
463 2478 588 2570 τρόπον
603 2483 661 2568 τής
681 2489 754 2567 ίσης
779 2476 869 2573 αὐτῷ
892 2481 1020 2568 μετέχει

55 2579 218 2672 εὐλογίας.
255 2586 284 2652 6.
299 2578 349 2650 ὅτι
368 2577 402 2651 δ’
422 2578 484 2672 οὐχ
504 2577 629 2652 οἷόντε
643 2573 685 2670 ήν
699 2577 857 2670 κατῶτήν
867 2583 1019 2663 Μωσέως

55 2691 261 2773 νομοθεσίαν
279 2681 516 2753 πολιτεύεσθαι
526 2682 635 2754 πάντα
653 2681 692 2753 τα
708 2691 792 2772 ἐθνη
811 2686 1019 2773 πληρέστατα

56 2789 94 2854 ἐν
124 2790 168 2879 τῶ
194 2781 258 2872 πρδ
291 2783 412 2855 τούτου
437 2785 670 2877 συγγράμματι
696 2783 932 2876 διειλήφαμεν,
974 2783 1043 2869 ῶς0

53 2882 96 2955 ῶν
126 2883 172 2974 μή
212 2915 260 2968 τις
294 2882 460 2974 ὑπολάβοι
492 2891 568 2977 περὶ
610 2891 679 2957 τῶν
718 2886 808 2977 παρῶ
845 2885 1020 2967 Ἰουδαίοις

15 3023 42 3064 25
56 2985 277 3079 προσηλύτων
302 2992 459 3076 είρήσθαι
484 2988 520 3057 τὸ
547 2987 669 3078 λόγιον.
721 2995 749 3058 7.
770 2992 807 3059 ἐν
838 2985 948 3081 ταύτῷ
982 2991 1019 3058 δὲ

56 3086 281 3177 συστήσαντες
295 3087 346 3159 ὅτι
363 3087 477 3177 μόνοις
503 3107 571 3172 τοῖς
597 3089 652 3159 διὰ
676 3093 824 3181 Χριστοῦ
850 3094 882 3172 ἐξ
910 3086 1019 3160 δικῶν-

54 3221 122 3261 των
147 3196 215 3261 τῶν
239 3194 352 3260 ἐθνῶν
375 3189 552 3280 ἐφαρμόζοι
576 3187 619 3261 διν
642 3186 662 3280 ή
686 3190 768 3281 πρὸς
791 3190 850 3260 τὸν
871 3187 1018 3281 Ἀβραὰμ

55 3304 282 3363 θεσπισθεῖσα
301 3293 377 3381 περὶ
396 3291 532 3362 πάντων
545 3296 613 3363 τῶν
632 3296 744 3364 ἐθνῶν
763 3289 916 3380 εὐλογία,
942 3291 1018 3374 τοὺς

59 3403 260 3483 φιλομαθεῖς
278 3392 329 3463 ἐπ’
352 3397 462 3464 ἐκεῖνα
480 3397 535 3464 καὶ
548 3400 614 3466 νῦν
626 3390 881 3486 ιἰναπέμψομεν.
