2326 3818
82 119 145 183 110
488 116 637 169 Ευεεειι

79 255 243 341 Ἰουδαίας
261 259 316 327 καὶ
334 251 420 349 ὑπὲρ
431 251 643 346 Ἰερουσαλὴμ
660 254 722 345 τὴν
740 262 948 346 προφητείαν
972 255 1049 346 ἐδή-

82 370 143 431 λου
162 363 320 449 λέγεσθαι
337 357 373 430 τό
392 366 577 449 προοίμιον,
595 355 616 448 ἢ
634 361 690 429 καὶ
710 356 766 428 διά
783 357 844 445 τὴν
861 356 974 446 άληθῆ
988 353 1048 429 Ἱε-

83 459 265 553 ρουσαλήμ,
297 463 352 531 καὶ
388 460 448 551 τὴν
470 459 641 549 ἀναλόγως
666 457 750 550 αὐτῇ
786 456 867 529 κατά
895 457 1050 531 διάνοιαν

81 567 321 656 θεωρουμένην
334 560 516 636 Ἰουδαίαν·
531 564 620 652 περὶ
645 553 687 632 οὗ
711 553 792 632 κατά
816 560 933 651 καιρὸν
959 559 1049 632 είσό-

81 678 179 755 μεθα.
217 672 272 758 Ι80.
301 668 356 735 καὶ
379 673 428 745 τίς
452 693 489 753 γε
513 666 581 733 τάν
604 658 799 736 άποστόλωυ
817 667 877 734 τοῦ
900 668 1076 754 σωτηροςε

82 766 176 858 ἡμῶν
188 771 243 837 καὶ
255 771 322 836 τάν
332 764 575 854 εόαγγελιστῶν
584 763 645 852 τὴν
652 774 772 835 ἔνθεον
780 767 935 853 συνορῶν
944 762 1050 836 δυ’να-

82 899 151 959 μιν,
170 865 249 938 καθ’
270 864 313 956 ἢν
325 874 371 948 είς
379 863 557 954 πάσαντήν
569 873 633 955 γῆν
648 870 787 957 ἐξῆλθεν
799 865 973 955 όφθόγγος
989 862 1051 936 αό-

82 979 150 1039 τῶν
167 971 223 1038 καὶ
242 974 290 1051 είς
307 965 346 1038 τά
364 971 489 1058 πέρατα
501 971 557 1057 τῆς
575 972 772 1058 οἰκουμένης
785 968 825 1038 τά
836 966 966 1059 ῥήματα
983 966 1048 1039 αιἰ-

82 1075 161 1156 τῶν,
180 1074 288 1139 πᾶσαί
301 1099 336 1140 τε
355 1073 387 1153 ἐξ
406 1073 537 1141 ἐκείνου
555 1071 610 1140 καί
631 1078 678 1151 είς
702 1073 802 1160 δεῦρο
830 1075 868 1140 αί
884 1073 942 1141 τοῦ
969 1080 1049 1160 Χρι-

83 1174 165 1240 στοά
188 1174 357 1260 ἐκκλησίαι
382 1169 459 1254 τοός
482 1170 601 1261 λόγους
625 1169 737 1244 αὐτῶν
772 1169 835 1241 άνά
861 1170 965 1262 στόμα
989 1174 1046 1242 καί
1061 1206 1088 1247 ιο

83 1271 263 1363 μαθήματα
281 1281 405 1364 ἔχουσι,
424 1275 478 1343 καί
497 1272 555 1355 τάς
579 1277 636 1362 τῆς
661 1278 777 1362 καινῆς
802 1271 966 1363 διαθήκης
1001 1271 1049 1344 δι’

83 1373 195 1447 αὐτῶν
213 1383 437 1467 κηρυγθείσας
454 1380 514 1446 τοῦ
533 1379 679 1463 Χριστοῦ
696 1383 908 1465 νομοθεσίας,
927 1373 989 1446 οὐκ
1006 1372 1051 1447 άν

83 1472 246 1567 άλήθειαν
270 1483 309 1568 τῇ
334 1486 520 1571 προφητείᾳ
540 1476 805 1568 ἐπιμαρτυρῆσαι
829 1476 964 1567 φησάση
991 1482 1050 1568 ἐμ-

82 1583 197 1670 φανάς
215 1584 253 1651 ἐν
272 1584 378 1670 βουλῇ
396 1581 451 1649 καί
469 1578 550 1669 μετά
568 1577 666 1668 δόξης
687 1582 741 1650 ἐπὶ
765 1586 876 1649 πᾶσαν
899 1577 960 1666 τὴν
983 1582 1050 1668 γῆν

82 1679 233 1764 ὑψώσειν
268 1679 327 1750 τόν
363 1681 447 1751 θεόν
485 1683 540 1750 καὶ
572 1679 725 1763 δοξάσειν
756 1681 792 1751 τό
823 1681 1049 1770 καταλειφθὲν
1062 1710 1089 1753 τε

79 1779 220 1871 Ἰσραὴλ,
240 1784 295 1851 καί
315 1778 359 1864 ὡς
378 1779 441 1870 άρα
460 1779 495 1851 τό
514 1783 740 1871 καταλειφθὲν
760 1787 796 1852 ἐν
820 1780 914 1852 Σιάν
932 1786 988 1852 καί
1011 1782 1048 1854 τό

83 1884 309 1972 καταλειφθὲν
328 1886 364 1954 ἐν
376 1881 591 1974 Ἰερουσαλὴμ
609 1880 696 1971 ἅγιοι
715 1884 941 1973 κληθήσονται
960 1881 1049 1955 πάν-

59 2015 134 2069 ετες
158 1991 191 2054 αι’
214 1987 396 2074 γραφέντες
428 1991 475 2066 είς
499 1982 601 2073 {onim
625 1983 699 2055 άντὶ
724 1986 762 2056 δὲ
784 1990 843 2056 τοῦ
868 1990 1050 2076 λεγομένου

83 2084 172 2175 παρά
201 2103 270 2166 τοῖς
297 2085 525 2176 ἑβδομήκοντα
552 2081 617 2157 “ε’ν
641 2091 748 2178 βουλῇ
771 2088 852 2177 μετά
877 2083 1005 2178 δόξης”,
1029 2083 1048 2159 ό

78 2185 218 2269 Ἀκύλας
238 2190 293 2257 καὶ
313 2195 501 2259 Θεοδοτίων
526 2187 716 2278 συμφάνως
747 2196 793 2270 είς
823 2187 968 2277 δύναμιν
991 2193 1089 2263 καίεο

84 2288 185 2372 δόξαν
203 2284 431 2379 ἡρμήνευσαν,
446 2287 507 2379 τὴν
523 2285 590 2360 ὑπὸ
607 2293 668 2362 του
690 2293 775 2362 θεοῦ
799 2296 961 2362 δοθεῖσαν
978 2309 1049 2374 τοῖς

82 2389 276 2474 ἀποστόλοις
297 2392 443 2484 δύναμιν
460 2395 516 2463 καί
534 2392 595 2482 τὴν
614 2395 668 2463 ἐπὶ
686 2391 790 2482 ταότη
809 2391 898 2483 παρά
917 2397 962 2485 τῷ
975 2395 1050 2488 θεῷ

83 2493 183 2578 δόξαν
201 2499 425 2586 παριστάντες
443 2493 525 2565 κατά
542 2494 579 2564 τό
593 2490 611 2516 “
623 2492 738 2583 κύριος
758 2492 859 2564 δάσει
873 2497 962 2584 ῥῆμα
978 2511 1049 2578 τοῖς

83 2595 385 2686 εὐαγγελιζομένοις
405 2596 546 2685 δυνάμει
559 2591 693 2686 πολλῂ.”
719 2602 769 2665 81.
789 2599 843 2666 καὶ
861 2591 943 2666 αὐτό
954 2625 992 2686 γε
1011 2594 1049 2666 τό

83 2700 306 2786 γεγενημένον
319 2693 431 2788 “ιίκοῄ
449 2695 619 2785 άκοόσετε,
637 2698 693 2766 καὶ
712 2696 752 2767 οὐ
770 2696 815 2786 μὴ
834 2702 972 2786 συνῆτε·
992 2700 1048 2769 καί
1060 2729 1089 2770 τε

83 2800 262 2885 βλέποντες
281 2800 432 2887 βλέψετε,
451 2801 507 2868 καὶ
525 2795 564 2867 οό
583 2797 629 2889 μὴ
648 2804 750 2887 ίδητε.
789 2799 964 2889 ἐπαχύνθη
982 2799 1047 2889 γὰρ

83 2896 103 2986 ἡ
128 2903 250 2987 καρδία
272 2905 333 2970 τοῦ
358 2903 442 2971 λαοά
465 2898 601 2989 τούτου,
626 2903 681 2970 καὶ
717 2917 785 2983 τοῖς
821 2899 883 2971 ὠσὶ
918 2903 1049 2989 βαρέας

55 3022 68 3061 d
83 2997 244 3089 ἥκουσαν,
264 3004 318 3070 καὶ
336 2999 413 3085 τοός
433 2998 636 3091 ὀφθαλμοὺς
648 2996 760 3074 αὑτόν
779 3001 984 3093 ἐκάμμυσαν,
1001 3000 1059 3093 μή·

83 3128 162 3172 ποτε
187 3107 284 3173 ίδαισι
310 3119 379 3186 τοῖς
413 3100 619 3195 ὀφθαλμοῖς,
644 3105 701 3174 καλ
729 3122 799 3186 τοῖς
830 3101 914 3177 άσλν
943 3101 1049 3175 άκοό-

83 3227 178 3293 σωσι,
202 3208 258 3275 καὶ
283 3207 522 3297 ἐπιστρέψωσι,
554 3209 610 3276 καὶ
637 3204 780 3297 ίάσωμαι
804 3204 935 3288 αὐτούς.
990 3208 1047 3277 καὶ
1060 3235 1089 3278 ιο

152 3436 166 3483 7
184 3436 229 3489 Pe.
249 3441 288 3501 19,
307 3442 333 3490 4.
437 3442 470 3492 23
488 3441 533 3492 Ρε.
546 3441 588 3503 68,
609 3443 650 3492 11.
753 3441 786 3490 25
798 3439 844 3492 Es.
863 3441 889 3502 6,
907 3441 932 3492 9.
