2326 3818
87 101 150 165 664
497 102 646 153 EUSEBII

56 271 71 312 b
88 238 302 332 εὑρίσκουσιν
320 238 423 312 αὐτὸν
441 243 756 332 ἀποκεκυλισμένον.
786 233 829 330 ἦν
844 243 881 312 δέ
894 239 960 331 ἤδη
979 246 1061 333 έχη-

87 347 253 434 γερμένος.
291 350 375 433 ἔχεις
388 347 444 414 καὶ
457 343 547 433 παρὰ
560 350 606 437 τῷ
621 338 759 434 Ἰωάννη
772 340 834 432 τὴν
847 340 955 434 αὐτὴν
971 373 1060 436 μαρ-

87 452 207 535 τυρίαν
236 449 367 534 λέγοντι
385 443 450 536 ’τῇ
475 445 513 515 δὲ
535 452 595 537 μιᾷ
617 451 687 515 τῶν
718 443 897 534 σαββάτων
928 454 1059 537 έρχεται
1107 487 1111 495 ·

87 555 205 637 Μαρία
223 544 243 636 ἡ
263 544 475 636 Μαγδαληνὴ
501 553 591 636 πρωϊ
608 553 655 628 είς
671 545 708 616 τὸ
731 563 895 637 μνημεῖον
912 553 960 618 ἔτι
978 571 1061 618 σκο-

86 657 158 731 τίας
187 646 307 738 οὔσης,
338 652 394 719 καὶ
425 651 541 736 βλέπει
565 645 624 718 τὸν
646 656 747 718 λίθον
769 645 916 738 ἠρμένον
940 652 977 718 ἐκ
995 653 1086 720 τοῦτ

85 748 282 840 μνημείου.”
316 755 367 820 20.
387 747 474 820 καὶὸ
489 752 668 830 Ματθαίος
686 749 736 837 δὲ,
756 756 788 820 εί
803 753 860 820 καὶ
872 747 958 833 ’Ὅφέ
975 758 1061 839 σαβ·

86 850 199 941 βάτων
213 861 358 940 είρηκεν,
372 847 445 921 ἀλλ’
464 852 613 940 έπιφέρει
626 853 735 939 λέγων
741 848 805 942 “τη”χ
820 850 1061 944 ἐπιφωσκούσῃ

89 961 135 1034 είς
159 959 241 1042 μίαν
263 950 443 1042 σαββάτων
465 942 551 1041 ἦλθε
573 959 693 1041 Μαρία
717 946 738 1041 ἡ
762 950 976 1042 Μαγδαληνὴ
999 957 1058 1024 καὶ

87 1049 108 1142 ἡ
127 1053 211 1142 άλλη
219 1061 338 1145 Μαρία
355 1056 528 1144 θεωρῆσαι
544 1052 605 1124 τὸν
622 1051 741 1142 τάφον,
759 1056 815 1124 καί
831 1050 906 1124 lom}
925 1051 1059 1144 σεισμὸς

64 1157 219 1245 εέχένετο
242 1157 352 1245 μέγας.
394 1160 446 1227 21.
465 1152 604 1244 ἅγγελος
630 1155 693 1245 χάρ
718 1161 837 1245 κυρίου
860 1152 1006 1243 καταβάς
1026 1159 1059 1240 έξ
1073 1185 1100 1226 ιο

88 1252 237 1346 οὐρανοῦ
259 1254 460 1347 προσελθων
482 1254 662 1327 ἀπεκύλισε
690 1254 750 1328 τὸν
777 1265 877 1328 λίθον
907 1254 972 1327 ἀπὸ
1000 1261 1060 1346 τῆς

87 1357 198 1449 θύρας
215 1361 278 1428 τοῦ
293 1353 492 1448 μνημείου.”
528 1362 633 1429 ταῦτα
652 1359 690 1428 δὲ
707 1354 897 1447 ἀναγκαίως
915 1363 1060 1448 παρεθέ-

87 1488 154 1549 μην
180 1467 227 1541 είς
251 1458 461 1550 παράστασιν
483 1462 543 1548 τῆς
566 1463 604 1529 έν
627 1463 673 1553 τῷ
700 1464 828 1553 Ψαλμῷ
851 1485 1060 1550 προφητευο·

88 1565 190 1650 μένης
208 1563 353 1650 ἑωθινῆς
370 1557 586 1649 ἀντιλήψεως.
618 1565 670 1631 22.
690 1562 761 1631 ἐπεὶ
775 1558 839 1651 γὰρ
853 1559 893 1630 τά
905 1563 984 1651 περὶ
996 1568 1058 1631 τοῦ

88 1660 222 1744 πάθους
239 1666 301 1733 τοῦ
318 1669 466 1753 σωτῆρος
488 1657 584 1752 ἡμῶν
608 1669 779 1751 σημαίνει,
804 1657 846 1733 οά
870 1658 937 1752 μην
961 1664 1060 1733 κατέ·
1073 1687 1099 1730 ιι

88 1767 188 1853 ληξεν
217 1758 238 1852 η
261 1762 333 1835 κατ’
361 1761 465 1835 αὐτὸν
493 1770 667 1853 οἰκονομία
691 1767 728 1835 έν
751 1766 799 1858 τῷ
822 1762 943 1851 πάθει,
967 1766 1060 1846 τέλος

89 1867 126 1936 δέ
143 1872 203 1936 τοῦ
228 1864 360 1948 πάθους
377 1861 398 1955 ἦ
419 1869 455 1936 έιι
472 1870 603 1955 νεκρῶν
619 1862 799 1948 ἀνάστασις
816 1854 859 1953 ἦν
878 1867 934 1934 καὶ
957 1862 978 1952 ἡ
998 1860 1059 1935 άν·

88 1973 219 2054 τίληψις
243 1963 263 2054 ἡ
291 1965 437 2054 ἑωθινὴ,
469 1964 603 2048 είκότως
628 1964 646 2036 ὁ
678 1965 774 2056 λόγος
803 1970 849 2060 τῷ
880 1962 1059 2060 παραδόξῳ

61 2069 174 2136 ττέλει
206 2063 267 2154 τὴν
297 2065 433 2156 γραφὴν
461 2065 676 2155 ἀνατίθεται,
707 2067 751 2149 ὡς
778 2072 837 2157 τῆς
864 2065 1060 2150 ὑποθέσεως

88 2163 218 2256 ἀπάσης
241 2170 298 2239 καὶ
322 2173 390 2240 τω”ν
407 2166 472 2260 πρὸ
493 2174 553 2240 τοῦ
570 2174 687 2250 τέλους
709 2167 920 2258 παθημάτων
940 2176 998 2259 τῆς
1023 2172 1060 2239 ἐκ
1072 2197 1098 2238 τι

87 2274 219 2359 νεκρῶν
244 2266 456 2353 ἀναστάσεως
483 2272 539 2341 καὶ
564 2278 622 2361 τῆς
640 2269 847 2359 ἀντιλήψεως
871 2278 930 2360 της
957 2274 1060 2341 ἑωθι-

87 2377 148 2460 νῆς
165 2375 281 2444 ἕνεκεν
298 2376 498 2463 γενομένων.
534 2378 585 2442 23.
605 2368 710 2442 είπολν
729 2375 814 2461 γοῦν
837 2369 985 2461 ὁσωτηρ
1003 2376 1059 2442 καὶ

88 2472 202 2563 κύριος
226 2472 322 2564 ἡμῶν
346 2475 383 2544 τὰ
404 2469 445 2544 “ὁ
468 2472 549 2555 θεὸς
572 2471 589 2544 ὁ
614 2471 694 2556 θεός
717 2501 783 2562 μου
806 2471 969 2563 πρόσσχες
991 2502 1058 2563 μοι,

88 2580 180 2645 ίνατί
201 2579 411 2664 ἐγκατέλιπές
439 2573 502 2665 με”
532 2578 588 2646 καὶ
612 2577 686 2663 ἑξῆς
709 2572 887 2664 έπαχαχάν
912 2574 949 2645 τὸ
969 2569 1058 2664 “37⁰3

90 2679 130 2746 δέ
158 2682 225 2765 είμι
254 2675 403 2765 σκώληξ,
432 2679 488 2745 καί
516 2674 578 2746 οάκ
614 2672 811 2764 ἅνθρωπος,
840 2671 971 2757 ὄνειδος
998 2675 1098 2747 ἀν-ει

88 2774 240 2865 θράπων
270 2779 326 2847 καὶ
350 2779 555 2867 έξουθένημα
584 2780 665 2848 λαοῦ
674 2773 706 2866 ,”
741 2780 799 2848 καὶ
822 2784 870 2847 ἔτι
898 2782 1061 2868 προσθεὶς

88 2875 125 2948 τὸ
140 2872 437 2967 “περιεκύκλωοάν
453 2906 494 2968 με
518 2876 635 2969 μόσχοι
652 2881 786 2966 πολλοὶ,
811 2882 929 2968 ταῦροι
946 2887 1060 2961 πίονες

89 2982 268 3069 περιέσχον
284 2978 360 3071 με,”
382 2983 438 3051 καί
462 2986 578 3070 σαφως
601 2980 660 3051 τὸν
679 2976 830 3051 θάνατον
854 2978 959 3051 αὑτοῦ
976 3008 1060 3070 προ-

89 3079 338 3174 μαρτυρόμενος
363 3080 418 3152 θιά
441 3079 478 3152 τὰ
498 3079 569 3164 “είς
594 3088 677 3172 χοῦν
700 3079 852 3153 θανάτου
878 3079 1060 3170 κατήγαχές

89 3211 146 3273 με,
166 3179 216 3254 ὅτι
235 3182 428 3254 έκάκλωσάν
445 3211 486 3272 με
499 3183 598 3264 κάυες
611 3185 740 3271 πολλοὶ,
759 3181 939 3272 συναγωγὴ
954 3210 1060 3272 πονη-
1072 3212 1099 3253 ιο

158 3415 238 3468 ιιι.
252 3417 294 3478 νο,
307 3417 332 3464 4.
439 3415 570 3465 matth.
584 3416 624 3479 νε,
641 3419 662 3467 1.
