2326 3818
49 129 54 137 ·
120 123 184 186 240
525 119 675 172 ωυοοοιι

121 291 189 332 των
203 255 266 330 “06
285 266 401 349 χρείαν
418 267 552 348 ἔχουσιν
569 264 605 329 οί
620 256 790 347 ἰσχύοντες
809 260 938 346 ἰατροῦ,
958 253 1051 331 ἀλλὰ
1068 264 1103 333 οί

122 366 230 444 κακῶς
254 368 398 451 ἔχοντες·
438 356 500 430 οὐκ
526 351 634 448 ἦλθον
657 362 794 429 καλέσαι
819 364 994 448 δικαίους,
1020 356 1098 433 ἀλλ’

122 462 343 588 ἁμαρτωλρύς
363 467 410 544 εἰς
428 458 645 551 μετόνοιαν;”
684 466 713 529 4.
734 457 842 529 ἐκάλει
868 462 953 546 δῆτα
973 456 995 531 6
1015 462 1099 535 πάν·

122 595 189 637 των
201 562 310 655 σωτὴρ
323 559 444 634 ’δεῦτε
457 561 594 651 (λέγων)
607 559 689 684 πρός
700 589 741 650 με
759 558 879 640 πάντες
896 564 933 629 οί
948 566 1098 635 κοπιοῖν·

121 696 175 749 τες
192 670 248 737 καὶ
266 668 534 755 πεφορτισμένοι,
553 659 644 750 κᾶνω
662 658 848 733 ἀναπαύσω
865 655 980 750 ὑμᾶς)
982 660 1119 737 ’ἑκά-ι

122 779 172 840 λετ
192 770 305 838 παλδ’
284 794 342 835 ατο
366 761 526 853 ἀφθόνως
551 760 599 832 δι’
628 759 780 887 όρχόνον
792 751 835 832 06
859 767 1097 855 προνβέβλητο

123 867 365 956 ἀνθρωπίνου,
389 862 443 934 066
467 892 516 944 τις
540 863 697 952 μουσικός
721 861 807 955 ἀνὴρ
833 860 888 932 διὰ
911 867 972 952 τῆς
991 864 1097 955 λύρας

123 969 184 1055 τὴν
201 974 325 1055 σοφίαν
344 964 627 1055 ἐπιδεικνύμενος,
646 967 700 1035 καὶ
721 962 898 1045 νοσοόσαις
916 992 957 1053 γε
970 980 1097 1057 ψυχαῖς

123 1085 194 1150 ταῖς
228 1072 264 1137 ἐν
288 1064 458 1155 στόμασιν,
489 1063 543 1138 066
572 1097 621 1148 τις
652 1069 775 1155 ίατροὶν
803 1063 936 1155 ἄριστος
970 1090 1097 1159 συγγε-

124 1187 179 1240 νεῖ
200 1170 254 1238 καὶ
279 1165 473 1262 καταλλήληι
496 1167 686 1258 βοηθήματι
703 1164 762 1239 τόν
780 1164 966 1256 ἄνθρωπον
987 1180 1126 1263 θερα-ιι

125 1268 256 1357 πεόων,
287 1267 385 1350 αὐτός
409 1298 444 1339 τε
468 1268 589 1339 ἑαυτὸν
617 1267 804 1357 ὑπόδειγμα
824 1266 1015 1357 Ιπανσόφου
1040 1272 1095 1343 κοιλ

124 1373 312 1461 παναρέτον
356 1372 411 1439 καὶ
456 1366 617 1458 εόσεβοῦς
650 1376 823 1459 παρείχετο
859 1376 955 1458 βίον,
999 1370 1096 1441 διδό-

59 1501 113 1551 (ιιοι
125 1495 216 1543 σκων
233 1472 295 1560 μέν
313 1469 353 1542 τότ
375 1469 488 1560 ἀληθῆ
510 1466 551 1541 06
569 1467 649 1557 παρ’
676 1473 798 1559 ἑτέρων
816 1466 1045 1563 ἠρανισμένα,
1063 1474 1094 1557 ἐξ

125 1570 228 1643 αὐτοῦ
253 1573 290 1642 δέ
313 1575 369 1642 καὶ
394 1572 484 1662 παρὰ
508 1576 567 1643 τοῦ
585 1571 707 1662 πατρὸς
724 1571 764 1641 τοὶ
783 1573 885 1641 πάλαι
903 1573 958 1641 καὶ
979 1574 1019 1643 ἐκ
1035 1602 1094 1663 μα-

125 1680 207 1766 κροῦ
230 1677 290 1744 τοῦ
316 1677 436 1756 αι’ωνος
461 1691 530 1755 τοῖς
554 1669 723 1743 ἆνέκαθεν
745 1674 920 1760 θεοφιλέσι
943 1674 1002 1743 καὶ
1026 1690 1123 1755 τοῖςιι

125 1773 189 1866 πρό
209 1777 359 1856 Μωσέως
372 1773 537 1865 Ἑβραίοις
550 1776 855 1862 νενομοθετημένα·
883 1777 913 1843 5.
928 1772 1095 1863 σωμάτων

126 1879 163 1948 δέ
188 1876 249 1967 οὐχ
274 1869 412 1966 ἦττονίχ
436 1877 554 1963 ψυχαῖν
573 1872 824 1964 ἐπιμελόμενος,
848 1875 904 1943 καὶ
923 1892 1096 1964 σαρκικοῖς

125 1980 186 2067 μὲν
210 1976 404 2068 ἀνθρώπων
425 1972 615 2063 ὀφθαλμοῖς
638 1974 677 2045 τὰ
703 1971 758 2045 διὰ
781 1979 838 2063 της
861 1972 984 2066 σαρκός
1003 1975 1097 2071 αὐτῷ

127 2077 282 2196 δρώμενα
300 2071 593 2165 παρασκευάζων
578 2079 680 2167 οροῖν,
705 2072 820 2158 ἀκοαῖς
840 2076 877 2145 δέ
895 2073 998 2147 πόλιν
1016 2099 1096 2169 σαρ-

126 2176 182 2258 κός
200 2175 257 2258 τός
276 2176 331 2248 διὰ
348 2174 495 2267 γλώττης
511 2179 566 2247 καὶ
579 2175 700 2300 σαρκός
712 2172 850 2266 όπηχῶν
865 2182 1127 2269 &comanam

98 2281 182 2348 ικαὶ
201 2277 308 2350 πάντα
327 2308 365 2368 γε
389 2281 549 2351 ἐπιτελῶν
575 2274 621 2348 δι’
642 2268 683 2349 06
705 2276 887 2401 τἰνείληιχνεν
890 2273 1097 2400 ἄνθρωπον

127 2396 195 2465 τοῖς
213 2381 276 2452 οὐκ
293 2379 443 2463 ἄλλως
424 2376 444 2471 6
462 2378 571 2471 μόνως
596 2378 702 2461 οὕτως
719 2383 777 2498 της
800 2375 905 2450 αὐτοῦ
910 2376 1097 2502 θειότητος

63 2485 376 2569 [ιωισνναισθεσθαι
396 2485 605 2572 δυναμένοις.
648 2488 677 2551 6.
697 2484 800 2551 ταῦτα
825 2471 923 2569 δη
883 2510 947 2551 ονν
963 2477 1097 2553 ἅπαντα

127 2593 174 2669 είς
197 2585 234 2655 τὸ
256 2583 418 2674 χρήσιμον
443 2584 499 2652 καὶ
522 2585 625 2651 πᾶσιν
648 2579 730 2671 ἡμῖν
756 2577 926 2671 τόφέλιμον
949 2577 1096 2655 δπόντα

127 2683 367 2774 φιλάνθρωπος
385 2712 444 2753 του
432 2686 546 2752 θεοῦ
565 2680 660 2770 λόγος
678 2700 748 2763 ταῖς
762 2699 937 2773 πατρικαῖς
955 2691 1096 2771 βουλαῖς
1107 2702 1131 2747 ¹⁵

129 2791 332 2877 διηκονεῖτο,
350 2786 463 2904 μένων
480 2780 582 2853 πόλιν
600 2780 699 2864 αὐτός
717 2780 817 2865 όϋλος
835 2782 928 2854 καῖ’
910 2781 1097 2875 ασοόματος,

128 2879 195 2964 οἶος
215 2886 270 2953 καὶ
295 2881 360 2973 πρὸ
378 2888 438 2953 τοῦ
456 2880 545 2974 παρὰ
569 2913 615 2954 τω
601 2875 776 2975 πατρὶ
756 2915 816 2974 ην,
840 2914 880 2955 ου
869 2882 1098 3012 ’μεταβαλων

117 2981 188 3073 την
200 2980 343 3072 οὐσίαν,
367 2981 444 3055 οὐδ’
471 2955 728 3076 ίιφανιόθεὶς
690 3016 747 3111 της
766 2976 863 3068 αότδς
886 2989 1012 3059 ἑαυτοῦ
1026 2984 1099 3075 φό-

128 3107 231 3176 σεως,
256 3083 339 3156 οὐδέ
366 3114 405 3205 χε
434 3104 503 3169 τοῖς
533 3091 589 3176 της
617 3087 740 3180 σαρκὸς
764 3094 897 3179 δεσμοῖς
921 3089 1102 3179 πεδηθεὶς,

128 3184 245 3259 0666'
227 3185 406 3258 αποπεσών
423 3193 479 3278 της
497 3188 673 3280 θεότητος,
691 3185 768 3261 ἄλλ’
788 3186 925 3261 οὐδὲ
887 3218 949 3280 την
967 3196 1097 3263 οἰκείαν
1108 3214 1133 3261 ιο

197 3423 210 3469 1
230 3421 331 3471 Matth.
344 3424 369 3484 9,
384 3424 423 3476 12.
528 3425 545 3473 4
562 3422 664 3473 Matth.
678 3425 718 3487 11,
732 3424 773 3474 28.
