2326 3818
144 143 208 208 650
550 139 701 192 Ευευυυ

144 287 241 373 μένες
264 281 347 352 καθ’
367 285 427 353 ἕνα
451 278 569 372 καιρδν
592 276 651 350 τὸν
677 281 731 349 ἐπὶ
754 282 814 348 τοῦ
838 282 985 369 σωτήρος
1008 278 1113 371 ἡμῶν,

146 383 179 474 (ὅ
196 412 231 454 τε
248 382 312 475 γάρ
336 383 494 473 βασιλεὺς
518 379 719 472 παρανόμως
738 378 849 450 αὐτων
867 379 996 469 ἡγεῖτο,
1016 380 1115 454 αἰλλό-

145 484 251 575 φυλός
268 516 316 568 τις
336 481 384 557 ὧν
401 488 457 556 καὶ
475 483 538 555 οὐκ
555 491 676 565 οίκείος
689 485 751 553 τοῦ
764 489 902 566 ἔθνους·
922 481 989 553 ὅτε
1007 481 1116 575 ἀρχιε-

145 584 223 680 ρεδς
246 577 313 658 ὑπὸ
326 586 497 676 Ῥωμαίων
520 583 788 675 παραγενόμενος
809 587 861 654 ἐπὶ
885 583 947 674 τήν
965 594 1117 678 λειτουρ-

144 698 242 778 γίαν,
266 686 306 760 οὐ
331 688 413 760 κατά
436 687 498 776 τήν
522 691 582 758 τοῦ
606 689 723 775 γένους
743 686 905 775 διαδοχήν
932 684 1015 758 οὐδὲ
1033 685 1139 760 κατάε

143 791 220 873 τοδς
247 789 407 879 ἐννόμους
430 792 579 879 θεσμοὺς
604 791 657 859 ἐπὶ
676 785 738 877 τήν
761 785 860 877 τιμήν
880 787 1016 881 παρῄει·
1045 789 1117 862 ὅτε

118 891 317 984 επροφήτης
335 895 448 981 μέχρις
463 887 622 961 Ἰωάννου
640 887 852 980 παυσάμενος
869 887 983 960 οὐκέτι
1003 895 1040 962 ἐν
1059 888 1117 963 αὖ·

143 1011 212 1074 τοϊς
231 992 376 1082 ἐνήργει,
395 989 469 1063 άντλ
487 992 523 1062 δὲ
535 990 657 1062 τοάτον
671 989 952 1080 ψευδοπροφήτης
970 1022 1019 1075 τις
1038 991 1117 1063 ιἰσε-

145 1093 207 1184 βής
222 1096 277 1163 καὶ
291 1098 430 1164 πλανῶν
442 1092 502 1165 τὸν
514 1091 611 1179 λαὸν)
627 1092 760 1175 εἰκότως
773 1091 813 1163 τά
828 1100 904 1180 τρία
918 1102 1116 1184 χαρίσματα,

144 1195 246 1267 πάλαι
265 1193 427 1285 πρότερον
444 1191 530 1287 ὑπὲρ
548 1193 657 1266 πάντα
680 1193 805 1285 κόσμον
823 1190 974 1284 εὐπρεπῆ
993 1194 1029 1266 τὸ
1048 1203 1116 1273 πᾶν
1130 1227 1153 1267 ιο

145 1304 244 1380 ἔθνος
263 1303 468 1387 κοσμοῦντα,
487 1295 716 1387 περιαιρήσειν
728 1290 790 1385 ὑφ’
810 1300 870 1366 ένα
888 1296 1005 1386 καιρὸν
1023 1296 1117 1368 ιἰπει·

143 1408 197 1471 λεί
218 1403 325 1488 λέγων
346 1398 425 1469 “nal
450 1403 554 1488 ἐξαρώ
577 1396 655 1479 τούς
677 1415 766 1488 τρεῖς
791 1401 950 1486 ποιμένας
975 1403 1011 1470 ἐν
1035 1403 1116 1488 μηνὶ

145 1503 213 1588 ένὶ,
232 1504 289 1572 καὶ
307 1499 559 1591 βαρυνθήσεται
577 1496 597 1590 ἡ
616 1498 706 1589 ψυχή
723 1528 788 1587 μου
808 1498 857 1569 ἐπ’
880 1498 1034 1582 αὐτούς.”
1062 1507 1115 1574 25.

144 1598 225 1673 ἄνθ’
245 1593 285 1673 οὗ
303 1599 320 1673 ὁ
339 1605 400 1693 μὲν
414 1600 553 1684 Ἀκύλας
571 1604 655 1692 φησὶ
667 1597 746 1671 “nal
765 1599 960 1690 ἐκολοβωθη
987 1598 1007 1691 ή
1027 1601 1117 1693 ψυχή

144 1733 208 1792 μου
236 1709 272 1775 ἐν
296 1701 448 1786 αὐτοῖς”’
482 1703 499 1773 ὁ
526 1705 563 1775 δέ
581 1702 761 1793 Σύμμαχος
774 1701 853 1773 “nal
878 1700 1116 1793 άλιγοψύχησα
1130 1735 1153 1774 ιι

145 1801 341 1886 ἐναῦτοίς””
360 1802 378 1876 ὁ
395 1807 431 1875 δέ
442 1800 1116 1895 Θεοδοτίων“καὶὠλιγοψάχησενήψυχή

119 1936 208 1996 εμου
227 1904 280 1977 ἐπ’
300 1903 456 1989 αὕτούς.”
498 1905 608 1976 καὶτὸ
634 1905 741 1975 αίτιόν
765 1934 803 1992 γε
823 1910 880 1995 της
898 1905 1114 1995 ὀλιγοψυχίας

146 2006 297 2077 διδάσκει
316 2012 478 2096 ἐπιλέγων
491 2002 571 2076 “nal
589 1997 652 2095 γάρ
680 2012 718 2076 αί
732 2010 837 2096 ψυχαὶ
856 2007 967 2078 αὐτῶν
985 2005 1113 2096 ἐπυρά-

144 2136 220 2177 οντο
245 2106 296 2176 ἐπ’
320 2104 409 2196 ἐμέ.”
452 2105 532 2177 ἄνθ’
554 2098 596 2179 οὗ
618 2105 719 2179 πάλιν
742 2103 915 2191 δἈκύλας
935 2105 1016 2179 “uoci
1037 2109 1114 2199 γεή

144 2206 233 2298 ψυχή
252 2208 364 2280 αὐτῶν
383 2211 567 2295 ε’πέρκασεν
586 2214 622 2281 ἐν
641 2215 715 2300 ἐμοί
721 2207 750 2241 ·”
776 2209 860 2280 26,ὁ
881 2211 918 2281 δέ
931 2209 1114 2302 Σύμμαχος
1127 2243 1154 2283 ιο

139 2307 216 2381 τ(καὶ
236 2306 256 2399 ή
275 2309 371 2401 τγυχήΙ
383 2309 496 2382 αὐτων
514 2309 662 2401 ήκμασεν
682 2316 718 2382 ἐν
738 2309 840 2401 ἐμοί.”
878 2311 994 2401 ὅμοιον
1013 2313 1050 2382 δὲ
1068 2317 1115 2407 τῷ

138 2409 216 2483 “nal
235 2411 298 2501 γάρ
317 2419 354 2483 αί
369 2415 473 2503 ψυχαὶ
492 2412 607 2485 αὐτων
631 2413 822 2502 ἐπωράοντο
848 2409 900 2482 ἐπ’
926 2410 1003 2503 ἐμέ”
1024 2414 1115 2504 παρά

76 2542 129 2594 1301]
144 2531 211 2596 τοῖς
237 2514 465 2605 ἑβδομήκοντα
489 2518 652 2610 εἰρημένῳ
683 2519 820 2604 φέρεται
844 2513 933 2603 παρά
956 2521 1002 2607 τῷ
1016 2509 1116 2606 Ἱερε-

142 2625 202 2707 μίᾳ
227 2620 263 2686 ἐκ
287 2616 468 2704 προσώπου
494 2625 553 2688 τοῦ
578 2625 698 2705 κυρίου
723 2624 878 2706 κείμενον
900 2613 937 2685 τὸ
952 2611 1115 2704 “ἐγκατα-

143 2721 280 2787 λέλοιπα
298 2719 356 2788 τὸν
374 2716 467 2788 οἶκόν
484 2748 566 2808 μου,
586 2714 700 2807 άφήκα
716 2717 779 2807 τήν
792 2725 1018 2808 κληρονομίαν
1034 2745 1112 2806 μου,
1127 2748 1154 2789 25

145 2823 254 2886 ἔδωκα
272 2816 334 2905 τήν
351 2818 570 2909 ήγαπημένην
580 2818 691 2911 ψυχήν
704 2850 769 2910 μου
788 2827 835 2902 είς
849 2838 961 2910 χεῖρας
980 2824 1114 2910 ἐχθρῶν

117 2947 129 2986 ιι
145 2913 265 3006 αὐτῆς,
291 2918 435 3009 ἐγενήθη
458 2920 478 3010 ή
502 2929 706 3011 κληρονομία
723 2951 787 3010 μου
813 2925 884 3011 ἐμοὶ
908 2917 952 3004 ὡς
971 2925 1057 2992 λέων
1076 2925 1114 2991 ἐν

145 3025 278 3114 δρυμῷ,
298 3027 424 3090 ἔδωκεν
443 3020 496 3092 ἐπ’
518 3024 574 3113 ἐμὲ
592 3021 654 3111 τήν
672 3020 790 3112 φωνήν
809 3019 920 3112 αὖτής.
962 3021 1008 3111 μή
1029 3021 1113 3111 σπή-

143 3132 238 3193 λαιον
263 3121 383 3211 ὑαίνης
410 3122 649 3214 ήκληρονομία
668 3153 733 3213 μου
758 3122 868 3213 ἐμοί;”
905 3130 956 3196 27.
978 3123 1114 3204 είκότως

142 3216 203 3295 οὖν
227 3224 282 3294 διά
305 3229 409 3295 ταυτα
434 3228 506 3313 ἑξῆς
536 3229 687 3316 ἐπιφέρει
716 3229 824 3313 λέγων
841 3224 920 3295 “mxl
953 3225 1045 3314 εἶπα,
1070 3221 1153 3296 οάεο

113 3418 117 3425 ”
198 3456 234 3504 25
250 3456 311 3508 Jer.
328 3461 368 3518 12,
384 3461 407 3514 7.
