2326 3818
139 142 202 204 412
546 141 695 191 ευεεοιι
754 201 756 206 ,

143 279 357 370 εὐφροσύνην
381 279 447 369 ἅμα
471 276 511 348 τά
539 286 643 367 ἐρημα
657 273 886 368 Ἰερουσαλὴμ,
913 278 962 349 ὅτι
986 278 1111 368 ἠλέησε

142 382 255 468 κύριος
281 379 387 469 αῦτῆν
416 383 470 450 καὶ
497 378 659 468 ἐρρύσατο
685 375 929 469 Ἱερουσαλῆμ.”
979 380 1042 451 ούκ
1067 380 1113 453 ἀν

145 485 181 553 δὲ
198 480 354 571 ἁμάρτοις
372 482 434 571 τῆν
451 480 574 563 παντὸς
590 480 689 567 ἁγίου
707 485 762 551 καὶ
784 487 966 570 θεοφιλοῦς
985 481 1113 573 ψυχῆν,

143 586 228 655 καθὸ
251 587 313 674 μὲν
340 588 476 672 ἐπῆρται
499 588 544 676 τῷ
568 590 631 675 βίω
656 581 693 652 τὸ
716 593 897 672 πολίτευμα
925 592 1047 673 ἔχουσα
1076 590 1114 655 ἐν

143 685 300 776 οὐρανοῖς
319 689 489 756 σκοποῦσα
506 683 547 752 τά
563 679 787 773 ῦπερκόσμια,
812 685 906 754 Σιών
923 683 1142 774 ὀνομάζωυέ

144 787 378 877 (ἑρμηνεύεται
396 785 458 873 χάρ
478 784 750 874 σκοπευτῆριον)
775 784 861 856 καθό
881 787 917 855 δὲ
937 789 973 855 ἐν
992 783 1115 856 εύστα-

143 899 223 981 θείη
252 892 307 957 καὶ
337 892 465 976 χαληνῆ
496 892 619 955 παθῶν
645 890 869 975 καθέστηκεν,
897 883 1116 977 Ἱερουσαλῆμ

145 987 250 1076 αῦτῆν
272 986 464 1058 ἀποκαλῶν·
501 984 619 1075 ὅρασιν
641 986 705 1075 χάρ
735 986 868 1077 εἰρήνης
895 991 1117 1078 μεταληφθὲν

117 1122 129 1160 ι
144 1087 289 1177 τούνομα
303 1097 466 1177 σημαίνει.
496 1095 523 1158 8.
535 1087 663 1168 τούτοις
676 1085 870 1170 ἀκολούθως
883 1085 905 1178 ῆ
918 1095 986 1160 των
1000 1094 1116 1161 ἐθνῶν

78 1221 131 1274 μω]
148 1194 198 1260 ἐπὶ
218 1189 279 1279 τῆν
299 1189 472 1277 εὐσέβειαν
489 1197 550 1259 τοῦ
568 1194 653 1260 θεοῦ
671 1193 786 1277 κλῆσις
809 1195 1032 1280 ἐναργέστατα
1051 1199 1115 1280 δη·
1128 1223 1154 1262 ιο

146 1296 261 1362 λοῦται
286 1293 340 1361 διὰ
362 1298 421 1361 τοῦ
442 1287 517 1360 “uoci
542 1287 750 1371 ἀποκαλύψει
775 1289 888 1380 κύριος
911 1290 928 1360 ὁ
952 1290 1031 1372 θεὸς
1055 1293 1115 1362 τὸν

146 1402 308 1484 βραχίονα
337 1391 396 1464 τὸν
432 1389 529 1480 ἀχιον
565 1390 669 1460 αὑτοῦ
704 1391 847 1463 ἐνύπιον
878 1391 1015 1463 πάντων
1045 1402 1115 1463 τῶν

147 1493 292 1566 ε’θνων.”
336 1497 391 1563 καί
417 1490 556 1576 ὄψονται
579 1492 688 1565 πάντα
712 1492 752 1563 τά
775 1491 861 1582 ἀκρα
884 1499 941 1584 τῆς
965 1498 1025 1582 χῆς
1051 1495 1115 1583 τῆν

147 1603 314 1686 σωτηρίαν
337 1593 398 1684 τῆν
422 1594 511 1681 παρά
537 1601 597 1663 τοῦ
622 1597 708 1664 θεοῦ
731 1593 857 1682 ῆμων.”
895 1604 1058 1685 βραχίονα
1077 1598 1116 1666 δέ

145 1702 206 1767 τοῦ
229 1701 313 1767 θεοῦ
335 1696 380 1785 μὴ
403 1693 505 1765 ἀλλον
531 1696 617 1765 εἶναι
640 1701 699 1765 τοῦ
723 1694 824 1782 λόγου
842 1699 897 1766 καὶ
915 1702 973 1784 τῆς
991 1706 1114 1785 σοφίας
1128 1729 1154 1770 ιι

147 1801 203 1867 καὶ
222 1795 325 1868 αύτοῦ
343 1801 403 1867 τοῦ
420 1804 555 1884 κυρίου,
582 1793 618 1876 ῦς
637 1794 762 1867 ἐστινὸ
781 1798 921 1885 Χριστὸς
939 1802 998 1868 τοῦ
1014 1804 1116 1885 θεοῦ,

147 1898 267 1987 νόμιζε.
304 1905 332 1968 9.
352 1903 449 1967 τοῦτο
467 1901 550 1984 γοῦν
565 1903 601 1967 ἐκ
615 1902 748 1968 πολλῶν
761 1907 970 1987 παραστῆσαι
984 1898 1115 1990 ῥᾴδιον.

126 2010 233 2088 ιέχεις
267 2001 304 2068 δὲ
334 2003 389 2068 καὶ
422 2003 457 2067 ἐν
479 1997 599 2091 Ἐξόδῳ
622 1997 680 2069 τὸν
702 1995 830 2089 Ἰσραῆλ
854 2008 1005 2089 βραχίονι
1029 2008 1117 2070 θεοῦ

149 2103 320 2189 βυσθέντα
343 2104 400 2187 τῆς
425 2094 486 2168 ἀπ’
507 2107 704 2186 Αἰγυπτίοις
732 2107 895 2182 δουλείας.
945 2097 1048 2171 αύτὸν
1072 2102 1116 2190 δὴ

150 2199 355 2272 ἐκεῖνοντὸν
373 2209 534 2289 βραχίονα
551 2204 613 2270 τού
635 2206 719 2271 θεοῦ
742 2201 801 2270 τὸν
818 2200 1033 2291 ἀναφανέντα
1051 2227 1115 2272 σω·
1129 2234 1156 2274 εο

148 2311 231 2390 τῆρα
248 2308 307 2373 τοῦ
327 2302 427 2371 πάλαι
442 2305 525 2371 λαοῦ
538 2305 618 2371 πάσι
632 2320 700 2384 τοῖς
715 2310 851 2374 ἔθνεσιν
869 2302 1116 2392 ἀποκαλυφθῆ-

149 2418 291 2493 σεσθαι,
316 2400 360 2484 ἀς
384 2400 426 2472 ἀν
443 2402 479 2473 τὸ
497 2407 578 2491 πρὶν
598 2407 898 2494 ἐπικεκρυμμένον,
922 2401 943 2493 ῆ
962 2409 1116 2493 παροῦσα

149 2515 303 2596 σημαίνει
327 2514 520 2594 προφητεία.
569 2504 631 2593 τῆν
662 2507 699 2574 δέ
730 2515 912 2594 σωτηρίαν,
943 2503 986 2592 ῆν
1011 2528 1117 2592 φησιν

148 2605 292 2688 ὄψεσθαι
316 2605 425 2676 πάντα
449 2608 488 2673 τά
513 2602 598 2692 ἀκρα
621 2609 679 2692 τῆς
704 2611 781 2694 γῆς,
807 2609 861 2675 καὶ
886 2603 929 2694 ἣν
945 2602 1117 2687 ἀνώτερον

151 2709 271 2795 ἐδήλου
295 2711 401 2793 λέγων
421 2703 493 2775 αὅτι
518 2702 685 2794 ἀκουστὴν
708 2706 837 2794 ποιῆσω
860 2704 921 2793 τῆν
945 2713 1115 2792 σωτηρίαν
1129 2737 1157 2777 25

150 2804 246 2894 σου,”
268 2819 339 2876 ἴσθι
356 2811 397 2895 τῆ
411 2802 574 2895 Ἐβραίων
591 2813 690 2898 φωνῆ
705 2815 751 2900 τῷ
774 2812 834 2878 τοῦ
846 2806 955 2896 Ἰησοῦ
978 2802 1117 2896 ὀνόματι

150 2905 468 2996 προσαγορεύεσθαι.

124 3141 137 3179 ο
483 3106 561 3181 'And
578 3117 638 3179 τοῦ
657 3107 769 3180 αὐτοῦ.

225 3261 312 3319 XXV.
335 3241 446 3316 “Ἰδού
473 3242 587 3330 κύριος
606 3243 650 3326 ὡς
669 3249 737 3333 πῦρ
761 3243 830 3333 ῆξει
861 3247 915 3314 καὶ
942 3245 985 3327 ὥς
1004 3275 1116 3315 καται·

150 3378 352 3386 ————

218 3446 250 3493 29
269 3445 315 3496 Es.
329 3446 370 3505 ω,
386 3445 425 3497 ιε.
