2326 3818
138 145 201 209 6ffl
547 144 695 195 fflfflm

138 284 280 367 λοάθως.
309 285 423 372 ἐπειδὴ
438 284 475 353 δὲ
488 282 551 353 οὐκ
562 285 715 367 ἐδέξαντο
729 282 790 371 τήν
804 283 912 374 χάριν,
931 277 1108 377 άπελέγχει

139 388 201 474 μὲν
219 382 340 468 αὐτοὺς
359 390 395 456 ἐν
419 389 541 474 ἑτέροις
567 388 674 474 λέγων
688 383 797 456 ”διότι
820 378 945 475 ἦλθον,
970 387 1107 459 καὶούκ

113 479 181 576 εήυ
205 485 403 577 άυθρωτιος,
429 484 587 573 ἐκάλεσα,
613 490 668 556 καὶ
693 484 755 556 οὐκ
779 479 821 576 ἦν
845 484 862 558 ὁ
886 484 1103 561 ὑπακούων.”

138 592 220 678 φησὶ
240 590 277 659 δέ
300 587 382 676 πρὸς
400 583 743 676 αὐτούς“άρθήσεται
766 585 827 677 ἀφ’
852 588 986 679 ὑμάυή
1011 599 1107 678 βασι-

138 698 210 761 λεία
233 697 293 761 τοῦ
314 693 416 778 θεοῦ,
441 692 496 759 καλ
520 687 701 776 δοθήσεται
731 697 825 760 ἔθνει
854 697 1005 763 ποιοῦντι
1029 693 1133 776 τοάςε

138 790 285 882 καρπούς
304 790 415 879 αὐτῆς.
446 795 494 859 12.
514 793 570 859 καὶ
587 807 656 871 τοῖς
673 817 712 878 γε
725 784 829 860 αὖτοῦ
842 806 1007 882 μαθηταῖς
1025 797 1107 883 μετά

138 895 199 983 τήν
231 898 369 963 ἐκείνων
405 898 605 982 παραίτησιν
640 889 834 980 προστάττει
859 889 1107 983 ’Ῠπορευθέυτες

137 992 372 1084 μαθητεύσατε
383 991 492 1064 πάντα
505 989 545 1062 τά
559 1001 643 1081 ἔθνη
660 996 696 1063 ἐν
711 1000 758 1086 τῷ
769 991 911 1083 ὀνόματί
919 1024 991 1084 μου.
1018 993 1105 1066 οὕτω

139 1103 222 1185 δῆτα
247 1091 340 1185 ἡμεῖς
363 1095 425 1185 μὲν
447 1093 487 1164 τά
509 1101 594 1183 ἔθνη
611 1092 670 1165 τδυ
693 1099 1026 1193 προαναφωυηθέντα
1050 1100 1105 1165 καὶ

138 1194 220 1288 πρὸς
237 1200 297 1267 τοῦ
314 1194 436 1283 πατρὸς
454 1192 703 1285 ἀπεσταλμένον
721 1196 914 1288 προφήτην,
934 1196 991 1268 άτε
1009 1227 1105 1287 υομο-
1119 1231 1145 1271 10

137 1301 242 1387 θίτην
265 1294 368 1369 άπασι
391 1296 574 1387 γενόμενον
597 1293 791 1388 άνθράποις
815 1306 873 1387 τῆς
898 1307 945 1381 εἰς
963 1299 1022 1371 τὸν
1039 1304 1106 1370 τών

114 1417 115 1420 ’
138 1396 227 1471 ὅλων
243 1400 328 1470 θεὸν
346 1397 535 1489 εὐσεβείας,
556 1396 611 1468 διά
628 1403 685 1488 τῆς
703 1409 871 1489 σωτηρίου
889 1404 946 1471 καὶ
966 1400 1107 1491 εὐαγγε-

109 1509 230 1590 ιλικής
249 1507 467 1582 διδασκαλίας
485 1507 637 1589 ἔγνωμεν
654 1503 710 1571 καὶ
727 1503 997 1592 κατεδεξάμεθα,
1022 1514 1107 1592 πλη·
1154 1566 1155 1570 ,

138 1606 301 1694 ρουμένης
322 1603 405 1673 κατά
420 1601 457 1673 τὸ
473 1599 554 1673 αὐτὸ
567 1605 624 1672 καλ
636 1605 749 1692 ἑτέρας
761 1602 988 1694 προρρήσεως,
1008 1602 1054 1676 δι’
1068 1596 1107 1693 ἧς

138 1715 264 1794 είρηται
278 1700 526 1793 “κατάστησον,
545 1701 657 1793 κάριε,
677 1709 865 1794 νομοθέτην
878 1702 1003 1793 αὐτοῖς,
1021 1704 1106 1793 γνά·
1120 1735 1146 1776 15

137 1827 249 1876 τωσαν
267 1812 351 1894 ἔθνη
369 1803 420 1876 ὅτι
437 1803 616 1896 άυθρωποί
632 1813 726 1877 εἰσιν.
759 1812 808 1877 13.
828 1805 865 1876 τδ
885 1807 921 1875 δὲ
936 1802 1107 1877 Ἰουδαίων

138 1915 238 1990 ἔθνος
255 1906 299 1997 μή
318 1906 591 1998 παραδεξάμενον
608 1905 667 1980 τόν
694 1905 988 1998 προφητευόμευον
1008 1913 1106 1994 δίκην

138 2016 224 2080 ἔτισε
241 2009 303 2097 τήν
329 2008 425 2091 άξίαυ
444 2008 526 2078 κατὰ
542 2008 603 2095 τήν
627 2016 729 2080 θείαν
746 2006 931 2099 πρόρρησιν
948 2005 1106 2095 φήσασαν

133 2108 214 2179 “nal
237 2108 254 2178 ὁ
279 2107 461 2198 ἅνθρωπος
482 2105 517 2190 δς
543 2108 600 2180 ε’άυ
618 2109 662 2200 μή
686 2109 813 2201 άκοάση
840 2107 949 2179 πάντα
967 2105 1029 2178 ὅσα
1048 2108 1107 2179 ε’άυ

137 2209 301 2301 λαλήσηὸ
325 2210 496 2300 προφήτης
525 2216 561 2282 ἐν
585 2220 630 2304 τῷ
658 2211 798 2301 ὀνόματί
818 2240 900 2300 μου,
926 2211 990 2298 ἐγώ
1016 2215 1105 2281 ε’κδι-
1119 2242 1145 2282 ιο

137 2311 228 2402 κήσω
248 2317 280 2396 ἔξ
300 2309 434 2385 αὐτοῦ.”
480 2319 529 2382 14.
550 2316 759 2403 ἐκδεδίκηται
776 2320 860 2400 γοῦν
880 2316 915 2382 ἐκ
939 2317 998 2383 τοῦ
1021 2316 1107 2383 λαοῦ

139 2419 270 2486 ἐκείνου
296 2423 365 2486 πάν
388 2411 468 2504 αἷμα
489 2415 632 2504 ἐκχυθὲν
658 2419 712 2485 ἐπὶ
737 2420 793 2503 τῆς
816 2421 895 2502 γῆς,
918 2409 983 2483 άπὸ
1007 2421 1107 2503 αἵμα-

137 2547 191 2598 τος
201 2513 302 2605 ’Ἅβελ
326 2521 387 2598 ἔως
412 2523 547 2605 αἵματος
572 2524 757 2604 Ζαχαρίου,
782 2519 837 2586 καὶ
861 2512 964 2586 αὐτοῦ
989 2544 1028 2603 γε
1053 2518 1107 2585 ἐπὶ

137 2625 218 2687 πάσι
236 2624 295 2688 τοῦ
310 2621 467 2704 Χριστοῦ,
486 2607 528 2685 οὗ
545 2614 581 2685 τό
600 2612 681 2704 αἷμα
699 2615 778 2687 καθ’
795 2620 924 2687 ἑαυτῶν
939 2615 1106 2706 ἐξαιτησά-

136 2747 232 2808 μενοι
249 2722 304 2788 καὶ
323 2716 405 2787 κατά
423 2720 490 2787 των
509 2722 606 2786 ἰδίων
625 2723 757 2786 παίδων
771 2721 870 2788 είσέτι
883 2723 949 2788 υύυ
962 2722 1020 2807 τής
1034 2728 1106 2788 τολ·
1120 2748 1147 2788 τε

137 2827 301 2907 μηθείσης
326 2816 439 2898 αὐτοῖς
463 2814 617 2905 ἀσεβείας
639 2816 701 2907 τήν
730 2827 893 2908 τιμωρίαν
914 2819 1107 2910 ὑπέχουσιν.

206 3086 381 3149 οωωο
497 3087 741 3149 εωωωω.
864 3087 1107 3149 τωωηωο

138 3155 326 3211 amam
433 3154 676 3216 ωωμωω
782 3155 1043 3215 mmmm&
