2326 3818
337 121 524 174 DEMONST.
544 121 677 173 EVANG.
696 123 743 172 VI.
764 125 803 173 12.
995 121 1058 185 365

87 261 235 351 θήσομαι
253 256 368 349 αύτδν,
387 257 520 346 ὑψηλόν
536 258 626 354 νιαρά
639 275 709 340 τοίς
719 265 894 348 βασιλεύοι
911 267 969 350 τῆς
987 266 1056 351 γῆς.

90 371 137 446 εἰς
154 360 213 432 τόν
231 365 339 432 αἰώνα
356 359 493 450 φυλάξω
512 358 602 453 αύτῷ
619 360 656 430 τὸ
675 359 764 442 ἔλεός
778 390 855 450 μου,
874 365 929 432 καὶ
947 359 967 453 ή
988 371 1057 433 δια-

89 462 180 552 θήκη
203 492 268 552 μου
292 459 391 549 πιστή
415 457 525 554 αύτῷ,
549 464 606 530 καί
629 460 777 550 θήσομαι
803 470 850 544 εἰς
875 461 932 533 τόν
951 469 1058 535 αἰῶνα
1073 492 1129 544 [τοι]

88 569 148 636 τού
166 569 287 646 αἰωνος
305 563 341 633 τὸ
359 565 490 654 σκέρμα
508 560 629 649 αὐτοῦ,
653 564 709 632 καί
734 560 793 633 τὸν
810 561 938 652 θρόνον
956 564 1059 635 αύτοῦ

62 666 135 748 ιὼς
153 664 211 748 τάς
228 664 351 755 ἡμέρας
369 669 429 735 τού
446 659 630 754 ούρανοῦἶ*
670 669 700 734 5.
725 667 780 733 καὶ
807 662 908 734 πάλιν
922 660 941 689 “
948 662 1060 754 ὤμοσα

89 770 205 857 Λαβὶδ
227 773 274 861 τῷ
300 765 410 860 δούλῳ
433 795 515 855 μου,
543 770 604 846 ἕως
627 767 688 836 τού
704 768 825 846 αἰάνος
845 764 1006 854 ἑτοιμάσω
1024 767 1060 836 τὸ

90 872 219 961 σπέρμα
244 891 306 938 σου
314 922 323 955 ,
348 870 403 942 καί
427 865 637 958 οἰκοδομήσω
657 874 704 948 εἰς
727 863 848 956 γενεάν
866 869 921 936 καὶ
940 865 1061 955 γενεάν

89 970 147 1042 τόν
164 968 293 1060 θρόνον
318 965 413 1040 σου.”
450 976 479 1041 6.
500 972 555 1040 καί
581 961 682 1049 αὖθις
702 963 812 1052 “άτταξ
831 965 945 1058 όμοσα
961 974 997 1039 έν
1015 976 1060 1063 τῷ

90 1071 174 1166 άγίῳ
192 1101 274 1161 μου,
295 1079 325 1142 εἰ
342 1076 389 1164 τῷ
407 1075 523 1160 Δαβίδ
540 1069 715 1158 ψεύσομαι.
752 1066 789 1140 τό
808 1073 938 1161 σπέρμα
957 1067 1061 1142 αύτού

51 1207 77 1247 10
91 1181 138 1254 εἰς
155 1170 214 1243 τόν
233 1173 340 1242 αἰάνα
357 1189 454 1260 μενεῖ
461 1225 470 1260 ,
495 1175 551 1241 καὶ
568 1171 586 1242 ὁ
604 1170 729 1261 θρόνος
748 1169 851 1241 αὐτοῦ
870 1169 915 1254 ὥς
932 1167 950 1241 ὁ
969 1169 1061 1260 ἥλιος

92 1278 245 1343 ἐναντίον
263 1302 340 1362 μου,
359 1275 415 1342 καί
434 1266 478 1354 άς
495 1267 517 1361 ή
534 1271 658 1362 σελήνη
676 1276 917 1362 κατηρτισμένη
937 1281 984 1354 εἰς
1002 1272 1062 1344 τόν

91 1371 229 1445 αἰῶνα.”

170 1480 197 1543 7.
228 1471 363 1544 Τούτων
387 1472 429 1562 δή
453 1472 544 1544 καλό
571 1474 744 1556 ἑκατοστὸς
761 1473 955 1564 τριακοστὸς
973 1480 1060 1565 τιρῶ-
1077 1502 1129 1550 ατο)

91 1605 145 1656 τος
169 1573 305 1664 Ψαλμός
328 1573 560 1665 μνημονεύσας
585 1579 639 1647 έιιὶ
662 1576 721 1647 τὸν
738 1578 884 1664 Χριστὸν
902 1572 1063 1667 ἀναφέρει

54 1711 78 1748 15
92 1677 131 1747 τά
150 1676 350 1766 δηλούμενα.
392 1675 494 1749 άκουε
514 1674 546 1747 δ’
566 1669 629 1748 οὖν
652 1681 707 1748 καί
725 1676 845 1748 τούτου
859 1673 1061 1768 “μνήσθητι,

92 1777 204 1870 κύριε,
229 1782 291 1849 τού
308 1781 422 1867 Δαβίδ
445 1781 501 1849 καί
524 1777 632 1870 πάσης
655 1785 714 1868 τῆς
737 1778 923 1868 πραότητος
942 1776 1061 1850 αύτού·

92 1877 136 1962 ὦς
159 1878 269 1969 ύμοσε
292 1885 338 1973 τῷ
362 1889 485 1974 κυρίῳ,
511 1877 633 1969 ηύξατο
658 1885 707 1974 τῷ
729 1885 800 1973 θεῷ
820 1877 971 1968 Ίακιόβ.”
1014 1877 1063 1962 οἷς

91 1978 171 2071 μεθ’
198 1985 294 2071 ἕτερα
318 1985 462 2071 ἐπιλέγει
482 1977 614 2070 “αἰ’μοσε
641 1981 754 2072 κύριος
777 1985 823 2075 τῷ
842 1983 958 2069 Δαβίδ
981 1979 1062 2071 άλή-

91 2095 206 2173 θειαν,
225 2085 281 2152 καλ
300 2079 340 2152 ού
358 2081 403 2171 μή
421 2081 572 2172 άθετήση
590 2082 707 2154 αὐτόν·
727 2087 764 2152 έκ
778 2090 908 2172 καρποῦ
921 2087 978 2172 τῆς
997 2112 1064 2153 κοι-

55 2215 79 2256 20
93 2193 166 2268 λίας
184 2207 247 2254 σου
264 2182 414 2273 θήσομαι
433 2187 487 2254 έπί
504 2181 563 2254 τόν
580 2184 710 2272 θρόνον
727 2181 819 2254 σου.”

170 2292 198 2356 8.
227 2287 295 2355 Καὶ
313 2281 528 2374 ὑποκαταβὰς
548 2288 621 2374 έξής
640 2283 698 2356 τόν
719 2290 755 2355 ἐκ
773 2289 904 2377 καρτού
921 2290 978 2374 τής
997 2315 1063 2355 κοι-

93 2394 166 2470 λίας
184 2388 300 2475 Δαβὶδ
323 2384 595 2475 άναστησύμενον
618 2385 817 2476 λευκότερον
839 2385 991 2477 ὀνομάζει
1009 2390 1064 2456 λέ-

94 2517 164 2577 γων
177 2487 272 2560 ”έκεῑ
290 2491 473 2570 έξανατελω
492 2490 590 2579 κέρας
608 2492 654 2581 τῷ
673 2491 803 2577 Λαβὶδ,
823 2483 985 2577 ήτοίμασα
1004 2487 1063 2557 λύ-
1080 2515 1092 2554 ι

93 2618 174 2679 χνον
196 2597 241 2683 τῷ
260 2593 393 2682 Χριστῷ
416 2609 496 2677 μου·
533 2585 610 2671 τούς
635 2590 779 2682 ἐχθρούς
803 2589 907 2661 αύτού
933 2589 1063 2661 ἐνδύσω

56 2719 81 2760 ετ
95 2689 273 2782 αἰσχύνην·
302 2693 356 2760 ἐπὶ
375 2690 412 2760 δὲ
431 2689 535 2787 αὐτόν
553 2690 730 2781 ἐξανθήσει
747 2689 783 2762 τό
801 2689 947 2781 άγίασμά
964 2686 1063 2780 μου.”

172 2797 201 2860 9.
235 2796 343 2861 Ταῦτα
368 2800 547 2882 τοιγαροῦν
570 2799 734 2883 Σολομῶν
763 2793 780 2865 ὁ
806 2792 995 2882 σοφώτατος
1019 2800 1064 2886 τῷ

98 2893 218 2960 ἑαυτοῦ
236 2895 335 2982 αατρί
352 2897 544 2983 χρησθέντα
562 2893 767 2983 συννοήσας,
786 2893 830 2984 μή
849 2895 967 2985 μικρά,
992 2901 1066 2984 μεί-

96 3001 174 3077 ζονα
189 2993 226 3063 δὲ
238 2997 296 3082 τῆς
306 2992 389 3065 κατά
402 2992 586 3088 άνθρωιτον
603 2995 738 3086 φύσεως
751 2997 957 3087 τυγχάνοντα
972 3019 1064 3065 συνι-

97 3092 183 3183 δών,
203 3097 258 3166 καλ
276 3100 403 3186 μάλλον
420 3095 604 3190 ἁρμόζοντα
621 3107 692 3194 θεῷ
716 3095 800 3189 ήτερ
819 3096 926 3192 αύτῷ,
946 3103 1064 3181 καίτερ

56 3227 83 3267 ιο
95 3193 167 3268 όντι
184 3202 249 3293 υἱῷ
266 3201 398 3289 Λαβίδ,
418 3207 545 3283 συνιείς
563 3228 600 3270 τε
617 3199 675 3272 τόν
692 3199 776 3293 τιρδς
793 3204 853 3271 τού
870 3201 954 3269 θεού
976 3222 1064 3284 πρω-

165 3433 196 3482 15
215 3433 259 3481 Ρε.
275 3433 331 3485 131.
