2326 3818
94 127 156 191 138
495 121 651 189 ιευεεοιῑ

94 276 233 340 ἔσεσθαι
246 262 323 345 τοῦς
337 261 442 346 πόδας
455 269 523 333 τῶν
536 260 838 352 εὐαγγελιζομένων
852 260 892 332 τά
905 269 965 333 τοῦ
980 273 1062 353 Χρι·

90 375 176 440 στοῦ
194 363 315 456 ἀγαθά.
358 372 429 448 πῶς
451 361 514 453 γάρ
538 361 601 435 οῦκ
620 372 758 453 ἔμελλον
781 362 898 454 ὡραῖοι
922 371 1063 437 ἔσεσθαι

93 475 129 541 οί
146 474 182 541 ἐν
207 466 309 561 ὀλίγῳ
332 469 388 537 καί
405 475 526 558 βραχεῖ
546 464 655 559 χρόνρι
678 464 740 553 τὴν
763 471 875 536 πᾶσαν
899 473 1064 555 κεριδρα-

94 570 254 662 μούμενοι
272 571 489 658 οἰκουμένην,
508 570 565 637 καί
583 566 692 636 πάντα
705 564 808 638 τόπον
825 566 1063 656 πληρώσαντες

94 681 152 761 τῆς
170 675 246 760 περὶ
270 678 329 740 τοῦ
353 676 500 759 σωτῆρος
521 675 581 739 τοῦ
604 665 732 758 κόσμου
755 676 940 756 θεοσεβοῦς
964 675 1091 742 διδα-σ

11 765 17 777 ’
95 782 250 855 σκαλίας;
276 770 326 841 ὅτι
352 772 388 840 δέ
411 767 457 859 μὴ
475 768 619 858 ῥήμασιν
637 765 866 859 ἀνθρωπίνοις
884 773 1065 860 ἐκέχρηντο

62 884 143 957 οείς
161 872 270 945 πειθῦ
291 878 359 942 τῶν
383 868 622 961 ἀκροωμένων,
646 877 731 942 θεοῦ
756 872 793 941 δὲ
818 869 961 962 δύναμις
979 864 1064 963 ἦνὴ

96 980 308 1066 συνεργοῦσα
325 967 438 1053 αῦτοῖς
456 976 493 1043 ἐν
506 979 551 1065 τῷ
567 967 771 1065 εῦαγγελικῷ
785 971 982 1065 κηρύγματι,
1002 972 1067 1044 άλ-

96 1087 152 1159 λος
177 1074 278 1144 πάλιν
300 1071 471 1163 προφήτης
494 1070 670 1163 άναφωνεῖ
684 1072 824 1163 “κύριος
848 1073 949 1145 δώσει
973 1079 1067 1165 βῆμα

95 1193 165 1259 τοῖς
183 1172 484 1264 εύαγγελιζομένοις
503 1174 644 1265 δυνάμει
663 1171 802 1264 πολλῇ.”
1078 1205 1103 1247 ιο

172 1285 201 1349 5.
222 1280 289 1347 Καὶ
315 1274 416 1347 πάλιν
438 1271 606 1358 ὁἩσαΐας
625 1272 701 1346 “έπ’
728 1274 804 1365 ὅρος
828 1272 960 1366 ῦυηλὸν
978 1274 1065 1348 άνά-

97 1390 181 1473 βηθι
198 1377 215 1450 ὁ
234 1375 523 1468 εὐαγγελιζόμενος
542 1376 654 1463 Σιών,
677 1373 817 1461 ῦψωσον
834 1384 875 1469 τῇ
893 1377 985 1468 ἰσχύι
1002 1377 1067 1468 τὴν

97 1479 217 1574 φωνήν
230 1502 292 1554 σου
305 1479 323 1552 ὁ
338 1478 626 1570 εὐαγγελιζόμενος
636 1474 866 1571 Ἰερουσαλήμ·
894 1477 1065 1569 ῦψοόσατε,

96 1582 141 1676 μὴ
159 1592 341 1674 φοβεῖσθε,
361 1580 457 1653 εἶπον
473 1597 545 1664 ταῖς
559 1579 697 1651 πόλεσιν
710 1578 836 1668 Ἰούδα,
855 1579 932 1652 ίδοῦ
949 1576 967 1652 ό
985 1581 1068 1664 θε“ς

96 1685 211 1775 ὑμῶν,
237 1681 313 1755 ίδοῦ
336 1681 450 1774 κύριος
468 1680 548 1771 μετὰ
567 1680 680 1771 ίσχύος
698 1689 842 1771 ἔρχεται,
867 1681 958 1753 καὶὸ
978 1690 1067 1771 βρα-
1081 1708 1106 1753 ω

64 1823 81 1851 ε
98 1793 182 1878 χίων
198 1781 279 1874 μετά
297 1790 431 1873 κυρίας·
460 1783 535 1854 ίδοῦ
553 1782 571 1854 ό
588 1780 710 1873 μισθός
733 1779 838 1856 αῦτοῦ
856 1781 926 1872 μετ’
948 1780 1068 1873 αῦτοῦ,

98 1886 207 1959 καὶτὸ
227 1894 326 1976 ἔργον
344 1884 447 1956 αὐτοῦ
466 1890 620 1956 ἐναντίον
636 1882 759 1956 αὐτοῦ·
787 1880 831 1966 ῦς
849 1882 973 1975 ποιμὴν
991 1912 1070 1957 ποι·

97 2006 199 2080 μανεϊ
214 1989 250 2059 τὸ
269 1995 425 2076 ποίμνιον
448 1982 570 2073 αὐτοῦ,
595 1989 651 2056 καὶ
669 1989 707 2056 ἐν
723 1993 770 2082 τῷ
788 1992 941 2076 βραχίονι
959 1985 1069 2059 αὐτοῦ

96 2089 235 2172 συνάξει
259 2086 364 2177 άρνας
382 2089 437 2158 καὶ
462 2090 499 2157 έν
517 2089 635 2176 γαστρὶ
653 2084 791 2176 ἐχούσας
808 2086 1068 2177 παρακαλέσει.”

175 2197 203 2261 6.
231 2197 341 2261 Ταῦτα
358 2189 396 2259 δὲ
412 2186 529 2272 ὁποίας
547 2197 654 2279 ἔχεται
673 2195 824 2270 διανοίας
840 2185 909 2282 ὁδῷ
927 2187 1070 2279 προϊόν-
1082 2217 1116 2261 ει.

98 2321 151 2376 τες
164 2290 246 2363 κατά
258 2289 321 2383 τὴν
335 2287 719 2382 εῦαγγελικὴυείσόμεθα
729 2297 959 2362 διδασκαλίαν.
979 2289 1073 2380 πλὴν

98 2390 183 2465 άλλδι
213 2395 379 2483 πέφανται
409 2391 446 2464 τό
478 2391 673 2482 εὐαγγέλιον
704 2395 760 2463 καί
778 2389 924 2482 τοῦνομα
947 2393 985 2462 δὲ
1008 2398 1073 2465 τοῦ

100 2493 297 2587 εὐαγγελίου
316 2494 372 2566 διὰ
388 2502 457 2566 τοῖν
474 2500 691 2584 προφητικῶν
714 2500 840 2584 φωνοῦν
856 2521 1073 2585 μεμαρτυρη-

99 2601 217 2688 μένον,
250 2605 334 2686 ἔχεις
364 2625 399 2667 τε
424 2594 544 2676 λευκάς
567 2596 623 2665 καί
650 2597 801 2686 ἐναργεῖς
824 2593 1012 2678 ἀποδείξεις
1032 2598 1072 2667 ἐκ

99 2707 189 2781 τίνος
207 2699 268 2787 μὲν
286 2695 418 2786 ἄρξεται
436 2694 472 2767 τό
491 2694 696 2785 εὐαγγέλιον,
715 2694 766 2767 ότι
785 2694 827 2785 δὴ
846 2700 879 2779 ἐξ
890 2693 994 2767 αὐτοῦ
1007 2702 1070 2769 τοῦ
1083 2720 1111 2765 ιι

69 2823 87 2863 d
102 2801 263 2888 Χριστοῦ,
284 2795 327 2867 δι’
349 2788 398 2867 ῦν
415 2824 451 2866 τε
469 2794 733 2890 κηρυχθήσεται,
757 2795 809 2869 ότι
827 2797 883 2867 διά
899 2800 967 2868 τεόν
985 2793 1072 2875 ἄπο,-

100 2898 229 2971 στόλων
243 2896 350 2970 αῦτοῦ
360 2919 367 2935 ·
404 2894 488 2969 ἄλλά
505 2902 561 2969 καὶ
579 2906 658 2992 ποίᾳ
672 2896 814 2989 δυνάμει
831 2896 1000 2989 κρατήσει,
1018 2898 1071 2971 ὄτι

101 2999 146 3092 μὴ
164 2996 376 3094 άνθρωπείρι·
412 2995 432 3072 δ
450 2999 492 3090 δὴ
510 3003 565 3071 καί
583 2997 665 3079 αῦτδ
682 3002 827 3092 συνέστη
841 2999 898 3072 διὰ
910 3007 970 3071 τοῦ
983 2998 1070 3073 “κύ-

100 3132 171 3192 ριος
191 3102 290 3175 δύσει
309 3106 397 3196 ῥῆμα
420 3117 488 3183 τοῖς
508 3100 809 3191 εῦαγγελιζομίνοις
829 3100 970 3193 δυνάμει
987 3112 1072 3174 πολ-

100 3201 176 3297 λῇ.”
214 3212 241 3276 7.
257 3211 293 3276 τί
309 3202 350 3294 δὴ
368 3194 430 3276 οῦν
448 3211 597 3275 λείπεται
615 3205 668 3274 ἐπὶ
688 3202 816 3286 τούτοις
839 3199 859 3293 ἢ
879 3208 916 3275 ἐκ
934 3210 1071 3286 πολλῶν
1083 3227 1111 3269 εο

170 3436 306 3501 σελοε,
322 3438 361 3487 11.
469 3439 498 3486 11
518 3438 564 3488 ιω.
577 3439 620 3501 ιο,
632 3439 657 3487 9.
