2326 3818
110 124 153 187 44
524 126 673 177 ιιιόυοιι

111 263 195 333 άλλά
218 294 293 335 τινα
317 261 435 334 καινόν
457 267 513 333 καὶ
537 268 615 336 νέον
642 262 828 355 ἄνθρωπον
849 262 978 337 θεόθεν
1001 264 1084 339 άπε-

59 371 303 456 ιωισταλμένον.
345 372 396 435 43.
416 370 678 455 μετατιθεμένου
702 368 741 437 δέ
757 368 820 439 τοῦ
835 376 1085 459 θυσιαστηρίου

112 470 202 559 παρὰ
220 466 259 539 τά
277 472 323 562 τῷ
341 478 463 539 Μωσεί
486 474 668 557 δοκοῦντα,
687 466 819 561 άνάγκη
835 474 926 567 πᾶσα
944 472 1085 541 καὶτοῦ

112 576 264 654 Μωσέως
281 570 387 660 νόμον
410 570 598 662 μεταβολήν
621 574 790 659 γενέσθαι.
827 572 899 643 εἶτα
918 572 957 641 δδ
973 570 1086 645 θάσσ-

112 706 165 758 τες
183 673 362 765 Αἰγύπτιοι
384 680 431 767 τῷ
456 677 510 743 έπλ
534 672 670 745 πάντων
693 678 764 767 θεῷ
787 672 922 755 πάντως
939 700 1008 745 που
1025 676 1126 755 καλοῖ

115 778 299 868 ἱερωσύνης
330 774 586 863 άξιωθήσονται.
636 781 827 865 ἱερωμένων
860 780 943 867 δήτσ
972 782 1086 865 Λίγυ-

113 890 218 952 πτίων
237 877 277 949 τά
295 881 372 966 περὶ
390 884 542 949 Λευιτῶν
559 880 614 947 καλ
632 882 701 949 τῶν
724 884 761 949 ἐκ
780 882 938 969 διαδοχῆς
951 876 1086 968 ’Λαρῶν

113 994 238 1052 Μωσεῑ
260 982 498 1068 διατεταγμένα
521 976 631 1050 οὐκέτ’
662 976 705 1051 ἂν
729 984 859 1069 γένοιτο
882 996 953 1061 τοῖς
976 986 1087 1071 Αίγυ-
1110 1038 1113 1045 .

113 1092 220 1164 πτίοις
238 1081 390 1171 χρήσιμα.
432 1088 482 1150 40.
510 1080 579 1171 ῶρα
598 1081 640 1170 δή
657 1072 720 1153 οὖν
737 1086 854 1172 καινῆς
879 1090 1088 1171 νομοθεσίας

115 1191 188 1255 δεῖν
207 1190 254 1264 είς
270 1183 332 1273 τήν
348 1189 416 1254 τῶν
434 1188 652 1273 δηλουμένων
672 1183 842 1255 σύστασιν.
889 1192 926 1255 τί
941 1187 1000 1271 δίς
1019 1174 1087 1275 ἆρα
1099 1216 1126 1257 ιο

60 1315 99 1366 [ιτ]
117 1292 188 1375 είκή
206 1284 301 1357 ταῦτ’
328 1284 606 1374 άναπεφῶνηται;
630 1280 651 1375 ή
676 1290 732 1356 καλ
754 1292 846 1369 τέλος
866 1284 1088 1375 ίπενήνεκται

88 1419 99 1453 ο
114 1408 182 1471 τοῖς
201 1387 327 1479 λόγοις;
352 1393 474 1472 σκέψαι
498 1386 529 1458 δ’
552 1379 615 1458 οὖν
639 1395 670 1458 εί
685 1387 731 1478 μή
754 1388 917 1478 σήμερον,
935 1392 1024 1477 λέγω
1042 1386 1089 1481 δή

114 1490 192 1563 καθ’
213 1487 317 1581 ήμᾶς,
336 1488 451 1574 αὐτοῖς
468 1508 537 1573 τοῖς
554 1488 743 1579 ὀφθαλμοῖς
760 1486 904 1579 ὁρῶνται
920 1486 961 1560 οὗ
978 1488 1090 1579 μόνον

116 1592 313 1681 Αἰγύπτιοι,
337 1586 420 1661 άλλά
445 1596 501 1662 καλ
525 1596 593 1663 πᾶν
611 1596 707 1682 γένος
724 1599 792 1663 τῶν
804 1594 887 1682 πρὶν
901 1598 1089 1663 εἰδωλολα-

115 1699 206 1782 τρῶν
218 1690 423 1782 άνθρῶπων,
431 1692 490 1775 οὓς
504 1689 525 1780 ή
539 1693 722 1783 πρόρρησις
737 1692 792 1763 διά
804 1698 872 1765 τῶν
884 1701 1088 1782 Αἰγυπτίων
1100 1724 1126 1765 τε

115 1794 283 1887 ήνίττετο,
312 1799 369 1883 τής
393 1799 455 1885 μὲν
479 1800 650 1866 πολυθέου
674 1799 729 1865 καὶ
758 1798 952 1884 δαιμονικής
976 1792 1091 1885 άπηλ-

116 1901 281 1987 λαγμένον
299 1897 439 1986 πλάνης,
458 1897 516 1967 τὸν
532 1899 568 1967 δέ
581 1905 651 1968 τῶν
668 1902 851 1987 προφητῶν
860 1895 945 1968 θεὸν
957 1894 1092 1969 άνακα-

116 1999 295 2088 λούμενον·
323 2006 373 2069 50.
385 2003 441 2069 καλ
457 1996 609 2088 εὔχονται
623 2001 659 2069 δέ
676 1996 787 2069 οὐκέτι
800 2008 931 2070 πλείοσι
943 2007 1090 2089 κυρίοις,

118 2103 169 2170 ἕνλ
190 2101 226 2168 δέ
243 2103 291 2190 τῶ
307 2099 399 2193 μόνῳ
417 2109 524 2194 κυρίῳ
542 2100 675 2171 κατὰτὸ
690 2098 781 2190 ίερδν
798 2100 923 2191 λόγιον,
942 2104 998 2170 καλ
1012 2100 1092 2173 τού·

116 2230 162 2295 τω
180 2200 423 2291 θυσιαστήριον
439 2201 592 2291 ἀναίμων
610 2207 666 2272 καὶ
689 2206 833 2291 λογικῶν
850 2207 984 2273 θυσιῶν
1001 2204 1091 2275 κατά
1104 2232 1126 2275 κ

92 2302 156 2374 «τά
184 2300 283 2372 καινά
308 2303 475 2394 μυστήρια
501 2310 559 2392 τής
585 2309 663 2385 νέας
694 2307 749 2374 καλ
776 2311 892 2394 καινής
920 2304 1092 2397 διαθήκης

115 2402 198 2478 καθ’
217 2403 296 2494 ὅλης
313 2409 371 2495 τῆς
388 2405 584 2496 ἀνθρώπων
601 2410 797 2495 οἰκουμένης
811 2403 1033 2495 ἆνεγήγερται
1051 2412 1094 2481 έν

116 2509 202 2601 αὐτή
223 2536 260 2578 τε
285 2508 446 2602 Αίγύπτφ
479 2511 534 2578 καὶ
557 2525 626 2589 τοῖς
651 2518 779 2588 λοιποῖς
798 2516 915 2579 ἔθνεσι
931 2505 991 2578 τὸν
1008 2509 1089 2599 τρό-

116 2637 181 2679 πον
206 2608 459 2696 αλγυπτιάζουσι
486 2608 569 2679 κατά
595 2608 657 2696 τήν
684 2615 915 2698 δεισιδαίμονα
942 2608 1089 2701 πλάνην.

116 2717 167 2782 51.
187 2713 252 2779 νῶν
270 2707 351 2780 καθ’
371 2705 455 2799 ἡμᾶς
473 2709 494 2799 ή
512 2715 571 2780 τοῦ
587 2717 656 2780 τῶν
672 2708 761 2780 ὅλων
773 2715 860 2782 θεοῦ
873 2715 996 2800 γνῶσις
1015 2719 1090 2783 δια-
1103 2742 1126 2785 σε

117 2810 293 2901 λάμπουσα
316 2810 378 2898 τήν
403 2820 515 2882 πίστιν
537 2810 786 2902 ἀναμφίλεκτον
809 2816 877 2883 τῶν
902 2824 1092 2903 προθεσπι-

117 2917 272 2984 σθέντων
290 2916 567 3003 έπισφραγίζεται.
603 2919 707 2985 ταυτα
727 2917 764 2985 δὲ
782 2922 890 3004 ἔργοις
917 2916 1092 2987 έπιτελοά·

116 3045 201 3106 μενα
228 3012 336 3103 ὁρῶν,
366 3011 442 3085 ἄλλ’
469 3013 579 3087 οὐκέτ’
612 3013 696 3107 άκοή
719 3016 997 3107 προσδοκώμενα,
1028 3016 1092 3091 τὸν

117 3121 250 3210 καιρὸν,
277 3115 405 3188 ὁπόθεν
428 3117 491 3207 τήν
507 3114 614 3209 άρχήν
630 3123 699 3189 τῶν
721 3117 924 3210 πραγμάτων
942 3124 1089 3209 εἴληχεν,

117 3218 192 3291 οὐδ’
211 3218 314 3291 ἄλλον
333 3216 539 3310 άναζητήσας
558 3215 710 3309 εὑρήσεις
727 3215 748 3308 ή
766 3220 824 3290 τὸν
841 3224 899 3309 τής
917 3228 1089 3309 σωτηρίου
1102 3248 1126 3291 ω

91 3346 104 3383 ιι
119 3325 324 3409 ἐπιφανείας.
367 3328 418 3394 52.
438 3321 535 3404 αὐτὸς
561 3320 626 3411 άρα
649 3312 744 3403 οὗτος
768 3312 811 3409 ήν
836 3325 978 3410 ἐκεῖνος,
1003 3318 1087 3393 δνὸ

118 3421 264 3516 χρησμὸς
293 3422 434 3513 ἐδήλου,
459 3424 569 3514 φήσας
597 3421 795 3495 ἀποστελεῖν
821 3422 880 3494 τδν
907 3426 975 3494 τῶν
997 3420 1088 3495 ὅλων
