2326 3818
356 156 542 210 υεαουευ.
561 156 695 210 ανεαο.
713 157 762 209 lx,
782 159 823 213 ιε.
1006 156 1067 220 611

97 316 168 379 νος·
197 300 253 367 καὶ
270 292 310 366 οὔ
328 294 432 386 μόνον
450 293 600 384 κάλαμου
617 297 900 386 συντετριμμένον
913 292 954 366 οὐ
973 299 1097 368 κατέ-ε

97 402 192 487 αξευ,
216 394 311 485 ἀλλά,
336 403 368 466 εί
384 403 476 467 ἔστιν
495 403 620 485 εἰπεῖν,
645 399 850 483 συνέδησεν,
868 393 1068 486 ἀνορθώσας

97 503 153 571 καὶ
171 495 328 590 ίσχνροός
346 495 619 589 ἀπεργασάμενος
636 496 716 579 τούς
739 495 897 580 ἀσθενεῖς
916 501 972 568 καὶ
990 499 1068 582 πυός

96 602 398 690 συντετριμμένους
428 599 490 688 τὴν
521 604 674 689 καρδίαν.
724 604 752 668 7.
778 594 890 687 ὥσπερ
922 598 960 667 δὲ
990 601 1069 685 τοὺς

70 699 254 784 εάσθενεῖς
273 704 329 771 καὶ
346 700 495 793 σαθροὺς
520 703 577 772 καὶ
595 705 652 790 τῆς
669 698 775 770 αὐτοῦ
793 706 976 789 θεραπείας
995 705 1068 770 δεο-

95 807 218 894 μένους
235 800 276 874 οὐ
295 802 470 894 παρεωρα,
497 798 578 874 οάδδ
595 793 839 893 μετανοοῦντας
857 809 1068 891 κατακρίνων

95 909 305 993 συνέτριβεν,
323 902 429 987 οὕτως
446 903 526 976 οὐδὲ
543 901 622 986 τούς
638 920 707 986 τοῖς
726 920 840 985 κακοῖς
854 906 1069 994 ἐπιμένοντας

90 1010 152 1096 ὁκαὶ
168 1005 235 1078 ὑπὸ
259 1011 327 1078 τῶν
352 1013 476 1078 παθῶν
493 1010 703 1095 τυφομένους
722 1010 901 1095 έσβέννυε,
929 1004 1069 1076 κωλύων

95 1107 186 1197 παρά
203 1108 266 1197 τὴν
284 1103 396 1178 αὐτων
409 1115 606 1198 προαίρεσιν
621 1111 782 1197 ἐνεργεῖν,
801 1105 882 1177 οὐδὲ
899 1105 967 1197 μὴν
980 1109 1069 1199 παρὰ
1087 1151 1097 1177 c

57 1241 82 1280 ω
96 1209 213 1299 καιρὸν
232 1205 423 1298 ἐτιμωρεῖτό
439 1237 516 1278 τινα
533 1206 680 1296 τούτων,
705 1205 768 1296 τὴν
791 1204 865 1277 κατ’
886 1205 983 1292 ἀξίαν
1007 1208 1066 1280 αό-

93 1314 162 1380 τῶν
175 1307 314 1380 κόλασιν
324 1316 372 1390 είς
385 1307 444 1380 τόν
456 1312 514 1397 τῆς
528 1306 678 1380 καθόλου
685 1317 827 1399 κρίσεως
837 1307 954 1398 καιρόν
967 1311 1068 1399 ὑπερ·

93 1414 283 1500 τιθέμενος·
311 1417 341 1480 8.
362 1408 414 1480 διδ
435 1413 584 1480 λέλεκται
608 1405 687 1480 ’καὶ
705 1418 800 1480 λίνον
817 1408 1009 1499 τυφόμενον
1026 1408 1067 1481 οὐ

94 1508 236 1601 σβέσει.”
261 1508 419 1602 ἄντικρυς
433 1512 471 1581 δὲ
484 1513 587 1601 πέρας
602 1520 720 1600 εἴληφε
733 1508 769 1582 τό
782 1506 862 1581 ’καὶ
876 1516 913 1582 έν
927 1516 975 1605 τῷ
990 1510 1068 1582 ὀνό-

93 1644 170 1703 ματι
189 1613 293 1684 αὐτοῦ
312 1622 397 1701 ἔθνη
417 1609 623 1706 έλπιοόσιν.”
659 1614 712 1682 ἐπὶ
730 1609 823 1705 μόνω
841 1620 928 1702 γοῦν
944 1617 991 1707 τῷ
1007 1618 1069 1683 τοῦ

55 1746 80 1787 ιε
94 1721 241 1805 σωτῆρος
271 1709 367 1804 ἡμῶν
392 1712 501 1803 Ἰησοῦ
532 1717 680 1806 Χριστοῦ
710 1709 848 1802 ὀνόματι
879 1711 998 1803 ἤλπισε
1028 1712 1069 1785 τά

93 1820 306 1907 Χριστιανῶν
328 1823 432 1905 ἔθνη,
458 1812 521 1904 τὴν
539 1820 734 1905 ἐπωνυμίαν
756 1813 862 1887 αὐτοι]
881 1811 926 1898 ως
944 1816 1068 1906 πατρὸς

94 1909 133 2006 ἦς
147 1915 393 2010 παρειλήφασιν
408 1914 582 2005 εὐσεβείας
595 1917 854 2011 ἐπιγραφόμενα.
879 1923 909 1989 9.
930 1920 985 1988 καλ
1003 1916 1067 2008 γάρ

94 2026 142 2100 είς
165 2023 237 2107 φως
262 2015 323 2090 οάκ
348 2016 460 2101 ἀλλοις
483 2014 592 2107 ἢτοῖς
617 2028 733 2091 ἔθνεσι
762 2018 925 2091 δεδόσθαι
942 2048 1069 2113 προπε-

93 2117 256 2206 φοόνηται,
267 2119 311 2189 δι’
321 2117 426 2191 αὐτοῦ
440 2148 475 2191 τε
489 2125 529 2212 τῇ
543 2121 726 2211 προρρήσει
735 2117 931 2204 ἀκολούθως
939 2118 1068 2211 όφθαλ-

54 2222 150 2310 νομοὶ
166 2225 306 2307 τυφλῶν
326 2224 395 2292 των
418 2219 521 2291 πάλαι
544 2222 606 2309 τὴν
633 2221 787 2291 διάνοιαν
804 2226 1066 2312 πεπηρωμένον,

93 2324 149 2392 καὶ
175 2319 216 2392 οὐ
241 2320 346 2410 μόνον
369 2320 514 2411 τούτων,
539 2319 622 2393 ἀλλά
646 2325 700 2391 καὶ
724 2324 793 2391 τιόν
819 2319 900 2391 αάτό
917 2322 953 2392 τό
971 2327 1093 2412 σωμαε

93 2420 344 2513 ἠφανισμένων,
359 2428 414 2494 καὶ
428 2430 463 2494 οί
476 2430 609 2512 δεσμοῖς
623 2425 727 2493 τεκαὶ
741 2439 868 2513 σειραῖς
882 2421 1064 2512 ἁμαρτιῶν,

94 2529 132 2596 ἐν
148 2524 258 2595 σκότει
277 2528 332 2594 καὶ
350 2523 470 2617 ἀγνοίᾳ
488 2530 546 2614 τῆς
563 2523 713 2614 ἀληθοῦς
732 2519 905 2612 εὐσεβείας
929 2521 965 2594 τό
984 2529 1066 2613 πρὶν

92 2629 385 2716 κεκαλινδημένοι,
411 2622 455 2696 δι’
477 2622 582 2698 αὐτοῦ
607 2633 675 2698 τῶν
699 2624 870 2716 ἀμαρτιων
893 2629 1066 2716 λυθέντες,

53 2757 79 2799 π
91 2731 153 2799 τοῦ
165 2727 281 2818 ,φωτός
297 2731 355 2816 τῆς
379 2727 534 2816 γνώσεως
558 2732 614 2800 καὶ
631 2734 689 2818 τῆς
707 2726 798 2820 παρὰ
815 2732 861 2822 τῷ
880 2731 952 2824 θεῷ
971 2733 1066 2800 ἐλευ-

91 2810 211 2919 θερίας
229 2826 394 2918 ἠξίωνται.
432 2835 482 2900 10.
502 2832 558 2900 καὶ
577 2828 619 2901 σε)
636 2832 673 2900 δὲ
693 2833 746 2901 ἐπὶ
762 2834 882 2920 σχολῆς
900 2848 968 2914 τοῖς
987 2830 1067 2902 ἀπο-

94 2934 285 3021 δεδομένοις
302 2928 499 3012 ἀκολούθως
516 2937 701 3019 βασανίσας
718 2930 781 3019 τὴν
794 2934 885 3013 λέξιν
903 2935 957 3001 ἐπὶ
975 2931 1066 3026 μόνω

91 3027 135 3104 ἀν
153 3031 264 3123 εὕροις
281 3037 327 3126 τῷ
342 3039 458 3125 κυρίῳ
476 3034 533 3102 καὶ
551 3035 675 3121 σωτῆρι
697 3030 793 3121 ἡμων
811 3035 951 3103 ἕκαστον
969 3031 1063 3122 ἀκρι-

92 3137 161 3223 βεῖς
178 3139 248 3207 τῶν
266 3132 309 3204 δι’
331 3130 434 3222 αὐτῆς
454 3136 670 3223 δηλουμένων
688 3136 958 3224 πεπληρωμένον.
