2326 3818
123 129 165 192 74
532 128 681 181 Ευεεοιι

66 297 108 346 μη
199 282 220 341 1.
258 273 400 357 Πρῶτον
417 260 490 356 οῦν,
511 268 690 359 ἐπειδήπερ
717 264 809 339 αῦτολ
834 265 891 350 τάς
911 263 997 359 ῦπέρ
1022 270 1084 342 αῦ-

93 374 189 440 οτῶν
213 372 430 459 χρηστοτέρας
455 371 571 460 φωνάς
599 369 824 458 ἀναλέγεσθαι
849 368 991 442 είῶθασι
1026 375 1083 444 καὶ

121 469 242 552 ταῦτας
262 471 317 542 διά
335 471 492 563 στόματος
510 471 819 563 ἀπομνημονεύειν,
845 468 1084 562 ἀντιπαραθῶ-

120 602 183 661 μεν
201 570 313 656 αὐτοῖς
331 572 388 656 τάς
406 577 569 665 περὶτῶν
588 578 699 644 ἐθνῶν
718 577 749 657 ἐξ
769 570 881 643 αῦτῶν
908 579 976 645 τῶν
1002 603 1082 666 προ·

120 681 267 764 φητειῶν
280 676 478 764 ἀποδείξεις,
497 673 707 764 παριστῶσας
726 673 770 756 ῶς
788 672 853 762 ἀρα
871 685 987 767 μυρίαι
1004 677 1107 748 ῦσαιε

119 776 319 868 προρρήσεις
347 774 460 863 ἀγαθά
489 781 544 847 καὶ
573 776 719 865 σωτήρια
746 780 827 846 πᾶσι
850 793 919 858 τοϊς
945 785 1082 850 ἔθνεσιν

120 881 307 966 ἐθέσπιζον,
327 880 382 947 καί
401 876 444 959 ῶς
462 876 535 948 οὐδ’
558 875 665 960 ἄλλως
683 886 833 966 ἔφασκον
854 876 1081 969 ἀποτελεσθή-

119 992 240 1050 σεσθαι
271 978 311 1048 τά
336 983 563 1069 ἐπηγγελμένα
587 995 656 1061 τοίς
685 987 825 1049 ἔθνεσιν
853 975 874 1067 ἢ
900 978 954 1049 διά
977 980 1081 1069 μόνης

117 1087 175 1168 τῆς
193 1085 255 1150 τοῦ
261 1086 405 1170 Χριστοῦ
423 1089 619 1171 παρουσίας.
639 1085 667 1150 2.
683 1079 863 1168 στήσαντες
879 1081 916 1149 δέ
932 1085 1081 1152 ἐνταῦθα

117 1177 176 1250 τδν
201 1181 318 1270 λόγον,
342 1178 594 1273 ἀποδεδειχότες
619 1178 662 1252 ἀν
681 1193 796 1271 είημεν
819 1180 864 1264 ῶς
888 1178 930 1252 οῦ
954 1187 1080 1271 μάλλον
1094 1216 1118 1254 ιο

119 1286 257 1365 ἐκείνοις
286 1282 392 1373 φῦναι
421 1280 544 1374 χρῆνή
569 1283 651 1375 ἡμῖν
682 1282 743 1371 τήν
770 1285 824 1353 ἐπὶ
846 1283 905 1355 τὸν
934 1285 1080 1372 Χριστόν

88 1407 99 1435 ⁰
117 1387 178 1455 τοῦ
194 1390 278 1456 θεοῦ
296 1392 503 1476 προσδοκίαν
520 1384 703 1474 ἁρμόττειν.
747 1385 927 1476 ίσορρόπου
947 1389 983 1457 δέ
998 1383 1080 1458 Ἰου-

118 1492 224 1569 δαίοις
253 1489 309 1558 καὶ
319 1485 460 1576 Ἕλλησι
484 1491 541 1576 της
571 1493 639 1559 τῶν
658 1491 914 1577 ἐπηγγελμένων
945 1492 1079 1573 ἐλπίδος

117 1585 390 1679 ἀποδειχθείσης,
410 1586 455 1670 ῶς
478 1589 560 1659 κατά
578 1594 675 1660 τοῦτο
698 1591 806 1679 μηδὲν
829 1595 897 1660 τῶν
923 1594 959 1660 ἐκ
983 1617 1078 1678 περι-

115 1690 216 1778 τομῆς
234 1697 410 1761 λείπεσθαι
427 1687 505 1773 τοῦς
531 1687 595 1762 ἀπδ
618 1695 686 1762 τῶν
714 1695 825 1762 ἐθνῶν
850 1690 905 1759 διά
932 1696 1079 1781 Χριστοῦ
1092 1721 1117 1761 15

116 1795 392 1881 σωθησομένους,
427 1796 463 1862 ἐκ
486 1803 681 1881 περιουσιάς
708 1795 782 1880 ἑξῆς
807 1795 997 1881 ἐλέγξομεν,
1035 1789 1078 1874 ῶς

116 1895 170 1962 ἐπὶ
198 1898 238 1982 τῇ
261 1896 324 1964 τοῦ
344 1899 491 1984 Χριστοῦ
514 1903 684 1987 παρουσίᾳ
710 1896 766 1964 καὶ
790 1897 829 1983 τῇ
861 1897 929 1962 τῶν
965 1897 1079 1963 ἐθνῶν

115 1993 231 2080 κλήσει
249 1993 442 2067 ἀπόπτωσιν
460 2001 608 2087 παντελῆ
630 1999 686 2066 καί
704 1991 879 2082 ἀποβολήν
907 1997 967 2064 τοῦ
991 2022 1077 2064 παν-

114 2095 167 2175 τὸς
188 2093 361 2166 Ἰουδαίων
385 2105 507 2181 ἔθνους
529 2096 570 2169 τά
600 2110 681 2169 θεία
707 2112 947 2186 προαναφωνεί
970 2094 1076 2185 λόγια,

114 2198 251 2286 βραχέσι
269 2196 381 2286 μόνοις
399 2196 512 2270 αῦτῶν
537 2203 594 2270 καὶ
617 2196 753 2290 ἀριθμῶ
777 2207 912 2286 ληπτοίς
934 2195 974 2267 τά
998 2227 1075 2289 χρη·
1089 2228 1114 2269 εο

86 2296 254 2388 ἐστότερα
271 2309 491 2388 θεσπίζοντα,
510 2297 629 2384 καλῶς
653 2296 817 2370 ἀλῶσεται
835 2295 947 2370 αῦτῶν
969 2295 990 2388 ἡ
1015 2299 1078 2369 πό-

113 2408 163 2482 λις
182 2397 274 2496 αὐτῶ
291 2406 382 2495 ίερῶ,
401 2401 509 2472 πάντα
526 2430 562 2473 τε
579 2400 619 2472 τά
637 2401 742 2492 σεμνά
757 2399 1075 2490 καθαιρεθήσεσθαι

114 2507 292 2592 δηλοῦντα,
313 2499 334 2572 ἀ
352 2505 407 2572 καὶ
426 2511 534 2591 ἔργοις
548 2506 678 2593 πέφηνε
692 2506 916 2591 δεδηλωμένα.
954 2508 982 2572 3.
1004 2508 1075 2584 πῶς
1116 2501 1119 2506 ’

113 2603 143 2672 δ’
165 2600 226 2693 ἀφ’
247 2611 286 2675 ἓν
303 2607 357 2674 καί
377 2602 460 2673 κατά
476 2602 514 2673 τὸ
533 2602 615 2674 αῦτδ
634 2606 687 2674 ἐπὶ
704 2607 761 2693 τῆς
774 2608 833 2674 τοῦ
845 2607 993 2694 Χριστοῦ
1009 2633 1076 2674 πα-

58 2725 99 2780 1³0}
114 2713 251 2792 ρουσίας
281 2704 448 2795 λύτρωσιν
478 2709 591 2776 κακῶν
625 2710 670 2798 τῷ
690 2703 821 2793 Ἰσραήλ
851 2708 907 2775 καὶ
933 2701 1075 2793 ἀγαθῶν
1088 2733 1114 2774 ετ

111 2801 310 2895 ἀπόλαυσιν,
329 2814 472 2895 ἔμπαλίν
497 2834 534 2877 τε
556 2809 713 2896 στέρησιν
736 2805 877 2895 ἀγαθῶν
903 2809 960 2876 καί
989 2802 1075 2877 ἀπό-

111 2928 238 2979 πτωσιν
255 2911 312 2996 τῆς
329 2915 390 2979 τοῦ
406 2910 491 2979 θεοῦ
510 2908 680 2996 εὐσεβείας
698 2917 916 2992 θεσπίζουσιν
938 2914 974 2979 οί
989 2910 1074 2996 ίερολ

111 3007 203 3098 λόγοι
222 3008 305 3079 κατά
328 3007 386 3081 τδν
409 3010 619 3101 προσήκοντα
642 3007 760 3099 καιρόν
785 3009 1072 3101 διευκρινήσομεν.

109 3112 190 3191 τέως
209 3112 246 3181 δὲ
261 3114 405 3202 ἐπίωμεν
424 3115 477 3183 ἐπὶ
491 3112 528 3183 τὸ
545 3115 695 3202 πρῶτον,
708 3110 805 3198 ὀλίγα
821 3111 897 3182 τινά
922 3119 969 3194 είς
993 3109 1074 3182 ἀπό-

111 3215 215 3295 δειξιν
232 3220 300 3285 τῶν
317 3217 501 3304 εἰρημένων
514 3210 580 3285 ἀπὸ
598 3223 729 3305 μυρίων
744 3209 837 3283 ῦσων
860 3217 1073 3305 προφητειῶν
1086 3239 1112 3282 οο

108 3310 354 3404 ἀναλεξάμενοι.
403 3321 433 3387 4.
454 3318 525 3387 ἐπεὶ
548 3325 667 3388 τοίνυν
685 3313 781 3385 αὐτοὶ
803 3312 861 3398 τάς
884 3318 961 3404 περὶ
991 3318 1073 3386 ἑαν-

109 3418 177 3484 τῶν
211 3421 428 3510 χρηστοτέρας
464 3427 668 3510 προφητείας
704 3414 957 3509 προβάλλεσθαι
990 3414 1073 3508 ἡμῖν
