2326 3818
373 132 803 186 οεωοαεε.ενεωο.κ.ι.
995 130 1059 194 629

90 270 154 344 σύν
175 300 233 362 με,
266 282 358 343 ίασαι
380 271 442 360 τήν
467 271 579 362 ψυχήν
607 300 690 361 μου,
720 267 771 340 ὅτι
796 268 944 361 ἦμαρτόν
974 269 1057 341 σοι.”

90 379 141 445 24.
169 371 317 464 ὁρῶντας
335 375 371 445 δέ
390 371 524 456 εἰκότως
542 372 618 455 τούς
638 371 916 460 ἐπιβουλεύοντας
940 370 980 444 ού
998 373 1059 463 μύ-

90 470 373 566 νονάνθρύπους,
387 472 701 564 άλλάκαλάοράτους
713 471 872 561 δυνάμεις
883 472 944 562 τήν
954 471 1058 566 ύπερ-
1073 501 1126 553 (ωε)

91 574 285 666 βάλλουσαν
292 574 390 667 ἰσχύν
396 575 502 649 αύτού
515 584 572 666 τῆς
585 583 682 659 θείας
692 583 915 666 προσηγορίας
925 579 981 646 καί
999 583 1060 648 τού

65 711 79 753 ε
91 675 264 767 ὀνόματος,
276 677 320 747 δι’
333 669 374 748 ού
380 676 501 769 μικρὸν
509 677 651 770 ὕστερον
659 683 871 767 Χριστιανῶν
879 677 1059 766 τὴνπᾶσαυ

90 783 338 868 κατέπλησενοί
338 774 1056 904 κουμένην,σβὲσειναύτήνοίεσθαιύπειλη-
1072 809 1128 863 [τοι]

91 885 239 1004 φέναι,ε
224 879 306 951 είτά
324 878 406 1006 πρὸς
425 879 575 953 θάνατον
594 879 871 971 ἐπιβουλεύσαιεν
889 877 987 976 αύτῷ.
1008 887 1058 953 25.

90 990 189 1054 τοῦτο
200 981 241 1071 δή
252 972 314 1054 ούν
323 981 405 1053 αύτο
395 979 577 1074 διελέγχει
590 982 731 1073 φάσκων
743 979 802 1054 “oc
811 989 929 1074 ἐχθροί
936 1015 1002 1075 μου
1012 985 1061 1056 εί-

91 1111 160 1155 παν
169 1112 254 1155 κακα
264 1114 331 1173 μοι,
342 1111 420 1156 ποτε
428 1085 651 1165 αποθανεῑται
661 1088 717 1155 καὶ
727 1085 941 1156 απολεῐται
909 1116 945 1157 το
955 1115 1060 1177 ονομα

54 1222 79 1262 10
92 1181 237 1272 αύτού;”
268 1187 339 1256 ἐπεὶ
365 1186 403 1255 δέ
425 1185 753 1275 καθυποκρινόμευοι
777 1210 969 1277 προσηεσαν
987 1216 1060 1260 πει-

92 1285 244 1378 ράζοντες
261 1283 351 1368 ὅπως
365 1284 468 1358 αὐτὸν
482 1285 744 1375 παγιδεύσωσιν,
759 1281 804 1367 ὣς
819 1285 839 1376 ἡ
853 1297 932 1359 θεία
946 1288 1060 1379 γραφή

91 1401 270 1479 μαρτυρεῖ,
288 1386 406 1458 άλλοτε
423 1388 525 1471 ἄλλας
543 1385 664 1470 αύτούς
682 1385 866 1478 προφάσεις
883 1392 940 1459 καὶ
958 1419 1060 1478 κατη-

91 1497 205 1578 γορίας
223 1485 298 1558 κατ’
319 1486 424 1559 αύτού
440 1487 708 1574 συσκευάζεσθαι
725 1496 913 1578 ίστοροῦσα,
931 1488 1087 1561 τούτωνι

91 1595 189 1659 ἕνεκα
208 1592 351 1677 ἐπιλέγει
364 1584 443 1659 κκαὶ
463 1597 495 1660 εί
511 1589 741 1679 εἰσεπορεύετο
759 1593 819 1661 τού
833 1596 932 1679 ίδεῖν,
951 1590 1060 1680 μάτην

52 1722 78 1763 ιε
93 1686 201 1758 ἐλάλει
225 1686 246 1777 ἡ
265 1698 387 1780 καρδία
405 1687 527 1782 αύτού,
553 1691 744 1782 συνήγαγεν
767 1689 912 1781 ἀνομίαν
938 1695 1059 1786 ἑαυτῷ,

92 1790 304 1879 ἐξεπορεύετο
323 1800 384 1878 ἐξω
402 1797 458 1864 καὶ
483 1792 591 1865 ἐλάλει
616 1797 670 1865 ἐπὶ
693 1793 730 1864 τὸ
749 1789 829 1863 αύτὸ
848 1791 920 1864 κατ’
950 1791 1058 1883 ἐμού.”

90 1899 141 1965 26.
172 1896 247 1984 ἑξής
266 1897 304 1967 δὲ
322 1895 451 1978 τούτοις
476 1894 541 1987 ήδη
565 1901 681 1988 σαφεῖς
706 1900 860 1987 ἐμφαίνει
883 1899 938 1966 καὶ
957 1893 1060 1968 αύτόυ

93 1998 298 2070 ἐκεῖνοντὸν
317 2002 584 2088 δυσσεβέστατον
611 1998 795 2089 προδότην,
820 1998 934 2088 ἐπειδὴ
958 2001 1060 2069 συνέ-

92 2106 211 2187 βαινεν
228 2097 308 2189 μεθ’
327 2096 366 2182 άς
383 2111 543 2190 πεποίητο
561 2102 735 2191 συνθήκας
752 2119 821 2183 τοῖς
835 2099 975 2193 άρχουσι
992 2105 1060 2172 των

52 2199 261 2274 εοἸουδαίων
278 2204 356 2291 περί
374 2209 433 2290 τῆς
451 2205 511 2272 τοῦ
525 2202 730 2273 διδασκάλου
744 2209 926 2289 προδοσίας
943 2201 1057 2292 μηκέτ’

90 2297 243 2372 άπαυτάυ
262 2299 365 2372 αύτὸν
381 2301 540 2391 συνήθως
567 2306 618 2372 ἐπὶ
646 2301 708 2391 τήν
733 2306 800 2372 των
823 2310 930 2374 θείων
947 2315 1083 2391 γαθή-ο

90 2403 206 2493 μάτων
225 2409 457 2491 διδασκαλίαν,
475 2399 557 2491 μηδ’
583 2400 628 2485 ως
652 2401 742 2492 παρά
760 2401 964 2473 διδάσκαλον
982 2431 1060 2491 φοι-

89 2509 172 2592 τᾶν,
197 2501 317 2594 μηδ”
302 2513 422 2596 ομοίως
440 2520 509 2586 τοῖς
536 2508 659 2596 ετὲροις
683 2501 912 2592 παραβάλλειν
934 2507 974 2592 τή
998 2511 1058 2574 τού

91 2611 238 2695 σωτῆρος
258 2612 424 2699 διατριβῇ,
442 2602 517 2677 ἄλλ’
541 2610 594 2678 ἐπὶ
613 2614 659 2703 τῷ
683 2604 899 2677 κατοπτεύειν
918 2607 974 2675 καὶ
991 2617 1060 2693 θη-

52 2704 204 2794 τορεύειν
221 2700 351 2798 καιρὸν,
369 2706 423 2781 ὅτε
442 2710 513 2781 δέοι
531 2713 710 2782 ἐπιθέσθαι
729 2701 821 2779 αύτω
876 2713 927 2778 27.
960 2712 1059 2778 τοῦτο

156 2799 220 2876 οὖν
250 2812 307 2879 καὶ
331 2827 562 2933 κατηγορεῖται
585 2811 741 2902 πράττων
771 2809 837 2882 ύπό
859 2840 927 2882 των
958 2815 1059 2900 ίερων

91 2901 408 2998 εύαγγελιστωυ,
380 2939 429 2982 ων
450 2939 469 2980 ο
457 2905 554 3000 μὲν
579 2911 757 2992 Ματθαῐός
780 2911 889 3002 (γνήσι’
891 2907 978 2982 ’τότε
1001 2939 1058 2982 πο-

91 3011 225 3100 ρευθεὶς
249 3007 297 3091 εἷς
319 3039 389 3082 των
413 3009 603 3103 δύδεκα,’
584 3012 797 3103 ολεγύμενος
809 3013 939 3093 Ἰούδας
953 3012 1059 3084 Ἰσκα-

91 3109 222 3202 ριώτης,
241 3110 324 3203 πρὸς
341 3110 418 3195 τούς
435 3110 611 3205 ιἰρχιερελς,
631 3115 725 3186 εἶπεν
736 3114 874 3201 αὐτοῖς,
893 3122 928 3183 τί
942 3113 1061 3182 θέλετέ

52 3245 78 3287 εο
92 3243 148 3304 μοι
167 3216 297 3303 δούυαι,
315 3213 407 3304 κάγω
423 3213 506 3304 ύμῖν
523 3215 713 3308 παραδώσω
728 3213 846 3300 αύτύν;
865 3219 900 3284 oi
911 3214 949 3282 δὲ
963 3219 1058 3301 ἐστη-

161 3448 418 3512 υωωωω
540 3450 797 3514 ωωωωω
