2326 3818
368 126 556 178 DEMONST.
575 126 707 177 EVANG.
726 128 747 180 Ι.
767 129 791 177 6.
1013 127 1054 191 47

86 269 415 355 νενομοθετημένην·
445 262 529 355 αὕτη
543 266 606 357 γάρ
620 258 663 354 ἦν
681 264 764 336 κατά
780 267 843 356 τὴν
863 274 977 350 ἔξοδον
993 269 1056 357 τήν

86 365 144 437 ἀπ’
174 364 349 456 Αἰγύπτου
372 384 441 448 τοῖς
460 365 633 449 Ἰουδαίοις
657 376 898 458 παραδοθεῖσα.
942 376 1056 453 ἔδοξεν

86 465 131 540 ἀν
146 457 211 539 οὖν
230 473 387 539 ἐναντίαν
411 468 558 557 εἰσάγειν
581 467 642 559 τήν
665 469 785 560 καινήν
811 469 979 559 διαθήκην
997 476 1057 542 τοῦ

85 570 213 660 τρόπου
236 578 295 660 τῆς
317 579 514 657 θεοσεβείας
538 576 606 642 των
629 569 715 662 ἀμφὶ
737 569 796 643 τόν
809 570 957 662 Ἀβραάμ
975 586 1056 644 θεο-

60 680 216 763 εφιλοῑν,
236 679 268 742 εί
285 671 329 761 μὴ
347 669 493 762 ἀκριβῶς
513 673 741 764 ἐπεσημήνατο
759 671 869 764 φήσας
890 669 954 743 “οὐ
973 674 1083 745 κατάο

85 772 148 864 τήν
162 772 331 863 διαθήκην
339 771 387 863 ’ἣν
403 778 564 866 διεθέμην
578 795 645 858 τοῖς
664 774 829 867 πατράσιν
849 772 962 846 αὐτῶν
980 773 1054 846 κατ’

88 880 197 947 ἐκεῖνο
214 882 350 966 καιροῦ,
370 875 453 947 καθ’
474 873 514 948 δν
532 877 693 969 ἐξήγαγον
716 876 841 961 αὐτους
860 882 895 949 ἐκ
912 881 973 967 γης
993 885 1056 949 Αί-

86 976 251 1068 γόπτου.”

165 1085 216 1150 61.
240 1076 291 1152 Οὐ
309 1079 392 1150 κατά
415 1079 477 1168 τήν
498 1076 564 1151 ὑπὸ
583 1085 735 1164 Μωσέως
753 1079 817 1173 ἀρα
836 1085 890 1152 ἐπὶ
907 1085 965 1169 τῆς
985 1081 1056 1166 ἐξό-

45 1212 72 1252 10
88 1187 151 1251 δου
170 1185 225 1251 καὶ
244 1185 298 1253 ἐπὶ
315 1187 373 1271 της
393 1182 475 1252 κατά
498 1183 560 1271 τήν
584 1190 708 1273 ἔρημον
725 1187 897 1272 διατριβῆς
915 1212 1055 1272 νενομο-

85 1287 278 1373 θετημένην
296 1293 435 1355 ἔσεσθαι
451 1284 513 1373 τήν
531 1285 652 1373 καινήν
667 1288 859 1371 ἐθέσπιζεν,
878 1283 961 1353 ἀλλά
980 1281 1053 1355 κατ’

87 1389 222 1474 ἐκείνην
244 1386 373 1474 δηλαδὴ
397 1386 459 1475 τήν
489 1385 657 1476 πρόπαλαι
679 1389 982 1474 πολιτευσαμένην,
1008 1382 1054 1455 δι’

85 1477 126 1575 ής
159 1486 434 1578 κατορθώσαντες
471 1484 690 1576 ἀνεφάνησαν
724 1493 760 1557 oc
791 1484 855 1576 πρό
892 1491 1054 1567 Μωσέως.

87 1594 139 1660 62.
160 1587 204 1660 δι’
231 1584 253 1658 δι’
277 1587 319 1676 δή
337 1587 454 1661 λοιπόν
472 1587 537 1679 ήδη
555 1593 696 1680 θαρρῶν
717 1588 775 1672 τάς
792 1592 860 1660 τοῖν
878 1595 1056 1676 θεοσεβεῑυ

45 1722 73 1762 ιε
89 1694 384 1781 ἐπαγγελλομένων
408 1696 616 1784 προαιρέσεις
640 1691 684 1782 μή
713 1695 766 1763 ἐπὶ
784 1689 858 1779 δυό,
878 1688 962 1760 ἀλλά
980 1698 1080 1781 τρίαε

88 1799 221 1885 διαιραῦ
238 1794 403 1884 τάγματα,
421 1793 460 1866 τό
477 1802 592 1866 τετῶν
604 1798 775 1876 παντελεῖς
794 1799 1056 1882 είδωλολατρῶν,

87 1901 156 1966 τῶν
181 1894 223 1984 δή
249 1900 302 1967 ἐπὶ
324 1895 386 1988 τήν
409 1896 581 1968 πολάθεον
605 1896 736 1986 πλάνην
753 1892 1056 1980 άποπεπτωκότων,

88 2000 143 2068 καὶ
162 1996 283 2068 τόπων
309 2003 345 2069 ἐκ
370 2004 547 2091 περιτομῆς
573 1998 629 2069 διά
647 2003 798 2080 Μωσέως
818 2001 872 2068 ἐπὶ
889 1996 947 2066 τὸν
965 1999 1057 2082 πρω-

86 2128 146 2169 πον
164 2097 423 2188 άνεληλυθότων
436 2105 495 2189 τῆς
514 2100 686 2188 εὐσεβείας
706 2097 853 2190 βαθμὸν,
871 2102 927 2169 καὶ
944 2105 1057 2184 τρίτον

46 2198 124 2272 νοτό
143 2205 211 2270 τῶν
239 2202 538 2290 ἐπαναβεβηκότων
564 2202 619 2271 διὰ
642 2208 699 2289 τῆς
725 2198 941 2291 εόαγγελικης
960 2205 1057 2268 διδα-

88 2310 240 2387 σκαλίας,
258 2298 276 2370 δ
295 2306 350 2371 καὶ
368 2306 435 2370 των
456 2310 553 2372 δυεῖν
571 2307 673 2391 μέσον
691 2301 915 2392 παρεμβαλάν
932 2298 1052 2388 μηκέθ’

88 2397 173 2491 ἡγοῦ
190 2400 268 2483 τοὺς
286 2398 350 2472 ἀπὸ
365 2400 538 2474 Ἰουδαίων
562 2403 808 2490 ἀφισταμένους
831 2400 964 2480 πάντως
984 2406 1056 2468 δεῖν

91 2501 144 2593 ἐφ’
168 2502 387 2594 Ἐλληνισμόν
411 2508 600 2592 ἐκπίπτειν,
625 2505 710 2592 μηδὲ
734 2501 811 2583 τούς
837 2505 868 2586 ἐξ
888 2497 1057 2590 Ἑλλήνων

89 2602 345 2697 ἀναχωροῦντας
364 2610 397 2692 ἐξ
411 2604 559 2696 ἀνάγκης
572 2613 691 2696 χρῆναι
706 2603 888 2685 Ἰουδαίους
907 2611 1056 2691 ἔσεσθαι,

50 2708 147 2779 νειὸν
180 2711 216 2779 δὲ
245 2714 347 2799 μέσον
373 2708 459 2780 ἑλών
485 2706 544 2779 τόν
567 2716 681 2798 τρίτον
713 2705 864 2798 εὑρήσεις
890 2704 961 2776 ἀνω
990 2732 1056 2775 που

90 2814 233 2898 ἑστῶτα,
258 2815 314 2882 καλ
332 2810 443 2900 ὥσπερ
468 2809 522 2898 ἐφ’
545 2808 753 2898 ὑψηλοτάτης
770 2807 955 2898 ἀκρωρείας
973 2804 1053 2876 ἀνα·
1072 2832 1086 2872 α

90 2911 272 3002 βεβηκότα,
293 2916 503 3000 ἑκατέρωθεν
523 2914 560 2982 δέ
578 2911 667 2982 κάτω
685 2911 763 2993 τούς
782 2908 918 2991 λοιποὺς
935 2905 1058 2979 ἀπολε-

90 3014 235 3086 λοιπότα.
273 3020 322 3084 63.
338 3010 506 3101 Ἐόλήνων
523 3016 586 3103 μέν
597 3012 661 3103 γάρ
676 3017 861 3104 ἐκπέφευγε
872 3011 934 3101 τήν
952 3007 1058 3081 άθεον

89 3120 145 3187 καὶ
158 3122 356 3204 πολυπλανῆ
370 3123 638 3204 δεισιδαιμονίαν
651 3119 705 3186 καὶ
717 3115 775 3196 τάς
787 3113 963 3202 ἀνειμένας
978 3139 1057 3200 πορ-

50 3249 76 3287 30
90 3235 181 3305 νείας
200 3251 235 3292 τε
252 3224 308 3290 καλ
327 3217 501 3308 ἀκοσμίας,
515 3215 688 3291 Ἰουδαίων
702 3219 738 3287 db
751 3212 908 3296 άσαότως
920 3210 1057 3302 τήνὺπό

90 3330 243 3405 Μωσέως
260 3321 360 3411 ἀτελή
385 3325 443 3392 καλ
460 3314 514 3390 οἶα
531 3328 663 3409 νηπίοις
687 3322 742 3389 καὶ
761 3316 922 3388 ἀσθενέσι
940 3313 1058 3384 κατάλ-

91 3438 194 3520 ληλον
219 3431 513 3515 ἐθελοθρησκείαν.
567 3419 625 3493 τόν
648 3428 773 3492 οίκεῑον
798 3421 835 3490 δέ
858 3415 994 3490 ἀνωθεν
1017 3415 1057 3486 οὐ
