2326 3818
332 123 515 175 οοαοιεεα.
538 123 670 175 οτιοο.
689 124 751 175 vn.
770 125 793 172 1.
982 122 1045 185 433

76 268 267 352 πατουμένη
285 261 350 333 ὑπὸ
370 258 515 332 ἐθνῶν.”
551 258 636 331 δκαὶ
655 265 769 340 τέλους
788 269 893 351 ἔτυχε,
912 262 983 353 μετ’
1005 261 1044 334 ού

76 364 182 436 πολύν
205 364 326 454 χρόνον
349 368 417 433 τῶν
446 367 506 434 τού
529 368 676 451 σωτῆρος
705 357 800 451 ἡμῶν
825 371 951 449 φωνῶν
969 362 1044 435 Ῥω-

75 475 184 557 μαίων
202 466 263 554 τὴν
280 464 379 535 πόλιν
394 463 550 553 ἑλόντων,
569 461 778 552 ἀλλοφύλους
791 492 827 532 τε
841 461 967 550 ἄνδρας
986 463 1045 534 αύ-

75 568 151 638 τόθι
175 565 435 637 κατοικισάυτων
460 569 516 635 καὶ
541 568 593 635 ἐπὶ
611 569 672 636 τοῦ
694 563 798 634 τόπου
816 566 1045 653 καταστησάν-

50 696 152 740 5των.
195 675 243 738 64.
264 667 366 739 πόλιν
392 667 429 737 δὲ
455 665 472 737 ὁ
492 665 591 749 αὐτὸς
610 664 723 754 κύριος
742 664 898 755 ξυρησειν
916 670 1046 754 λέγεται
1080 744 1087 758 ,

76 777 113 840 ἐν
136 777 182 864 τῷ
205 778 264 841 τοῦ
288 771 451 858 βασιλέως
467 765 652 859 Ἀσσυρίων
670 772 776 861 ξυρῷ,
800 765 873 856 ἤτοι
891 773 931 858 τη
949 779 1045 838 κολα·
1099 774 1101 777 ’

76 877 172 962 στικῄ
197 869 337 961 δυνάμει
355 878 415 940 τοῦ
433 868 590 960 ἄρχοντος
608 876 668 940 τού
688 876 809 951 αίῶνος
826 868 965 957 τούτου,
984 869 1045 960 τὴν

75 971 227 1060 κεφαλὴν
245 976 300 1042 καλ
317 970 395 1053 τούς
413 970 519 1054 πόδας
537 975 592 1042 καλ
616 968 674 1041 τόν
699 969 844 1059 πώγωνα
862 970 924 1042 οὐκ
942 970 1046 1042 ἄλλον

75 1074 165 1157 τινός
188 1064 327 1163 ἢαύθις
352 1079 410 1143 τοῦ
424 1073 599 1144 Ἰουδαίων
617 1080 756 1160 ἔθνους,
783 1072 872 1142 τούτ’
895 1083 962 1143 ἐστι
988 1072 1046 1144 τόν
1060 1103 1115 1153 (ωε)

39 1203 63 1242 ιο
77 1175 202 1265 κόσμον
228 1172 340 1244 αὐτῶν
364 1177 419 1243 καὶ
437 1175 499 1261 τὴν
524 1174 625 1257 δόξαν
643 1184 811 1261 περιελεῖν
831 1174 886 1244 διδ
904 1180 961 1262 τῆς
979 1183 1047 1245 τῶν

77 1276 226 1347 καθόλου
242 1273 510 1365 ἐπικρατούντων
522 1274 633 1365 ἀρχῆς.
655 1280 705 1345 65.
716 1272 894 1363 Ῥωμαίους
910 1279 946 1345 δὲ
961 1278 1047 1348 εἶναι

77 1377 214 1461 τούτους
233 1385 420 1447 αἰνίττεται.
454 1377 509 1446 διὰ
526 1376 590 1466 ηολρ
608 1382 668 1446 τοῦ
685 1381 754 1446 τῶν
768 1372 955 1461 Ἀσσυρίεον
974 1376 1046 1448 όνό-

77 1508 177 1567 ματος
195 1477 341 1568 ἡγούμαι
363 1474 426 1566 την
451 1477 530 1548 καθ’
552 1483 693 1548 ἕκαστον
710 1476 832 1567 χρόνον
850 1483 1048 1568 ἐπικρατοῦ-

78 1603 142 1649 σαν
159 1583 227 1650 τῶν
245 1584 358 1650 ἐθνῶν
376 1586 550 1666 βασιλείαν
573 1586 813 1669 σημαίνεσθαι,
841 1579 895 1648 διολ
913 1579 949 1649 τὸ
964 1575 1048 1649 “ua-

40 1707 65 1747 15
78 1678 329 1761 τευθύνοντας”
345 1678 411 1751 ἀπὸ
421 1685 478 1769 της
491 1676 656 1772 Ἑβραίων
670 1685 786 1769 φωνῆς
801 1680 1049 1771 ἑρμηνεύεσθαι

77 1775 156 1866 τούς
169 1782 383 1870 Ἀσσυρίους·
412 1781 496 1853 ὥστε
515 1784 601 1853 εἶναι
614 1777 792 1871 Ῥωμαίους
810 1783 887 1863 τούς
905 1789 970 1854 νῦν
988 1814 1049 1853 κα-

78 1885 326 1973 τευθύνοντος,
345 1892 396 1955 66.
413 1887 485 1954 ἐπεὶ
499 1887 555 1954 καὶ
568 1883 704 1973 ἀληθῶς
718 1888 764 1977 τῷ
773 1881 1047 1979 Ῥωμαίωνξυρῷ,

76 1985 150 2072 ἦτοι
173 1991 215 2076 τῇ
237 1991 391 2075 πολιτικῇ
412 1990 467 2056 καλ
486 1991 649 2076 πολεμικῇ
669 1985 826 2077 δυνάμει,
852 1994 964 2056 πᾶσαν
987 1985 1049 2075 την

80 2086 181 2169 δόξαν
198 2093 257 2157 τοῦ
274 2084 445 2158 Ἰουδαίων
464 2097 598 2175 ἔθνους,
618 2093 655 2158 ἐν
673 2077 696 2176 ἦ
712 2087 748 2158 τὸ
763 2092 844 2177 πρὶν
860 2088 972 2178 ἐκόμα,
992 2093 1048 2157 καὶ

39 2213 64 2252 20
78 2194 190 2258 πᾶσαν
209 2186 320 2258 αὐτῶν
338 2186 400 2276 την
411 2187 572 2276 ἀνδρείαν
587 2187 641 2258 διολ
654 2194 714 2258 τού
729 2189 888 2276 πώγωνος
907 2193 962 2259 καλ
981 2198 1076 2259 τώνο

77 2293 200 2378 τριχῶν
222 2294 290 2357 τῶν
315 2293 431 2358 ποδων
454 2293 722 2377 σημαινομένην,
749 2301 915 2378 περιεῖλεν
938 2286 955 2360 ό
980 2295 1048 2360 των

77 2388 165 2459 ὅλων
191 2388 279 2470 θεός.
323 2395 373 2458 67.
401 2387 482 2458 οὐδὲ
506 2387 623 2458 ἄλλοτε
647 2396 731 2476 γοῦν
755 2417 806 2458 πω
832 2390 995 2488 πρότερον
1015 2396 1048 2472 ἐξ

79 2496 198 2572 αίῶνος
217 2488 237 2580 ἢ
255 2487 337 2578 μεταλ
354 2486 416 2578 την
433 2493 493 2559 τοῦ
510 2497 656 2578 σωτῆρος
675 2488 782 2579 ἡμῶν,
802 2490 908 2561 αύτού
927 2490 969 2578 δὴ
988 2497 1048 2560 τού

72 2592 299 2682 Ἐμμανουηλ,
319 2594 469 2680 γένεσιν,
489 2602 657 2681 περιεῖλεν
674 2588 787 2661 αύτων
804 2590 821 2662 ὁ
839 2592 920 2672 θεὸς
939 2590 1049 2663 ποίντοι

38 2693 135 2764 αετόν
162 2693 286 2782 κόσμον
311 2692 367 2762 διὰ
390 2699 447 2782 τῆς
478 2699 545 2764 τῶν
563 2691 733 2783 Ῥωμαίων
757 2689 868 2783 ἀρχῆς.
911 2692 986 2763 ἀντὶ
1013 2696 1049 2764 δὲ

76 2801 136 2865 τοῦ
154 2791 341 2882 “βοισιλε’ως
362 2791 569 2880 Ἀσσνρίων”
596 2790 613 2865 ὁ
638 2797 699 2885 μέν
715 2792 854 2877 Ἀκύλας
874 2791 934 2865 “ε’ν
952 2804 1046 2883 βασι-

77 2903 150 2986 λείᾳ
167 2892 386 2984 Ἀσσυρίων,”
406 2894 424 2965 ὁ
443 2896 481 2966 δὲ
495 2903 685 2967 Θεοδοτίων
697 2892 759 2966 “gv
771 2903 817 2988 τῷ
831 2906 966 2985 βασιλεῖ
978 2895 1048 2970 Ἀσ-

77 2994 228 3085 συρίων”
253 3002 450 3083 ἐκδέδωκεν,
468 2995 590 3084 ὁμοίως
610 2999 647 3067 δὲ
663 3000 718 3067 καλ
727 2997 923 3089 Σύμμαχος,
943 3001 1048 3088 σαφὲς

77 3102 251 3180 ποιοῦντες
269 3097 320 3168 ότι
337 3098 381 3188 μὴ
399 3101 460 3167 του
478 3102 641 3184 βασιλέως
656 3098 844 3189 Ἀσσυρίων
861 3099 923 3187 τὴν
941 3131 1047 3188 κεφα-

36 3227 63 3267 εο
78 3197 139 3288 λὴν
157 3195 340 3291 ξυρήσεινδ
360 3198 455 3287 λόγος
470 3197 610 3288 ἀπειλεῖ,
628 3199 702 3270 ἀλλ’
726 3206 762 3271 ἐν
773 3208 818 3293 τῷ
834 3199 937 3271 αύτοῦ
956 3206 1045 3295 ξυρῷ
1066 3243 1076 3269 e

77 3303 133 3369 καὶ
154 3305 189 3371 ἐν
209 3300 299 3394 αύτῷ
315 3331 351 3371 τε
368 3308 414 3395 τῷ
433 3309 564 3389 βασιλεῖ
576 3307 644 3372 των
660 3298 848 3391 Ἀσσυρίων
860 3302 899 3372 τὰ
918 3330 1046 3392 προφη-

75 3401 239 3490 τευόμενα
258 3401 437 3491 διαθήσειν
454 3401 490 3472 τό
506 3401 680 3474 Ἰουδαίων
699 3413 807 3485 ἔθνος.
851 3411 900 3475 68.
920 3404 1048 3488 τούτοις

128 3531 269 3567 ουοεοιυε
283 3533 329 3569 111.
816 3517 862 3581 2ss
