2326 3818
132 123 196 186 443
545 120 696 172 Ευευεα

135 260 180 334 δι’
201 259 406 351 αἰνιγμάτων
423 251 524 340 αὖθις
543 260 728 346 ἐπιλέγεται
741 255 820 328 “nal
833 263 1018 346 προσέθετο
1038 258 1104 329 κά·-

134 393 203 454 ριος
221 368 366 451 λαλῆσαί
381 391 436 450 μοι
455 369 518 449 ἔτι,
547 359 603 430 διά
620 357 656 432 τὸ
675 360 719 449 μη
738 359 923 448 βούλεσθαι
941 361 1000 431 τὸν
1018 361 1104 432 λαὸν

133 473 251 535 τοῦτον
269 464 305 535 τὸ
323 461 417 553 ὕδωρ
435 470 494 534 τοῦ
512 462 651 551 Σιλωάμ
678 461 714 531 τὸ
733 460 961 552 πορευόμενον
979 457 1103 552 ἡσυχῆ,

133 566 216 637 ἀλλά
235 565 420 654 βούλεσθαι
444 573 532 653 ἔχειν
555 561 613 634 τὸν
626 564 761 652 Ῥαασλμ
786 565 840 633 καλ
865 560 924 633 τὸν
942 561 1018 633 υίόν
1032 559 1104 636 Ῥο-

132 676 265 758 μελίου,
295 665 350 737 διά
368 671 463 736 τοῦτο
483 663 558 735 ίδοδ
585 664 698 753 κύριος
724 663 841 752 ἀνάγει
868 663 922 754 ἐφ’
952 660 1038 754 ἀμάς
1066 665 1131 737 τότ

132 768 225 859 ὕδωρ
244 772 304 838 τοῦ
322 773 470 854 ποταμοῦ
488 766 523 835 τὸ
543 765 682 855 ἰσχυρὸν
693 768 748 835 καὶ
761 766 797 836 τὸ
815 764 912 854 πολὺ,
931 766 990 835 τὸν
1007 775 1104 855 βασι-

133 875 191 941 λέα
209 878 277 939 τῶν
289 868 489 955 Ἀσσυρίων,
508 871 562 936 καλ
578 865 640 954 την
655 866 755 950 δόξαν
769 863 888 937 αὐτοῦ·
908 870 963 937 καὶ
977 866 1105 958 ἀναβή-

133 995 225 1040 σεται
244 972 298 1038 ἐπὶ
316 973 428 1037 πάσαν
445 967 601 1058 φάραγγα
614 967 727 1057 ὑμῶν,
747 972 803 1037 καὶ
817 967 1033 1058 περιπατήσει
1049 974 1105 1041 ἐπὶ

134 1075 201 1140 πᾶν
218 1088 323 1159 τεῖχος
347 1064 459 1158 ὑμῶν,
483 1072 538 1139 καλ
563 1068 684 1158 ἀφελεῖ
698 1066 763 1139 ἀπὸ
789 1075 847 1158 της
860 1068 1023 1152 Ἰουδαίας
1041 1069 1106 1141 ἀν-

106 1201 120 1241 d
134 1184 286 1260 θρωπον,
305 1168 341 1253 ὃς
357 1169 536 1260 δυνήσεται
549 1171 701 1259 κεφαλὴν
711 1163 800 1260 ἀραι,
819 1168 839 1258 ἢ
855 1172 1000 1242 δυνατὸν
1019 1195 1105 1244 συν·
1119 1204 1145 1245 ιο

133 1277 337 1343 τελέσασθαί
353 1293 398 1341 τι·
426 1276 482 1343 καὶ
501 1279 591 1343 ἔσται
618 1270 639 1361 ἡ
658 1271 850 1362 παρεμβολὴ
869 1269 990 1360 αὐτοῦ,
1018 1272 1105 1346 ὥστε

133 1380 307 1465 πληρῶσαι
325 1371 360 1445 τό
387 1371 509 1455 πλάτος
535 1382 592 1463 τῆς
620 1372 728 1464 χώρας
752 1397 823 1444 σου.
865 1372 942 1462 μεθ’
973 1370 1104 1463 ἡμωνὸ

133 1476 222 1558 θεός.
249 1484 354 1565 γνῶτε
366 1482 450 1563 ἔθνη
465 1478 520 1544 καλ
530 1471 688 1564 ἡττᾶσθε,
708 1474 913 1546 ἐσακούσατε
928 1479 989 1558 ἕως
1009 1476 1104 1566 ἐσχά-

133 1609 192 1649 wv
210 1584 268 1665 τῆς
286 1572 379 1666 W

211 1685 281 1750 115.
308 1682 432 1768 Σαφῶς
450 1677 513 1767 γάρ
532 1684 634 1747 ταῦτα
653 1676 732 1748 οὐδὲ
750 1675 858 1760 ἀλλως
875 1674 896 1767 ἢ
914 1675 996 1766 μετά
1013 1691 1103 1749 θεω-
1119 1707 1145 1748 ιτ

134 1787 208 1867 ρίας
225 1784 283 1868 της
298 1779 380 1850 κατά
393 1777 499 1867 μόνην
513 1787 733 1867 τροπολογίαν
750 1777 812 1866 τὴν
832 1780 984 1851 διάνοιαν
997 1778 1102 1864 σώζει.

32 1924 35 1929 -
135 1887 231 1968 δηλοῖ
247 1886 331 1969 γοῦν
348 1884 404 1950 καὶ
422 1877 506 1949 αάτά
525 1878 579 1949 διά
595 1881 659 1968 μὲν
675 1889 734 1950 τοῦ
751 1879 874 1963 ὕδατος
891 1885 951 1951 τοὺ
965 1879 1106 1972 Σιλωάμ

133 1990 193 2051 τοῦ
216 1979 324 2069 ἡσυχῆ
348 1982 574 2068 πορευομένου
592 1978 653 2069 τὴν
678 1979 898 2071 εάαγγελικὴν
914 2013 974 2052 του
996 2005 1103 2105 σωτη-

135 2092 211 2168 ρίου
236 2081 337 2168 λόγου
363 2088 599 2153 διδασκαλίαν·
636 2082 854 2207 ἑρμηνεύεται
878 2082 941 2172 γάρ
964 2083 1103 2175 Σιλωάμ

134 2151 388 2271 ἀπεσταλμένος.
428 2189 497 2252 116.
518 2174 706 2263 οντοςδ”“
687 2215 730 2253 αν
749 2185 832 2272 είηὸ
852 2191 960 2255 ἕκτου
978 2186 1143 2277 πατρὸςεο

26 2311 28 2314 ’
134 2282 215 2372 ἡμῖν
233 2282 478 2374 ἀπεσταλμένος
501 2285 581 2366 θεὸς
600 2284 712 2374 λόγος,
741 2290 817 2376 περὶ
841 2278 881 2357 οὗ
900 2290 955 2356 καλ
974 2295 1103 2376 Μωσῆς

133 2410 238 2516 φησιν
261 2382 337 2456 οὐκ
357 2389 500 2469 ἐκλείψει
514 2385 626 2476 ἀρχων
641 2390 672 2469 ἐξ
687 2386 807 2477 Ἰούδα,
826 2383 1103 2478 οάδέηγοάμενος

134 2492 170 2557 ἐκ
187 2518 255 2558 των
273 2519 388 2577 μηρων
406 2487 526 2576 αὐτοῦ,
551 2492 612 2568 ἕως
629 2485 673 2558 ἀν
690 2498 805 2582 έλθη
795 2519 820 2559 ω
839 2488 1027 2574 ἀπόκειται,
1046 2495 1103 2561 καλ

65 2622 120 2672 (ωε)
135 2618 234 2670 αυτος
248 2598 338 2658 ἐσται
351 2596 534 2676 προσδοκία
548 2586 695 2659 ἐθνων
723 2588 852 2661 ἀντὶ
813 2621 875 2680 γαρ
887 2619 947 2661 τον
964 2582 1103 2682 φάπό-

134 2687 261 2760 κειται”
280 2689 316 2758 τὸ
331 2685 505 2778 Εβραϊκόν
523 2689 662 2780 Σιλωάμ
686 2689 903 2782 περιέχει,
869 2720 928 2760 τον
952 2661 1101 2760 ἐνταῦθα
1115 2719 1142 2759 τι

134 2789 285 2876 Σιλωὰμ,
304 2787 394 2860 τοῦτ’
415 2797 484 2860 ἔστι
501 2789 558 2862 τὸν
573 2786 834 2883 ἀπεσταλμένον,
852 2787 948 2862 κάκεί
960 2797 1103 2880 δηλοῦν-

133 2919 188 2971 τος
205 2894 265 2960 τοῦ
282 2888 392 2978 λόγου.
431 2898 499 2962 117.
520 2889 537 2962 6
557 2892 741 2983 δέῬαασλμ
765 2892 922 2983 βασιλευς
940 2884 983 2983 ἦν
1000 2892 1103 2965 πάλιν

133 2996 201 3060 των
221 2996 434 3087 ένΔαμασκςό
449 3001 702 3084 εἰδωλολατρῶν
716 2999 839 3085 έθνων,
859 2995 904 3079 ὥς
918 3000 973 3066 καλ
991 2994 1009 3066 6
1027 2994 1101 3076 υίὸς

128 3092 312 3183 Ῥομελίου,
340 3100 408 3164 τῶν
435 3100 471 3166 ἐν
495 3105 669 3189 Σαμαρείᾳ
696 3104 756 3167 τοῦ
778 3095 953 3168 Ἰουδαίων
979 3104 1103 3179 ἔθνους

132 3191 351 3266 ἀποστάντων
376 3204 434 3283 τῆς
460 3206 602 3285 πατρίου
628 3205 820 3287 θρησκείας.
875 3205 945 3270 118.
972 3196 1141 3270 ἀπειλείοο

134 3345 336 3353 ——-.—....-—.

203 3431 216 3476 1
235 3429 281 3476 Es.
295 3427 319 3489 8,
334 3429 357 3478 5.
462 3432 494 3480 22
514 3429 582 3481 Gen.
593 3433 635 3493 49,
651 3433 690 3481 10.
