2326 3818
128 122 190 186 338
534 121 686 173 Ευεοοιτ

129 258 233 332 εἰπόν
252 255 368 330 “εἶδου
391 258 455 349 γάρ
479 256 564 329 θεὸν
587 256 768 347 πρόσωπον
792 256 875 348 πρός
901 257 1102 353 πρόσωπον,

129 364 184 432 καλ
210 358 323 449 έσάθη
347 389 412 450 μου
435 355 456 447 5
480 357 603 449 ψυχή,”
628 355 689 449 οόχ
712 363 827 449 ἕτερον
848 357 1016 450 ὑπάρχειν
1038 367 1105 435 τοό

128 468 215 534 θεοῦ
232 460 334 551 λόγου
358 461 440 532 κατὰ
462 460 521 531 τὸν
545 468 671 531 οίκεϊον
693 458 811 550 καιρόν
828 462 1100 554 παρεστήσαμεν.

62 694 92 746 [1
82 677 447 750 11Ἀπό
464 706 524 749 του
512 676 647 768 Ἰησοῦ
664 683 725 749 του
742 683 852 768 Ναυῆ.

100 807 285 872 ιςὶςοθεος
298 805 393 888 λογος
407 802 473 875 ότῳ
460 805 591 859 Μωσει
599 808 791 889 χρηματίζων
810 803 915 887 ομοίως
928 814 999 891 τοις
1002 805 1126 866 παλαιο

128 873 322 946 προπάτορσιν
333 867 426 941 ὤφθη
436 861 501 927 ταδ’
498 875 585 941 Ιησοῦ
604 875 641 927 τῶ
657 872 783 937 Μωσέως
796 870 924 944 διαδόχῳ
937 870 999 929 ἐν’
980 876 1101 944 ανθρώ-

511 959 566 994 που
579 929 711 1009 σχήματι.

206 1079 279 1139 XIX.
304 1060 393 1135 “Kal
412 1063 598 1154 555555‘
576 1094 620 1148 ως
638 1055 682 1154 ἦν
694 1064 820 1155 Ἰησους
835 1062 893 1137 ἐν’
890 1065 1020 1157 Ιεριχότ,
1040 1072 1099 1139 καὶ

128 1164 318 1256 ἀναβλέψας
334 1165 397 1260 όρᾷ
413 1163 597 1258 άνθρωπον
611 1166 771 1255 ἑστηκότα
784 1170 958 1239 κατέναντι
976 1165 1099 1258 αὐτοῦ,

128 1271 184 1338 καὶ
207 1267 228 1358 5
252 1274 400 1360 ῥομφαία
426 1272 615 1357 έσπασμένη
640 1272 676 1340 ἐν
699 1274 740 1359 τῇ
768 1271 854 1358 χειρὶ
878 1265 993 1341 αὐτοῦ.
1039 1275 1099 1341 καὶ
1112 1304 1136 1343 ιο

49 1458 57 1471 υ
128 1368 328 1461 προσελθών
345 1369 504 1459 ὁἸησοός
523 1370 628 1457 εἶπεν,
646 1369 803 1459 ἡμέτερος
823 1369 871 1457 εί,
890 1365 911 1457 5
928 1373 997 1441 τόν
1013 1369 1099 1443 ὑπο·

128 1480 289 1558 ναντίωνς
308 1474 364 1542 καὶ
384 1472 478 1542 εἶπεν
496 1467 603 1564 αὐτῷ,
628 1469 692 1559 έγοδ
709 1468 967 1561 ἀρχιστράτηγος
993 1473 1098 1543 δυνά-

127 1602 214 1663 μεως
238 1581 358 1664 κυρίου
381 1576 461 1644 νυνὶ
484 1574 703 1660 παραγέγονα.
749 1574 805 1641 καὶ
825 1568 950 1660 Ἰησοῦς
974 1581 1098 1645 ἔπεσεν

129 1678 183 1745 ἐπὶ
200 1673 381 1765 πρόσωπον
399 1677 453 1744 ἐπὶ
469 1672 531 1761 τὴν
548 1678 624 1761 γῆν,
643 1675 699 1742 καὶ
719 1673 813 1743 εἶπεν
827 1669 929 1767 αὐτῷ,
949 1678 1098 1747 δέσποτα

60 1806 112 1858 (ειη
128 1783 163 1845 τί
178 1774 396 1866 προστάσσεις
412 1781 459 1868 τῷ
476 1777 525 1867 σχό
541 1775 669 1863 οἰκέτης
693 1777 750 1844 καλ
767 1778 856 1863 λέγει
879 1773 897 1844 ὁ
914 1773 1097 1865 άρχιστρά-
1109 1806 1134 1846 15

127 1906 225 1966 τηγος
242 1885 379 1965 κυρίου,
399 1875 527 1964 Ἰησοῦ,
551 1878 649 1944 λόσαι
666 1872 702 1945 τό
719 1873 877 1965 ὑπόδημα
893 1879 962 1946 τόν
979 1884 1097 1949 ποδῶν

127 1997 204 2048 σου·
224 1976 242 2048 5
260 1977 324 2065 γόιρ
342 1975 440 2056 τόπος
460 1980 496 2045 ἐν
514 1966 541 2068 5
559 1978 602 2045 σὺ
621 1979 759 2063 ἕστηκας
777 1981 818 2066 γη
838 1972 917 2065 άγία
936 1976 1059 2049 έστίν.”

203 2083 234 2148 2.
254 2076 348 2147 Αότόι
366 2076 408 2164 55
427 2080 530 2146 ταῦτα
547 2080 735 2148 καλΜωσεῐ
750 2076 923 2172 ἀρχομένῳ
936 2084 995 2166 της
1007 2092 1095 2151 θεοι-

127 2186 201 2265 ρίας
220 2181 274 2248 ἐπὶ
290 2183 349 2266 τῆς
367 2177 471 2268 βάτου
490 2178 572 2270 πρός
588 2182 649 2249 του
662 2186 781 2267 κυρίου
791 2190 914 2268 είρητο,
933 2178 978 2261 ὥς
997 2187 1098 2271 δηλοῖ

128 2275 145 2367 5
166 2277 277 2369 γραφη
292 2275 359 2362 “59
378 2283 414 2351 δέ
434 2280 503 2351 εἶδε
521 2279 635 2411 κάρτος
652 2276 701 2350 ότι
719 2279 879 2369 προσάγει
899 2287 997 2368 ἰδεῖν,
1017 2284 1092 2351 έκά-
1106 2313 1132 2352 εο

126 2391 224 2452 λεσεν
242 2380 345 2453 αὐτόν
357 2381 470 2473 κάρτος
484 2387 521 2453 ἐκ
534 2387 705 2472 μέσουτου
691 2380 824 2472 βάτου
842 2386 961 2470 λέγων,
980 2388 1094 2471 Μωσῆ

128 2488 255 2573 λίωση,
273 2515 317 2574 μη
305 2484 469 2605 έγγίσης
488 2476 569 2554 τόδε
603 2489 701 2553 λῦσαι
718 2513 755 2554 το
744 2478 928 2573 ὑπόδημα
945 2489 1013 2553 τῶν
1031 2511 1095 2554 πο-

99 2589 197 2655 ιδῶν
215 2605 292 2655 σου·
311 2581 405 2674 ὁγάρ
422 2584 522 2665 τόπος
541 2573 623 2654 έν
596 2611 622 2675 ῳ
640 2582 684 2652 σύ
702 2588 840 2673 ἕστηκας
855 2580 908 2654 ἐπ’
928 2583 1033 2656 αὐτοῦ
1050 2592 1094 2675 γῆ

126 2679 204 2771 άγία
224 2681 348 2756 ἐστίν.”

202 2790 231 2854 3.
250 2781 349 2866 Είς”
328 2814 392 2873 αρα
410 2782 493 2854 καὶ
479 2813 496 2853 0
511 2783 612 2867 αὐτός
629 2777 672 2876 ἦν
684 2784 702 2856 5
716 2805 785 2868 τοῖς
798 2783 996 2877 άμφοτέροις
1013 2816 1091 2877 χρη·
1104 2817 1130 2856 τε

125 2892 264 2972 ματίσας
290 2883 386 2975 θεός,
411 2881 455 2966 59
483 2888 518 2956 ἐκ
541 2916 601 2958 του
590 2891 891 2977 παραγγέλματος
911 2895 1090 2959 δείκνυται.

124 2984 208 3056 άλλόι
226 2990 291 3057 νόν
314 2988 377 3077 μὲν
401 2986 456 3057 διά
478 2992 537 3058 τοῦ
554 2988 818 3113 ἀρχιστρατήγου
835 2996 893 3077 τῆς
918 2988 1091 3078 δυνάμεως

126 3083 240 3179 αότοῦ,
259 3098 382 3159 Μωσεῐ
397 3090 434 3158 δὲ
449 3087 503 3159 διά
515 3118 575 3160 του
560 3088 752 3180 ὀφθέντος
769 3088 912 3179 άγγέλου
929 3097 1090 3175 θεσπίζει.

126 3196 288 3282 στρατιῶν
318 3188 403 3260 δὲ
384 3199 641 3281 υπερουρανίων
666 3195 722 3262 καὶ
746 3187 967 3281 δυνάμεων“
948 3219 1090 3279 υπερκο

193 3423 209 3471 8
225 3422 321 3484 Jos.5‚
336 3425 375 3473 13.
479 3424 511 3472 20
528 3425 580 3477 Ex.
594 3427 618 3487 3,
631 3426 656 3472 4.
