2326 3818
348 142 534 194 ωιοοιοιοεο.
552 143 751 196 EVANG.V1.
771 145 812 193 ιο.
852 195 856 202 ,
994 143 1057 206 403

88 309 177 362 τινος
195 284 251 350 καὶ
270 282 392 351 ἐνθέου
412 279 585 370 δυνάμεως
605 277 829 368 ἐπιδημοόσης
848 279 978 370 αὐτοῖς,
998 282 1058 351 αὐ-

88 392 163 452 τίκα
181 387 419 453 συνεκινοῦντο
443 380 546 451 σάλου
569 385 625 451 καὶ
644 381 765 452 κλόνου
790 386 827 451 ἐν
844 385 975 465 ἑαυτοῖς
993 384 1058 453 πά-

89 507 235 574 σχοντες,
253 481 276 573 ῆ
288 512 324 554 τε
338 489 459 573 καρδία
477 481 588 554 αὐτῶν
602 477 691 571 καὶὴ
709 481 900 572 διανοητικῆ
915 483 1058 573 δυύαμις

88 581 206 710 ῆττάτο
225 593 325 656 ἔνδον
343 591 380 657 ἐν
399 587 548 671 ἑαυτοῖς,
574 582 797 675 ἀποχωροῦσα
816 587 871 653 καὶ
889 592 1057 708 νικωμένη

62 683 153 757 ευπό
183 695 241 777 τῆς
265 685 413 777 ἀοράτως
441 685 713 810 συνελαυνοῆσης
740 690 795 756 καὶ
825 686 929 776 πυρὸς
959 693 1057 809 δίκηη
1091 755 1093 760 ,

87 787 220 920 ἀρρῆτηι
240 788 326 883 λόγῳ
345 786 534 877 φλεγοόσης
548 784 670 869 αάτούς
685 786 869 877 δυνάμεως.
904 784 993 856 12.’
974 787 1058 856 αλλά

87 889 161 960 τότε
178 893 240 980 μὲν
258 887 406 1016 ἀοράτως
431 895 466 959 oc
482 896 637 979 δαίμονες
655 896 761 959 ταῦτα
779 896 925 1013 ἔπασχον
945 893 998 959 ἐπὶ
1016 897 1058 979 τῆ

87 999 147 1061 τοῦ
166 998 313 1081 σωτῆρος
330 990 426 1081 ῆμωυ
440 988 548 1079 Ἰησου
565 998 712 1076 Χριστου
738 998 785 1072 είς
803 990 865 1079 τῆν
884 1003 1057 1079 Αίγυπτον

89 1093 238 1186 ἐνσάρκφ
254 1097 427 1184 ἐπιδημία·
457 1093 571 1180 ἐπειδη
585 1097 622 1162 δε
631 1091 712 1181 μετὰ
725 1099 829 1162 ταῦτα
842 1099 977 1180 γυμυῶς
990 1090 1057 1181 ῆδη
1072 1125 1126 1175 (ωε)

49 1225 73 1263 ιο
88 1194 205 1264 λοιπόν
235 1192 272 1263 τό
303 1196 381 1283 περὶ
409 1191 514 1263 αὐτου
539 1190 735 1282 ευαγγίλιου
759 1211 828 1275 τοῖς
847 1202 1057 1316 Αἰγυπτίοις,

88 1293 201 1385 ὥσπερ
219 1286 281 1365 οὖν
298 1298 354 1364 καὶ
372 1312 441 1374 τοῖς
460 1304 586 1376 λοιποῖς
601 1298 780 1417 fflthv3'
764 1293 969 1384 εκηρόττετο,
989 1293 1058 1383 ῆτε

87 1392 227 1484 ἀόρατος
253 1394 356 1466 αὐτοῦ
381 1393 522 1485 δύναμις
546 1396 612 1466 συν
636 1413 705 1477 τοῖς
733 1394 928 1477 ἀποστόλοις
952 1393 1057 1466 αὐτου

87 1505 199 1587 παρῆν
213 1495 351 1585 ἀφανως
367 1495 627 1587 συμπράττουσα
641 1496 755 1580 αυτοῖς
775 1500 830 1566 καὶ
846 1503 1057 1585 συνεργοῦσα

87 1601 144 1668 καὶ
157 1603 426 1688 καταγγέλλουσα
441 1597 486 1667 δι’
505 1597 686 1688 αὐτῶντῆν
701 1597 825 1687 εὐσεβῆ
836 1605 1058 1669 διδασκαλίαν

49 1731 73 1768 15
88 1696 209 1789 αὐτοῦ,
234 1699 338 1790 μόνον
362 1700 421 1770 τὸν
444 1705 504 1772 ἕνα
529 1704 585 1770 καὶ
602 1699 705 1791 μόνον
729 1697 841 1789 ἀληθῆ
859 1699 942 1770 θεόν
961 1700 1058 1772 εὐσε-

86 1810 163 1889 βεῖν
179 1805 489 1893 παρακελευομένη,
513 1806 581 1874 τῶν
605 1803 643 1872 δὲ
667 1801 836 1891 δαιμόνων
859 1800 937 1882 τούς
955 1801 1058 1872 πάλαι

86 1908 362 1994 πεπλανημένους
386 1903 577 1995 ἀφιστῶσα,
603 1910 654 1974 13.
674 1909 823 1974 ἐνταῦθα
847 1902 964 1974 λοιπόν
989 1904 1057 1992 ῆδη

87 2004 417 2094 Αίγυπτίοις,ι3σπερ
431 1996 494 2076 οὖν
508 2009 563 2075 καὶ
577 2025 646 2088 τοῖς
661 2016 787 2086 λοιποῖς
802 2013 928 2094 ἔθνεσι,
944 2009 1058 2087 στάσις

87 2109 142 2175 καὶ
168 2107 309 2196 πόλεμος
335 2105 494 2196 ἐμφύλιος
519 2117 714 2193 συνίστατο,
745 2113 813 2176 των
837 2109 899 2194 μὲν
925 2105 1086 2196 ἀναχω-ι

49 2205 240 2294 κυρούντων
263 2215 322 2294 τῆς
346 2210 518 2277 πολυθίου
543 2207 670 2297 πλάνης
688 2212 744 2276 καὶ
768 2213 813 2299 τῷ
832 2212 892 2277 τού
909 2213 1058 2292 Χριστοῦ

87 2306 174 2401 λόγῳ
189 2307 472 2398 προστρεχόντων,
486 2315 555 2377 τῶν
565 2310 603 2377 δὲ
617 2312 650 2391 ἐξ
663 2307 951 2389 ἐναντίαςτοότοις
961 2320 1056 2379 πολε-

86 2408 241 2497 μούντων
265 2412 321 2478 καὶ
344 2404 412 2478 ἀπὸ
435 2415 503 2479 τῶν
526 2415 660 2478 οίκείων
684 2408 854 2496 δαιμόνων
874 2413 1056 2498 ἐξοιστρου-

86 2514 209 2598 μεύων,
225 2509 268 2593 ὡς
282 2512 337 2580 καὶ
348 2506 515 2597 ἀδελφούς
528 2506 681 2597 ἀλλῆλωυ
691 2516 895 2596 διίστασθαι,
910 2513 966 2578 καὶ
979 2507 1057 2591 τούς

86 2612 263 2700 φιλτάτους
280 2611 335 2682 διά
348 2615 455 2701 ξιφῶν
470 2629 590 2701 χωρεῖν
604 2617 662 2700 τῆς
674 2614 734 2682 τοῦ
741 2618 886 2701 Χριστοῦ
899 2617 1057 2681 διδασκα-

48 2741 72 2779 ιι
87 2722 159 2796 λίας
179 2719 312 2802 ἕνεκεν,
337 2711 478 2803 φησίνδ
499 2711 642 2805 χρησμός
662 2712 742 2784 “nal
774 2712 1057 2801 ἐπεγερθῆσονται

87 2812 326 2901 Αίγύπτιοιίπ’
335 2822 543 2901 Αἰγυπτίους
556 2819 611 2885 καὶ
619 2813 797 2904 πολεμήσει
811 2813 991 2902 ἀνθρωπος
999 2813 1058 2886 τόν

86 2910 236 3002 ἀδελφὸν
261 2914 366 2984 αὐτου
390 2918 447 2985 καὶ
470 2913 651 3004 ἅνθρωπος
674 2915 733 2986 τόν
756 2923 899 3004 πλησίου
918 2914 1055 2987 αὑτοῦ.”

88 3021 136 3085 14.
156 3021 330 3085 πιστοῦται
350 3016 467 3105 δὲτὴν
484 3016 695 3107 προφητικῆυ
713 3016 898 3109 πρόρρησιν
921 3023 976 3088 καὶ
995 3017 1053 3087 αὐ·
1064 3047 1093 3097 [ιι

85 3116 166 3200 τόςὸ
179 3116 289 3207 σωτῆρ
298 3116 405 3208 ῆμοῐν,
425 3116 567 3207 φάσκων
580 3122 617 3189 ἐν
628 3135 697 3200 τοῖς
710 3115 917 3208 εὐαγγελίοις
926 3117 1053 3208 “παρα-
1074 3160 1084 3188 c

47 3246 72 3286 ³0
87 3219 187 3290 δόσει
202 3215 505 3310 ἀδελφὸςάδελφδν
519 3227 566 3301 είς
577 3219 728 3293 θάνατον
738 3224 793 3291 καὶ
809 3220 1055 3309 πατῆρτὲκνον,

153 3455 186 3502 ιο
204 3453 304 3505 οιιιιο.
321 3456 359 3515 ιο,
374 3456 415 3502 αι.

822 3535 896 3599 w*
