2326 3818
353 114 540 167 DEMONST.
558 113 694 169 στανος
711 115 787 167 v111.
807 119 830 171 1.
1005 113 1067 176 499

95 253 239 344 Ἐσεβῶν
258 257 293 324 ἐκ
312 253 486 343 Βηθλεὲμ,
504 256 560 323 καὶ
578 252 660 342 μετὰ
677 257 796 324 τοῦτον
815 254 931 324 Αίλῶν
950 258 986 323 ἔκ
1004 283 1069 342 φυ-

98 364 157 445 λῆς
181 354 383 444 Ζαβουλῶν,
407 362 520 426 ἔπειτα
545 353 694 442 Λαβδῶν
724 357 761 423 ἔκ
786 357 895 443 φυλῆς
916 351 1068 446 Ἐφραίμ,

98 461 154 528 καλ
173 447 273 539 αύθις
292 453 445 547 Σαμηνῶν
470 459 506 525 ἐκ
528 460 639 545 φυλῆς
656 452 749 543 Δύν,
778 461 891 525 ἔπειτα
909 453 1069 547 ἀναρχίας

97 558 210 629 αὐτῶν
226 560 408 647 γενομένης
426 555 537 645 ἡγεῖτο
556 552 669 627 αύτῶν
682 552 771 626 Ἠλεὶ
790 553 807 625 ὁ
823 554 931 647 ίερεύς
951 562 988 626 ἐκ
1006 586 1069 645 φυ-

70 663 156 749 ελῆς
180 666 275 730 Λενί.
326 664 377 728 28.
402 649 494 728 οὗτοι
524 655 646 739 πάντες
669 660 778 748 κριταὶ
809 666 983 746 κρίναντες
1011 656 1069 726 τὸν

91 760 240 853 Ἰσραὴλ,
259 756 321 830 ούκ
340 764 376 830 ἔκ
391 763 548 848 διαδοχῆς
563 755 684 848 Ἰούδα,
703 763 740 828 ἔκ
758 757 931 849 διαφόρων
951 759 987 827 δὲ
1005 787 1068 846 φυ-

96 867 166 933 λῶν
183 859 330 932 ἄλλοθεν
343 858 441 942 ἄλλος
455 859 649 954 γενόμενος·
678 862 733 930 καὶ
751 856 820 948 ὅγε
833 859 915 949 μετὰ
931 857 1069 941 τούτους

97 971 227 1053 πρῶτος
246 961 358 1034 αὐτῶν
371 960 573 1052 βασιλεύσας
589 958 705 1032 Σαούλ
724 965 760 1030 ἐκ
774 965 883 1050 φυλῆς
901 950 1068 1048 ῆνΒενια-

96 1072 164 1155 μίν.
200 1071 252 1136 29.
273 1070 343 1145 πῶς
360 1055 423 1135 οὖν
439 1062 476 1134 τδ
490 1059 577 1133 “ούκ
602 1065 747 1146 ἐκλείψει
765 1059 878 1152 ἅρχων
902 1066 933 1146 έξ
949 1059 1068 1150 Ἰούδα,

59 1199 83 1239 10
96 1163 179 1237 ούδέ
202 1163 387 1254 ῆμούμενος
412 1168 449 1233 έκ
471 1171 540 1234 τῶν
563 1167 680 1255 μηρῶν
704 1160 830 1234 αύτοῦ”
857 1162 917 1252 (ῶς
935 1159 978 1235 ι’ὶν
996 1171 1067 1254 οίη-
1082 1193 1137 1244 (ιιι)

96 1274 175 1355 θείη
203 1266 266 1356 τις)
301 1269 355 1335 ἔτιὶ
381 1264 460 1346 τοὺς
493 1268 530 1335 ἐκ
556 1269 665 1352 φυλῆς
686 1259 795 1335 Ἰούδα
821 1261 983 1355 ἄρχοντας
1014 1268 1069 1336 καὶ

96 1366 304 1456 ἡγουμένους
326 1362 605 1456 ἆνενεχθῆσεται,
629 1364 684 1437 ὅτε
707 1372 886 1455 φαίνονται
912 1363 977 1437 ύτὸ
1001 1373 1069 1438 τῶν

96 1467 227 1559 χρόνων
249 1471 308 1555 τῆς
330 1471 392 1537 τού
411 1463 529 1555 Ἰακῶβ
551 1471 706 1555 τελευτῆς
723 1463 813 1548 ὅλοις
838 1472 946 1538 ἔτεσιν
971 1466 1069 1556 ἐγγύς

96 1597 162 1641 που
180 1575 297 1659 χιλίοις
314 1566 376 1639 ούκ
395 1572 431 1638 ἔκ
448 1567 553 1657 μόνης
565 1572 623 1657 τῆς
637 1565 746 1640 Ἰούδα
759 1573 869 1658 φυλῆς
883 1570 1069 1658 προαχθέν-

58 1703 83 1742 15
95 1699 167 1758 τες,
186 1666 261 1741 ἄλλ’
281 1667 398 1740 ἄλλοτε
417 1672 450 1752 ἔξ
468 1665 586 1759 ἄλλης,
605 1673 700 1759 μέχρι
710 1673 779 1740 τῶν
792 1672 907 1758 Λαβλδ
919 1668 1068 1760 χρόνους

97 1779 128 1841 εί
145 1772 183 1842 δὲ
200 1771 282 1861 μετὰ
298 1768 376 1854 τούς
393 1769 573 1852 τοσούτους
590 1768 608 1840 δ
627 1773 742 1859 Λαβὶδ
759 1777 795 1841 οί
809 1799 845 1841 τε
865 1776 901 1841 ἔκ
918 1775 976 1860 τῆς
995 1770 1069 1842 τού-

96 1901 156 1944 του
176 1877 332 1962 διαδοχῆς
350 1870 608 1960 βασιλεύσαντες
625 1870 685 1943 τού
700 1868 872 1945 Ἰουδαίων
891 1881 1014 1954 ἔθνους
1033 1877 1069 1942 ἐκ

96 1979 206 2064 φυλῆς
217 1972 397 2063 γεγόνασιν
411 1972 540 2063 Ἰούδα,
554 1971 638 2044 ἀλλὰ
651 1973 714 2064 χρῆ
735 1998 773 2044 σε
788 1976 912 2044 είδέναι
925 1971 975 2043 ὅτι
989 1971 1069 2044 οὐδὲ

96 2072 186 2156 ὅλοις
204 2081 434 2155 πεντακοσίοις
454 2083 540 2146 ἔτεσι
559 2073 741 2165 διήρκεσαν
759 2065 851 2146 οὗτοι
868 2078 929 2144 τού
946 2073 1069 2157 τιαντός

59 2207 84 2246 ιο
98 2183 221 2257 ἔθνους
238 2174 511 2263 βασιλεύσαντες,
529 2172 614 2244 ἀλλὰ
626 2175 741 2264 μόνων
754 2180 874 2264 φυλῶν
888 2181 1002 2267 τριῶν,
1013 2179 1068 2246 καὶ
1083 2204 1097 2244 b

96 2274 176 2346 οὐδὲ
193 2274 281 2346 ὅλων
299 2274 444 2362 τούτων,
468 2272 548 2345 καθ’
570 2272 629 2357 ούς
648 2278 758 2366 ἕτεροί
772 2304 860 2358 τινες
887 2274 1069 2366 ἐτύγχανον

96 2381 154 2447 τοῦ
172 2384 326 2458 πλείονος
350 2383 475 2457 ἔθνους
498 2377 555 2445 καὶ
579 2373 668 2446 ὅλων
691 2404 730 2464 χε
754 2380 852 2446 ἐννέα
870 2383 990 2464 φυλῶν
1007 2376 1069 2465 τῆν

95 2484 271 2565 βασιλείαν
296 2479 477 2559 διέποντες.
520 2482 570 2546 30.
597 2475 679 2565 μετὰ
704 2475 766 2566 γὰρ
789 2477 853 2565 τὴν
878 2480 940 2545 τού
963 2486 1068 2548 Σολο-

95 2583 205 2669 μῶνος
226 2576 384 2668 τελευτῆν
410 2579 637 2669 διαιρεθέντος
660 2585 721 2650 τοῦ
744 2575 867 2673 παντὸς
893 2584 1016 2659 ἔθνους
1035 2582 1067 2661 ἔξ

56 2713 81 2752 ει
93 2677 222 2771 Ἰούδα,
247 2685 306 2752 τού
331 2683 447 2767 Λαβλδ
471 2678 620 2772 διάδοχοι
643 2684 763 2770 τριῶν,
789 2679 833 2761 ῶς
860 2687 963 2768 ἔφην,
989 2676 1065 2750 οὐδ’

94 2780 184 2852 ὅλοιν
206 2786 325 2871 φυλῶν
350 2784 403 2851 ἐπὶ
427 2787 486 2871 τῆς
511 2777 726 2872 Ἰερουσαλὴμ
752 2785 950 2869 ἐβασίλευον
972 2784 1068 2872 μέχρι

94 2887 152 2969 τῆς
173 2888 219 2963 είς
237 2888 426 2971 Βαβυλῶνα
444 2889 679 2973 αἰχμαλωσίας.
716 2889 767 2954 31.
789 2880 863 2953 κατ’
890 2879 1011 2964 αύτούς
1031 2885 1068 2954 δὲ

94 2981 232 3064 τούτους
251 2986 305 3054 έτιλ
322 2990 379 3073 τῆς
398 2992 592 3075 Σαμαρείας
610 2982 697 3055 οὕτω
716 2985 923 3075 καλουμένης
941 2983 1068 3067 πόλεως

95 3087 163 3156 τῶν
183 3087 280 3156 ἐννέα
302 3088 422 3174 φυλῶν
445 3084 626 3176 ῆχούμενοι
643 3081 706 3155 ούκ
725 3089 757 3170 ἐξ
777 3084 905 3173 Ἰούδα,
930 3084 1002 3154 ἀλλ’
1034 3088 1066 3166 ἔξ

57 3217 83 3258 εο
97 3189 220 3277 ἑτέρων
238 3189 357 3275 φυλῶν
370 3189 474 3277 ἕτεροι
489 3190 690 3276 διετέλεσαν,
710 3178 758 3258 ῶν
770 3191 900 3277 πρῶτος
913 3176 956 3274 ῆν
969 3183 1066 3275 Ἱερο-
1085 3229 1095 3256 e

96 3287 184 3377 βοδιμ
203 3291 239 3358 έκ
256 3291 365 3378 φυλῆς
380 3284 538 3379 Ἐφραίμ,
557 3291 612 3359 καὶ
629 3293 665 3359 οί
679 3292 823 3377 καθεξῆς
836 3284 918 3378 μετίι
935 3290 1065 3373 τούτου,

97 3387 141 3470 ῶς
158 3388 237 3479 μηδ’
266 3393 302 3460 έν
326 3405 394 3472 τοϊς
411 3389 535 3479 μεταξύ
552 3388 683 3481 χρόνοις
708 3405 777 3472 τοϊς
795 3386 860 3460 ἀπὸ
878 3392 993 3478 Λαβλδ
1012 3391 1064 3459 ἐπὶ

536 3500 538 3505 ’
822 3501 887 3567 32*
