2326 3818
344 128 532 186 DEMONSI'.
550 130 685 184 EVANG.
705 131 781 186 VIII.
798 134 823 186 4.
994 130 1057 195 553

90 266 311 359 προφητεύει,
337 273 395 358 τής
413 265 630 359 Ἰερουσαλήμ
654 267 728 359 άρτι
742 268 815 341 τότε
833 268 1058 363 ἀνεγηγερμέ-

89 399 149 458 υης
168 374 205 440 έκ
222 378 280 460 τῆς
304 371 465 460 προτέρας
490 373 644 461 ἐρημίας,
669 368 714 459 ἣν
736 369 803 442 ὑπὸ
826 379 1057 460 Βαβυλωνίων

90 475 250 543 πέπονθε.
271 470 453 560 συνάγεται
468 473 505 541 δὲ
519 469 537 540 ὁ
551 477 615 553 πάς
628 469 747 562 χρόνος
762 469 827 543 άπὸ
840 480 899 562 τῆς
907 484 1057 564 Δαρείου
1070 515 1081 543 0

89 578 148 644 τοῦ
167 577 302 664 Πέρσου
320 579 511 662 βασιλείας,
536 571 617 644 καθ’
644 569 688 661 ήν
705 569 723 644 ὁ
742 583 909 664 Ζαχαρίας
928 603 1056 666 προφη-

63 673 197 763 5τεύει,
225 678 279 745 ἐπὶ
306 674 505 763 Αὔγουστον
530 673 702 765 Ῥωμαίων
734 679 872 763 βασιλέα
901 684 948 758 είς
974 680 1057 747 ἐτῶν

90 774 279 866 ἑβδομάδας
306 776 388 848 ἑπτά
414 779 471 847 καλ
496 775 655 866 ἑξήκοντα
680 775 742 849 δύο
767 777 824 859 τὰς
849 782 886 848 έν
911 782 957 870 τῷ
984 791 1057 848 Δα-

88 877 164 966 νιὴλ
188 881 391 970 φερομένας,
420 875 441 948 ά
473 884 602 968 γίνεται
631 885 687 967 ἔτη
717 877 912 971 τετρακόσια
935 876 1057 968 ὀγδοή-

88 1009 190 1053 κοντα
207 986 302 1071 τρία,
322 978 366 1062 όις
383 977 604 1070 ἀπεδείξαμεν
628 983 665 1051 έν
688 997 757 1064 τοῖς
780 990 887 1076 μικρῷ
906 980 1057 1073 πρόσθεν

88 1087 381 1171 γεγυμνασμένοις.
426 1088 474 1153 10.
506 1079 583 1152 ούτε
614 1082 650 1151 δὲ
680 1085 734 1152 ἐπὶ
761 1089 820 1171 τής
844 1084 1057 1155 Μακεδόνων

49 1212 74 1251 ιο
88 1181 154 1253 άπὸ
168 1182 388 1272 Ἀλεξάνδρου
409 1183 488 1273 [καὶ]
509 1185 622 1273 μέχρις
631 1179 830 1273 Αύγούστου
849 1192 1058 1275 παραταθεί-

89 1306 149 1372 σης
179 1288 248 1355 τοῖν
280 1286 518 1375 ἐμφερομένων
553 1302 622 1366 τοῖς
652 1288 714 1356 τού
733 1285 917 1377 προφήτου
949 1288 1057 1375 λόγοις

10 1391 12 1397 ’
89 1393 290 1456 συνίσταταί
317 1415 349 1456 τι
381 1388 654 1476 πεπληρωμένον.
708 1392 756 1458 11.
786 1385 865 1458 πότε
890 1385 953 1478 γάρ
979 1387 1051 1456 κατ’

90 1490 239 1569 ἐκείνους
257 1484 335 1570 τούς
354 1486 495 1578 χρόνους
512 1493 574 1557 τού
587 1486 677 1577 παρά
690 1505 760 1570 τοῖς
774 1488 960 1580 προφήταις
978 1501 1056 1558 θεο-

89 1591 297 1678 λογουμ’ένου
337 1595 458 1679 κυρίου
498 1586 692 1677 ἀνθρώποις
736 1590 929 1672 ἐπιστάντος
971 1599 1084 1679 έθνηο

50 1720 76 1761 ιο
90 1690 196 1760 πολλά
216 1687 394 1779 ἐπιγνόντα
413 1686 515 1760 αύτόν
539 1693 595 1760 καὶ
619 1689 723 1779 μόνον
747 1690 830 1762 θεόν
855 1689 959 1762 αὐτὸν
976 1690 1056 1781 ὁμο-

88 1791 277 1882 λογήσαντα
297 1788 370 1863 ’ἐπ’
410 1789 514 1863 αὐτόν
549 1794 782 1883 καταπέφευγε
825 1796 882 1863 καὶ
917 1796 1056 1883 γέγονεν

89 1892 181 1988 αύτῷ
200 1902 248 1976 είς
274 1893 375 1982 λαόυ;
401 1890 421 1985 ή
440 1892 519 1965 πότε
538 1894 620 1965 κατά
637 1893 716 1977 τούς
734 1899 879 1984 Περσων
902 1891 922 1984 ή
942 1905 1056 1966 Μακε-

90 1994 203 2067 δόνων
228 1995 369 2087 χρόνους
393 1995 411 2067 ὁ
436 1995 728 2088 προφητευόμενος
759 1995 916 2086 βασιλεύς
941 1995 1056 2085 ἐλήλυ-

88 2107 153 2166 θεν
161 2151 170 2185 ,
197 2094 403 2186 έπιβεβηκάς
429 2100 482 2166 ἐπὶ
511 2093 692 2185 ὑποζύγιον
727 2102 782 2169 καὶ
822 2102 935 2170 πῶλον
962 2101 1056 2185 νέους

50 2230 75 2268 εο
90 2196 202 2267 ἐλθών
219 2226 255 2268 τε
278 2201 339 2267 τού
357 2197 531 2268 Ἰουδαίων
549 2205 672 2280 ἔθνους
693 2195 834 2290 Ἐφραίμ
858 2200 1058 2290 ὀνομαζομέ-

89 2326 151 2367 νου
170 2301 301 2386 καὶτῆς
320 2293 536 2387 Ἰερουσαλήμ
554 2296 656 2387 αύτής
673 2297 735 2389 τήν
752 2300 931 2388 βασιλικήν
949 2300 1058 2389 παρά-

88 2403 200 2487 ταξιν,
233 2397 363 2490 άρματα
394 2402 449 2468 καὶ
487 2403 592 2469 ἵππον
620 2404 904 2488 ἐπικαλουμένην,
937 2401 1057 2483 έξωλό-

88 2511 235 2590 θρενσε,
260 2498 297 2570 τό
319 2527 355 2569 τε
379 2495 550 2570 ὁπλιτικόν
574 2505 633 2571 τού
653 2499 827 2571 Ἰουδαίων
851 2509 973 2583 ἔθνους
999 2531 1055 2571 κα-

89 2612 200 2688 θείλε;
224 2608 321 2672 τούτο
346 2598 409 2692 γάρ
431 2598 551 2688 ἐδήλου
569 2600 606 2673 τό
631 2599 744 2690 λόγιον
768 2601 900 2690 φάσκον
919 2598 1054 2673 “ίδούὸ

51 2736 76 2776 τι
90 2702 247 2792 βασιλεύς
266 2727 328 2776 σου
355 2711 487 2795 ἔρχεταί
502 2725 554 2775 σοι
579 2711 706 2787 δίκαιος
725 2707 779 2775 καλ
799 2703 930 2795 στάζων,
957 2702 1056 2787 αὐτὸς

89 2803 198 2896 πραύς
236 2809 291 2876 καὶ
325 2803 530 2894 ἐπιβεβηκώς
567 2809 620 2876 έπλ
647 2804 828 2895 ὑποζύγιον
858 2809 913 2876 καὶ
943 2811 1056 2878 πάλον

88 2911 184 2995 νέον,
216 2911 272 2977 καλ
291 2904 611 2994 ἑξολοθρευθήσεται
635 2902 732 2990 τόξον
754 2905 969 2996 πολεμικόν.”
1004 2916 1053 2980 12,
1069 2934 1122 2984 (μοι

88 3012 192 3080 ταῦτα
210 3007 275 3097 γάρ
293 3012 369 3098 περὶ
386 3014 444 3096 τής
458 3010 686 3098 καθαιρέσεως
704 3014 762 3097 τής
776 3015 949 3098 βασιλικῆς
964 3007 1056 3094 άξίας

88 3115 150 3182 τού
173 3109 347 3182 Ἰουδαίων
371 3116 494 3191 ἔθνους
519 3113 727 3197 ἐθεσπίζετο,
763 3109 817 3200 ἐφ’
844 3103 867 3200 ή
891 3110 992 3180 πάλιν
1016 3103 1055 3180 τά

50 3245 77 3284 οο
90 3217 149 3298 τής
180 3218 247 3282 τῶν
280 3213 392 3281 ἐθνῶν
423 3209 558 3301 εἰρήνης
583 3210 774 3302 συμφώνως
803 3228 872 3292 τοῖς
903 3210 1055 3297 πρόσθεν

89 3311 349 3402 άποδεδομένοις
365 3315 549 3401 έπιλέγεται
569 3313 624 3382 διά
641 3317 701 3383 τοῦ
720 3309 738 3338 “
749 3316 804 3383 καὶ
819 3317 948 3400 πλήθος
968 3313 1055 3399 εἰρή-

88 3444 150 3504 νης
164 3418 202 3510 ,ἐξ
218 3410 362 3485 έθυῶυ.”
401 3418 449 3483 13.
470 3409 551 3484 ἄνθ’
570 3405 613 3484 ού
629 3413 647 3484 ὁ
664 3411 804 3497 Ἀκύλας
823 3417 878 3484 καλ
897 3421 932 3485 οί
947 3420 1054 3484 λοιποί
