2326 3818
145 137 208 202 592
560 140 711 191 Ευευειι

146 308 201 358 τος
219 276 312 348 οἶνον
328 276 577 366 μετασκευάσας
589 275 718 367 “ἇρχήν
738 275 858 346 αὐτόθι
881 281 949 345 τῶν
966 282 1116 362 σημείων

149 377 345 466 ἐποιήσατο,
363 376 418 449 ὅτε
435 381 491 449 καλ
510 381 701 468 ἐφανέρωσε
718 375 780 466 τήν
800 375 901 460 δόξαν
919 372 1039 464 αὐτοῦ,
1059 381 1113 446 καί

149 486 348 550 ἐπίστευσαν
365 487 400 550 οί
415 478 595 570 μαθηταί.”
629 486 658 550 8.
677 483 742 550 θέα
763 480 800 548 δὲ
816 487 848 549 εί
859 477 903 568 μή
920 476 1001 547 αὐτό
1016 485 1116 549 τοῦτο

149 586 280 673 πρῶτον
297 589 364 680 τοῦ,
376 589 523 671 σωτῆρος
541 580 636 670 ήμιόν
653 584 769 670 θαῦμα
788 585 825 651 ἐν
842 584 940 674 Κανηῖ
952 585 1115 669 τήςΓαλι-

148 691 243 765 λαίας
260 681 442 772 γευόμενον
461 686 515 753 ἐπὶ
532 690 590 771 τής
607 686 668 753 τοῦ
685 694 780 753 οίνου
793 688 978 771 μεταβολῆς
996 689 1142 752 θεσπί-ε

133 784 213 869 ζων
240 789 277 854 ἐν
303 781 388 873 ἀρχῇ
415 787 472 872 τῆς
499 793 701 874 προφητείας
728 793 927 874 παρίστησιν
953 781 970 852 ὁ
998 781 1117 871 παρών

147 885 262 974 λόγος,
281 884 421 972 φοίσκων
435 881 555 956 “τοῦτο
569 890 702 972 πρῶτον
720 893 787 975 πίε,
805 883 887 975 ταχῦ
905 892 1004 973 ποίει,
1024 882 1116 972 χῦρα

150 983 333 1074 Ζαβουλῦν
346 988 402 1055 καλ
415 990 459 1075 γή
472 988 684 1075 Νεφθαλείμ,
704 995 865 1056 Γαλιλαία
882 989 950 1056 τεόν
969 981 1115 1056 ε’θνῶν.”

149 1093 178 1157 9.
200 1094 231 1156 εί
257 1089 295 1156 δὲ
325 1085 497 1176 σῦμβολον
522 1079 566 1176 ἦν
595 1087 632 1159 τό
655 1085 845 1178 παράδοξον
868 1089 1116 1177 μυστικωτέρου

120 1217 134 1256 d
149 1186 330 1276 κρίματος,
356 1187 622 1277 μεταβληθίντος
641 1193 677 1258 ἐκ
694 1194 753 1278 τῆς
770 1194 1042 1280 σωματικωτέρας
1061 1190 1115 1256 ἐπὶ
1129 1221 1155 1260 10

148 1288 210 1377 τήν
227 1289 349 1376 νοερίιν
365 1293 421 1360 καί
448 1288 679 1379 πνευματικήν
697 1287 913 1380 εὐφροσύνην
930 1296 990 1362 τοῦ
1008 1312 1115 1361 πιστι-

149 1398 209 1460 κοῦ
227 1395 285 1480 τής
302 1394 419 1480 καινῆς
444 1390 609 1480 διαθήκης
626 1389 807 1480 κρίματος,
832 1388 897 1479 ὅρα,
917 1391 1043 1481 μήποτε
1061 1395 1116 1460 καλ

148 1499 246 1564 τοῦτο
263 1510 332 1575 τοῖς
355 1494 432 1581 περὶ
454 1500 512 1581 τής
529 1501 709 1574 Γαλιλαίας
735 1495 951 1581 δηλουμένοις
975 1492 1118 1564 ἆκολοῦ·

148 1606 220 1676 θως
237 1592 406 1684 ήνίττετο,
431 1602 601 1678 θεσπίζων
620 1589 664 1674 ῦς
682 1592 746 1679 α”ρα
763 1593 986 1683 μελλήσουσιν
1005 1598 1058 1664 ἐπὶ
1076 1599 1118 1684 τῇ

150 1702 295 1782 Χριστοῦ
313 1704 481 1787 παρουσίᾳ
498 1694 675 1784 πρώτιστοι
701 1694 838 1765 πάντων
855 1702 890 1764 ολ
904 1696 966 1782 τήν
985 1704 1117 1784 Ζαβον-
1131 1723 1156 1764 15

149 1795 218 1867 λῶν
235 1800 292 1866 καλ
309 1801 511 1886 Νεφθαλείμ
528 1803 715 1884 οἰκοῦντες,
733 1793 807 1866 ἀλλ’
828 1796 889 1886 οὐχ
907 1803 942 1867 οί
956 1796 1018 1884 τήν
1031 1797 1116 1866 Ἰου-

151 1904 251 1981 δαίαν
275 1902 331 1967 καὶ
354 1897 416 1984 τήν
434 1896 667 1987 Ἰερουσαλήμ,
694 1903 753 1968 τοῦ
777 1897 921 1988 πόματος
938 1905 997 1967 τοῦ
1015 1895 1117 1983 εὐαγ-

149 2002 284 2084 γελικοῦ
309 1996 520 2086 κηρύγματος
550 1996 809 2087 μεταλήψεσθαι.
860 2005 909 2068 10.
935 2005 1045 2066 αίτίαν
1079 1999 1117 2066 δὲ

150 2097 278 2179 τούτοις
295 2104 352 2186 τῆς
368 2097 578 2187 εὐφροσύνης
591 2104 673 2189 φησὶ
692 2104 852 2189 γενέσθαι
865 2100 927 2187 τήν
939 2105 998 2170 τοῦ
1016 2098 1116 2188 μεγά-

150 2208 211 2268 λου
229 2196 337 2288 φωτός
357 2207 532 2290 ἔκλαμψιν,
551 2211 585 2271 οἳ
600 2203 664 2290 πρὸ
682 2207 740 2290 τῆς
752 2209 937 2290 παρουσίας
952 2205 988 2271 ἐν
1006 2200 1116 2272 σκότει
1130 2231 1154 2270 ιο

150 2299 364 2390 καθεζόμενοι
383 2307 420 2372 ἐν
437 2301 528 2395 χοίρηι
546 2305 600 2372 καλ
619 2308 696 2396 σκιᾷ
713 2303 865 2373 θανολτου
884 2308 1016 2390 διῆγον·
1037 2300 1116 2372 ιἰνα-

149 2401 342 2486 τεταλκότος
366 2404 403 2473 δὲ
427 2403 540 2485 αὐτοῖς
562 2409 622 2474 τοῦ
647 2413 812 2492 σωτηρίου
842 2404 969 2494 φωτὸς,
996 2412 1117 2474 τοῦτον

151 2502 444 2594 εὐφρανθήσονται
461 2505 519 2575 τόν
536 2504 676 2595 τρόπον,
697 2505 741 2586 ὡς
755 2512 789 2576 οί
805 2504 1061 2594 εὐφραινόμενοι
1080 2511 1117 2575 ἐν

83 2635 137 2686 (ιιι)
151 2601 274 2700 ιἰμητῷ,
293 2610 348 2675 καλ
366 2603 405 2676 ὃν
423 2605 547 2696 τρόπον
564 2613 597 2676 οἱ
615 2606 840 2696 διαιρούμενοι
853 2610 968 2676 σκῦλα.
996 2613 1043 2674 11.
1060 2610 1116 2673 καλ

149 2710 254 2776 ταῦτα
280 2709 316 2776 δὲ
342 2714 427 2798 ἔργφ
453 2710 653 2796 ἐπληροῦτο,
685 2706 740 2778 ὅτε
768 2707 845 2788 τοῦς
869 2705 1073 2786 ἀποστόλους
1097 2703 1155 2777 ὁτι

151 2806 261 2895 σωτήρ
280 2809 335 2876 καλ
360 2807 474 2897 κύριος
492 2807 587 2897 ἡμων
613 2807 677 2879 ἇπῦ
695 2814 753 2896 τῆς
771 2817 950 2889 Γαλιλαίας
969 2828 1118 2898 προσκα-

152 2906 330 2997 λεσάμενος
347 2908 388 2978 τόι
406 2908 578 2997 παράδοξα
595 2918 663 2981 τῶν
681 2917 789 2999 ἔργων
806 2913 862 2980 καὶ
878 2909 941 2997 τήν
955 2916 1118 3003 διδασκα-

150 3017 229 3079 λίαν
259 3009 371 3093 αὐτοίς
403 3016 627 3082 ἐπεδείκνυτο.
674 3017 722 3082 12.
750 3009 1051 3101 εὐφρανθήσεσθαι
1080 3014 1117 3081 δὲ

152 3110 273 3192 αὐτοῦς
298 3117 451 3184 ἐναντίον
475 3109 579 3184 αὐτοῦ
596 3109 616 3200 ἡ
635 3122 820 3201 προφητεία
843 3123 994 3198 θεσπίζει
1019 3120 1118 3201 δίκην

150 3216 219 3282 τεόν
236 3209 510 3304 εὐφραινομένων
531 3218 567 3284 ἐν
585 3211 707 3309 ἆμητῷ.
735 3222 820 3309 ποίφ
834 3216 871 3285 δὲ
883 3209 1021 3308 τοῦτφή
1040 3218 1116 3303 περὶ
1132 3249 1157 3291 ιο

212 3449 226 3496 1
244 3449 289 3499 λυ,
304 3452 327 3513 2,
344 3452 385 3505 11.
