2326 3818
317 125 799 178 DEMONST.EVANG.V.17.18.
977 124 1039 189 337

374 341 455 415 Ἀπό
472 303 563 415 τόῖν’
560 349 731 437 Αριθμῶν.

67 470 118 536 Ως
131 470 180 528 τὸν
193 469 267 528 θεὸν
278 474 316 543 τῷ
324 467 462 554 Ἰσραὴλ
449 468 555 556 ορατὸν
569 468 678 526 εἶναι
662 494 680 542 η
693 475 765 526 θεία
783 469 920 527 διδάσκει
932 474 1039 544 γραφὴ,

299 532 357 594 τὸν
369 559 420 594 του
405 542 505 594 θεοῦ
519 538 605 608 λόγον
616 537 810 608 αἰνιττομένη.

155 679 255 740 XVIII.
275 661 329 736 ’Ev
346 680 416 745 τοῖς
429 662 600 756 Ἀριθμοῑς
614 662 769 754 όΜωσῆς
784 662 962 754 εὐχόμενός
979 696 1041 755 φη·
1055 695 1069 735 d

48 765 151 839 εσιν
154 762 216 836 ότι
235 766 278 837 σύ
297 764 383 837 εἷ’
339 795 455 858 ανριος
469 770 506 836 ἐν
523 794 569 858 τφ
557 768 659 860 λαῷ
670 764 789 861 τοότφ,
807 765 897 848 ὅστις
910 765 1043 890 ὀφθαλ-

72 886 146 957 μοῖς
164 864 238 937 κατ’
264 864 494 957 όφθαλμούς’
479 865 608 958 οπτάνφ
632 867 674 936 σύ
692 864 815 958 κόριε’
818 864 945 939 ’ἄνθ’
966 859 1042 939 οὗό

72 965 163 1059 μέν’
157 967 294 1050 Ακόλας
319 965 542 1052 e’sse'dmuffl
523 997 573 1039 οτι
597 968 640 1038 σι)
666 969 696 1037 εί
721 967 897 1060 κόριοςέν
916 969 1043 1065 έμκάτφ

72 1078 131 1141 τοῦ
149 1075 234 1141 λαοό
250 1068 388 1158 τούτου,
406 1066 442 1151 ός
459 1066 639 1160 ὀφθαλμόν
658 1073 695 1140 ἐν
712 1067 902 1160 ὀφθαλμοῖς
920 1069 983 1165 ὁρᾷ
1000 1069 1043 1142 σύ

73 1168 201 1261 κύριε.”
238 1170 308 1240 ὅδὲ
322 1169 503 1261 Σύμμαχος
516 1167 590 1240 “Su
608 1170 651 1240 σύ
670 1169 701 1239 εί
717 1168 845 1261 αόριε.”
880 1178 910 1242 2.
931 1176 987 1242 καὶ
1006 1178 1043 1243 ἐν
1056 1200 1110 1253 (ια)

35 1268 190 1363 ιοἘξόὸφ
216 1283 343 1360 είρηται
363 1266 443 1342 “uaI
467 1268 571 1360 άνέβη
596 1276 725 1360 Μωσῆς
753 1275 810 1341 καὶ
828 1271 959 1364 Ἀαρών
988 1277 1043 1344 καλ

73 1371 197 1461 Ναδὰβ
221 1373 278 1442 καὶ
292 1368 444 1460 Ἀβιοόθ,
468 1377 524 1443 καὶ
549 1371 778 1462 ἑβδομήκοντα
801 1376 870 1442 τοῖν
893 1383 1044 1463 πρεσβυ-
1114 1402 1123 1470 θ’

73 1476 181 1563 τέρων
198 1475 259 1542 τοῦ
272 1468 419 1563 Ἰσραὴλ,
438 1477 494 1543 καὶ
509 1473 601 1544 εἶδον
614 1470 672 1543 τόν
685 1471 788 1543 τόπον
801 1470 887 1543 ὅπου
905 1478 1043 1562 ἕστηκεν

73 1572 91 1643 ὁ
110 1573 190 1654 θεὸς
205 1569 369 1663 ’madal'
410 1570 490 1645 ἄνθ’
518 1563 563 1644 οὗ
583 1572 601 1644 ὁ
625 1575 687 1663 μὲν
702 1570 841 1656 Ἀκόλας
854 1573 933 1644 “ααλ
951 1574 1044 1645 εἶδον

75 1674 188 1765 (φησί)
208 1675 267 1746 τὸν
285 1669 369 1746 θεόν
382 1673 547 1767 Ἰσραήλ,”
568 1673 586 1745 ὁ
606 1676 643 1745 δὲ
663 1673 844 1765 Σύμμαχος
857 1674 936 1746 “nal
952 1677 1044 1747 εἶδον

35 1805 60 1844 τε
73 1775 214 1867 ὁράματι
236 1775 295 1846 τὸν
318 1776 403 1847 θεὸν
416 1773 578 1867 Ἰσραήλ.”
621 1782 650 1847 3,
672 1774 728 1845 διά
750 1769 787 1846 τό
802 1772 907 1849 κθεὸν
930 1774 1044 1859 οὐδεὶς

74 1875 200 1968 ἑώρακε
218 1875 351 1948 πάποτε
363 1876 460 1968 “τάχ’
481 1875 524 1948 άν
538 1907 588 1960 τις
602 1880 760 1948 ἐναντίαν
773 1877 859 1948 εἶναι
872 1883 918 1973 τῷ
937 1901 1044 1966 σωτη-

74 1977 188 2069 ριάὸει
206 1977 294 2074 λόγῳ
312 1977 374 2068 τὴν
391 1984 566 2070 παροῦσαν
582 1977 748 2068 ὑπολάβοι
766 1981 872 2068 λέξιν,
897 1978 941 2062 ὡς
963 1974 1045 2068 ὁρα-

74 2078 133 2148 τόν
155 2079 405 2169 ὑποτιθεμένην
429 2078 489 2150 τόν
512 2080 575 2168 τὴν
598 2079 703 2169 φυσιν
721 2077 874 2172 άόρατον.
919 2078 993 2150 ἀλλ’
1015 2088 1047 2152 εί

75 2180 131 2248 καὶ
148 2184 252 2249 ταῦτα
271 2183 324 2249 ἐπὶ
342 2178 401 2250 τόν
418 2178 519 2268 λόγον
536 2183 596 2250 τοῦ
608 2186 693 2250 θεοῦ
707 2181 766 2251 τὸν
779 2186 974 2271 πολυμερῶς
988 2185 1072 2251 καλε

37 2309 63 2349 20
75 2278 291 2372 πολυτρόπως
309 2277 460 2369 ὀφθέντα
477 2297 546 2362 τοῖς
564 2279 729 2371 πατράσιν
754 2281 905 2371 ἐκλάβοις
922 2281 1044 2371 ὁμοίως

75 2397 144 2460 τοῖς
167 2386 487 2471 προαποδειχθεῖσιν
509 2377 607 2471 ἡμῖν,
638 2380 747 2451 οὐκέτ’
774 2379 816 2452 άν
843 2382 951 2465 ὃόξοιο
976 2401 1044 2463 τοῖς

77 2485 241 2564 ἐναντίοις
265 2490 487 2573 περιπίπτειν.
529 2480 614 2552 θεὸν
628 2479 759 2572 Ἰσραὴλ
787 2485 935 2552 ἐνταῦθα
959 2478 1045 2572 ὁρεό-

75 2612 179 2671 μενον
192 2579 295 2655 αὐτὸν
309 2589 440 2655 ἐκεῖνον
455 2581 542 2654 εἶναι
556 2580 720 2672 διδάσκει,
733 2579 773 2653 όν
785 2586 841 2654 καὶ
854 2587 902 2678 τῷ
915 2582 1045 2674 Ἰσραὴλ

74 2680 238 2774 ὀφθέντα,
256 2681 311 2756 ὅτε
330 2685 488 2757 έπάλαιεν
504 2683 687 2776 άνθρωπος
701 2683 773 2775 μετ’
795 2681 917 2774 αὐτοῦ,
936 2682 972 2766 ὃς
991 2687 1045 2754 καὶ

38 2811 63 2852 25
76 2789 206 2873 πρῶτος
230 2782 334 2858 αὐτοῦ
357 2785 419 2875 τὴν
442 2794 683 2879 προσωνυμίαν
709 2790 745 2857 ἐκ
769 2790 830 2857 τοὺ
848 2784 967 2874 Ἰακωβ
993 2789 1047 2856 ἐπὶ

76 2881 135 2954 τόν
150 2880 280 2976 Ἰσραὴλ
297 2890 546 2976 μεταβέβληκεν
565 2886 669 2958 είπών
682 2883 756 2957 “ότι
770 2891 946 2978 ένίσχυσας
963 2886 1047 2977 μετά

76 2982 183 3055 θεοῦ”
209 2982 264 3057 ὅτε
287 2990 419 3076 καὶτῆς
442 2995 540 3069 θείας
563 2984 669 3058 αὐτοῦ
692 2987 867 3078 δυνάμεως
884 3002 1070 3078 αίσθησινε

76 3086 192 3175 λαβών
204 3085 221 3157 ὁ
237 3083 354 3176 Ἰααάβ
368 3087 504 3166 ἐκάλεσε
516 3081 576 3161 τόν
588 3088 691 3160 τόπον
704 3094 833 3161 ἐκεῖνον
848 3090 936 3171 εἶδος
949 3094 1045 3177 θεοῦ,

144 3355 366 3417 mmmm
509 3355 701 3414 ωωωα
858 3355 1045 3419 mama

80 3423 111 3470 19
129 3421 201 3475 Ηα).
217 3424 241 3487 1,
256 3424 278 3471 1.

130 3519 270 3556 εοεεειοε
284 3522 330 3559 111.
818 3504 866 3568 Ὦ
