2326 3818
144 130 208 194 602
550 131 698 182 οσοοοη

145 268 259 360 κύριος
277 265 371 359 ἡμῶν
389 269 509 341 ἑαυτὸν
527 269 674 352 κενώσας
689 272 743 340 καὶ
757 269 891 359 μορφὴν
909 267 1034 340 δούλου
1053 280 1115 348 λα-

146 372 218 460 βὼν
244 373 299 441 καὶ
318 369 458 462 σχήματι
478 367 631 461 εὑρεθεὶς
649 367 693 454 οἱς
717 369 897 462 ἅνθρωπος
916 379 1036 460 δεῖγμα
1053 379 1115 462 τῆς

120 563 122 567 y
146 471 381 562 λανθανούσης
405 471 482 556 τούς
506 470 649 555 πολλούς
675 475 796 544 ἐνθέον
815 471 989 562 δυνάμεως
1008 469 1136 546 αύτού

145 570 331 666 παρέχων’
315 579 401 680 ορᾶη
416 592 485 655 τοϊς
504 577 625 645 ἑαυτοῦ
643 586 820 664 μαθηταῖς,
840 577 895 644 καὶ
908 585 1115 656 τοῐςθαλατ-

144 683 225 759 τίσις
244 681 429 764 ἐπιβαίνων
446 674 571 765 κύμασι
589 678 644 746 καὶ
661 705 707 768 τω
696 674 872 746 κλύδωνι
888 679 942 746 καὶ
956 693 1024 756 τοῖς
1038 673 1116 749 άνέ·
1129 711 1142 751 5

143 809 216 868 μοις
236 781 396 867 ἐπιτιμιὸν
413 775 710 904 άναγέηραιιται,“
692 806 746 848 οτε
764 781 872 847 ταδ’
837 807 868 848 οι
887 776 1101 866 όρωντεςε
1048 782 1116 862 ἐξε-

131 879 327 968 ’ντληττοντο
344 874 529 967 λε’γοντες“
534 877 679 959 ποτανιός
699 870 846 949 ἐστιν
805 908 921 966 ουτος,
939 877 989 949 ὅτι
1007 882 1064 949 καὶ
1083 887 1119 951 οἱ

144 977 261 1069 άνεμοι
284 981 339 1049 καὶ
363 975 384 1067 ἡ
407 977 561 1049 θάλασσα
585 976 674 1072 αύτῷ
697 975 970 1065 ύτακούουσιν;”
1007 970 1051 1069 ἦν
1077 983 1116 1052 δὲ

145 1084 202 1150 καὶ
219 1087 316 1150 τοῦτο
332 1077 435 1152 άλλον
453 1079 543 1162 τινός
560 1088 706 1170 μείζονος
725 1079 912 1170 σύμβολον,
934 1085 1116 1172 νοουμένης

147 1183 260 1272 ἑτέρας
283 1180 455 1271 θαλάσσης
479 1185 516 1252 ἐν
536 1172 556 1272 ᾗ
574 1184 703 1271 λέγεται
728 1181 863 1274 δράκων
880 1212 929 1263 τις
949 1184 1034 1253 εἶναι
1053 1210 1114 1254 τιε-
1128 1220 1154 1259 10

146 1286 323 1373 ποιημένος
348 1287 647 1371 ἐγκαταπαίζεσθαι
677 1281 744 1354 ύττό
775 1287 842 1354 των
872 1282 1023 1374 άγνέλων
1055 1292 1115 1357 τοῦ

79 1411 133 1464 (ιιι)
146 1389 247 1473 θεοῦ,
273 1383 325 1473 ἐφ’
354 1381 398 1473 ἣν
423 1388 479 1455 καὶ
503 1380 610 1474 αὐτὴν
632 1383 649 1455 ὁ
674 1383 784 1476 σωτηρ
807 1388 862 1454 καὶ
886 1384 1000 1476 κύριος
1019 1384 1115 1475 ἡμῶν

146 1485 412 1576 ε’μτιεριττατησας
441 1483 504 1574 τὴν
529 1486 682 1576 κεφαλὴν
704 1492 764 1557 τού
788 1483 908 1557 αὐτόθι
933 1485 1115 1577 δράκοντος

145 1591 201 1658 καὶ
219 1594 286 1657 τῶν
304 1590 430 1658 λοιταῖν
447 1593 517 1657 τῶν
533 1585 794 1676 ὑποβεβηκότων
812 1586 1006 1679 δρακόντων
1024 1591 1115 1677 λέγε-

145 1717 198 1759 ται
216 1692 471 1779 σοντετριφέναι
481 1687 564 1759 κατά
576 1687 613 1760 τό
628 1685 693 1759 “σύ
712 1693 924 1771 σννέθλασας
937 1687 995 1772 τάς
1009 1706 1115 1778 κεφαέ
1129 1723 1155 1764 1⁵

145 1789 204 1872 λδις
227 1793 295 1860 των
319 1789 515 1881 δρακόντων
539 1793 593 1860 ἐντὶ
620 1795 680 1860 τοῦ
704 1788 842 1877 ύδατος,
870 1794 924 1860 καὶ
952 1789 994 1862 σύ
1013 1793 1114 1860 σννέ-

145 1901 274 1974 θλασας
292 1889 349 1975 τάς
367 1890 514 1982 κεφαλάς
537 1895 598 1962 τού
621 1889 835 2016 δράκοητος,’
861 1912 974 1977 σαφως
1000 1893 1115 1978 ἑτέρας

145 1994 329 2113 νοονμέηης
346 1991 536 2116 θαλάσσης,
556 1983 666 2079 περὶ
644 2022 684 2080 ης
702 1991 801 2074 αὐτὸς
819 1988 920 2062 πάλιν
939 1994 974 2061 ἐν
985 1998 1114 2125 Ψαλμηη

146 2115 250 2180 φησιν
270 2083 401 2179 “ηλθον
427 2100 473 2174 εἰς
497 2092 536 2163 τά
559 2091 650 2183 βάθη
675 2123 733 2183 της
757 2089 963 2182 θαλάσσης.”
1008 2097 1037 2162 5
1057 2098 1115 2164 και

146 2191 228 2283 πρὸς
246 2190 304 2265 τόν
317 2191 393 2282 Ἰὼβ
410 2194 450 2264 τδι
469 2198 545 2284 περι
565 2198 686 2266 ἕαντον
676 2191 872 2278 διεξιων“
876 2186 978 2283 ηλθες
1003 2195 1039 2264 δέ
1059 2199 1114 2266 ἐπὶ
1128 2231 1154 2270 νο

117 2320 257 2384 ιτιηγην
274 2295 465 2386 θαλάσσης,
486 2300 523 2366 ἐν
542 2298 610 2368 δέἰ
599 2309 726 2387 ἴχνεσιν
739 2294 892 2385 άβύσσοο
911 2294 1116 2385 περιεπάτη-

146 2420 223 2484 σας;
242 2393 320 2469 άνοί
317 2428 432 2487 γονται
462 2400 502 2468 δέ
516 2420 569 2470 σοι
586 2398 682 2493 φόβῳ
700 2396 804 2469 πύλαι
821 2396 985 2485 θανάτου,
1004 2407 1115 2467 κολω-

146 2501 198 2588 μοὶ
218 2496 280 2568 δέ“
273 2508 382 2570 Αιδον
401 2498 530 2582 ἰδόντες
548 2521 586 2570 σε
605 2497 788 2621 ἔττηξαν;”
817 2498 951 2630 εἰκότως
969 2490 1033 2568 οὖν
1051 2497 1116 2571 κάν

145 2628 190 2693 τω
209 2599 288 2671 καθ’
310 2596 395 2690 ημᾶς
420 2606 485 2692 βίω
505 2598 678 2686 ἐπιβάς
639 2629 679 2690 τη
701 2601 851 2689 θαλάττη
876 2602 931 2670 και
949 2629 986 2669 το
989 2616 1018 2681 ῖς
1036 2602 1116 2670 αἰνέ-

145 2730 218 2788 μοις
243 2699 436 2790 ἐπιτιμήσας
461 2703 516 2769 καὶ
546 2708 591 2792 τῷ
620 2699 769 2770 κλύδωνι
799 2700 838 2770 τά
864 2698 1017 2789 σύμβολα
1047 2709 1154 2775 τῶνοτ

146 2797 424 2890 άτιορρητοτέρων
442 2805 594 2872 ἐπιτελεῖ.

216 3065 397 3129 lffimz
536 3069 762 3131 mmssw
834 3069 1114 3130 ›wffimm

147 3135 337 3197 ωωωα
442 3136 653 3199 ωωωω
