2326 3818
70 90 256 183 ἄνθρωπον
275 90 421 182 ἐμαυτὸν
438 89 562 181 εἴποιμ’
584 84 645 180 ἂν,
671 100 718 173 εἰς
741 90 909 180 τοσαύτην
927 98 1042 161 ταπεί-

70 217 177 266 νωσιν
200 199 237 266 ἐκ
260 197 320 266 τού
346 200 473 265 οἰκείου
496 195 662 282 μεγέθους
679 191 855 264 κατελθών
883 189 1041 263 ὥστεκαὶ

71 294 242 386 σκώληκος
267 297 374 386 μηδὲν
395 300 509 366 δοκεῖν
528 297 720 387 διαφέρειν,
745 293 855 366 διὰτὸ
873 297 1043 385 καὶμέχρι

71 396 224 469 θανᾶτου
242 401 297 468 καλ
314 401 372 485 τῆς
385 394 609 486 τοῦσώματος
622 393 753 483 φθάσαι
766 401 908 486 φθορᾶς.
934 394 1042 466 πόθεν

45 499 135 590 εγοὶρ
159 497 306 570 ἄλλοθεν
328 505 512 588 γεννηθείη
536 492 579 568 ἂν
603 497 734 587 σκώληξ
753 494 774 588 ἢ
792 496 858 568 νἰπὸ
877 495 1041 586 σωμάτων

70 604 221 690 φθορᾶς,
241 608 288 684 εἰς
306 595 349 690 ἣν
364 603 420 670 καὶ
439 597 539 682 αὐτὸς
552 599 725 670 κατελθών
744 597 878 680 εἰκότως
897 596 1040 688 έμαυτόν

70 701 226 792 σκώληκα
250 705 306 774 καὶ
328 697 392 773 ούκ
415 699 601 793 ἄνθρωπον
625 699 789 789 γινώσκω.
832 706 882 770 50.
910 697 961 769 διὸ
985 701 1040 768 καὶ

69 808 192 894 γέγονα
209 802 339 886 ὄνειδος
350 799 556 894 ἀνθρώπων,
574 804 631 874 καὶ
649 805 855 893 ἐξονοένημα
867 805 961 889 λαού,
980 799 1042 871 οὐκ

69 901 113 977 ἂν
136 905 314 996 γενόμενος
337 903 414 976 ούτε
436 903 566 986 ὄνειδος
588 902 783 996 ἀνθρώπων
807 902 885 975 οὔτε
910 906 1069 986 ἐξουθέ-ι)

33 1036 57 1075 ιο
70 1037 176 1097 νημα,
197 1014 228 1076 ελ
243 1006 289 1097 μη
306 1009 400 1097 μέχρι
419 1005 589 1095 σκώληκος
608 1005 773 1095 έφθύκειν
796 1002 887 1097 παρὰ
905 1005 964 1075 τὸν
980 1009 1040 1074 τοῦ

70 1107 203 1190 πάθους
220 1107 347 1198 καιρόν.
389 1112 572 1197 τηνικαῦτα
598 1112 683 1196 γούν
700 1109 910 1195 θεωρούντές
927 1133 968 1195 με
988 1108 1042 1175 ἐπὶ

69 1215 129 1282 τοῦ
146 1213 295 1303 σταυροῦ
318 1206 547 1301 ἀνηρτημένον
560 1204 861 1300 “ἐξεμυκτηρισαν,
887 1212 943 1277 καὶ
969 1205 1041 1276 ἐλά·

70 1321 177 1402 λησαν
202 1315 240 1383 έν
261 1321 424 1403 χείλεσιν,
450 1308 609 1399 ἑκίνησύν
632 1337 669 1379 τε
696 1309 849 1399 κεφαλὴν
876 1311 1040 1397 λέγοντες,

67 1411 211 1502 ἤλπισεν
229 1415 284 1484 ἐπὶ
302 1410 436 1503 κύριον,
455 1411 618 1503 ῥυσάσθω
637 1410 752 1499 αὐτὸν,
771 1410 912 1482 σωσάτω
927 1407 1041 1497 αὐτὸν,

32 1542 57 1582 ιε
70 1513 121 1586 ὅτι
138 1517 233 1587 θέλει
250 1510 389 1586 αύτόν.”
425 1518 476 1584 51.
495 1517 598 1585 ταύτα
610 1513 673 1603 μὲν
686 1504 749 1583 οὖν
762 1511 894 1583 ἅπαντα
910 1513 965 1581 διὰ
982 1515 1043 1582 τού

74 1619 217 1708 Ψαλμοῦ
233 1621 349 1706 σαφώς
366 1619 443 1705 περὶ
460 1621 530 1686 τών
545 1618 737 1706 μέλλοντων
754 1613 960 1703 γενήσεσθαι
978 1644 1040 1704 μα-

70 1736 163 1809 κρολς
193 1718 273 1792 ποθ’
301 1717 443 1810 ὕστερον
467 1715 597 1810 χρόνοις
629 1721 838 1806 ἑθεσπίζετο,
865 1719 981 1796 τέλους
1005 1717 1042 1785 δέ
1112 1718 1115 1722 ’

71 1821 270 1912 ἐτύγχανεν,
288 1817 403 1910 ὁπότε,
422 1820 506 1893 κατὰ
524 1818 584 1893 τὸν
601 1829 802 1907 Ματθαῖον,
827 1820 1044 1908 σταυρωθέν-

70 1952 139 1993 των
156 1920 221 1993 σύν
239 1921 330 2014 αύτῷ
350 1921 412 1993 δύο
430 1928 579 2014 ληστών,
606 1920 680 2004 ένός
700 1925 736 1991 ἐκ
757 1925 876 2004 δεξιών
894 1923 950 1991 καὶ
968 1919 1069 2001 ένόςε

32 2051 57 2091 το
72 2027 104 2107 ἐξ
137 2020 323 2111 εὐωνύμων
352 2027 414 2093 τοῦ
449 2028 614 2111 σωτῆρος,
642 2020 701 2091 “oc
732 2020 1043 2111 παραπορευόμενοι

71 2121 310 2213 ἐβλασφήμουν
333 2119 436 2194 αύτόν
459 2128 632 2203 κινοῦντες
657 2121 715 2203 τὰς
746 2120 893 2210 κεφαλὰς
917 2118 1041 2207 αὑτων,

70 2227 127 2293 καὶ
144 2226 314 2313 λέγοντες,
333 2219 410 2294 ούαὶ
428 2223 447 2293 ὁ
464 2221 642 2293 καταλύων
659 2220 718 2293 τόν
736 2221 835 2311 ναόν,
854 2225 910 2292 καὶ
925 2227 962 2291 έν
975 2250 1041 2309 τρι·

70 2327 127 2396 σὶν
149 2320 286 2416 ἡμέραις
309 2330 514 2414 οἰκοδομῶν,
540 2330 652 2394 σώσον
676 2321 836 2412 σεαυτὸν,
863 2329 894 2392 εἰ
915 2320 987 2404 υἱὸς
1012 2321 1044 2392 εἶ

71 2432 131 2498 τοῦ
148 2431 250 2517 θεοῦ,
268 2425 436 2518 κατάβηθι
453 2423 519 2498 ἀπὸ
537 2428 597 2496 τού
613 2429 770 2516 σταυροῦ.
802 2430 852 2494 52.
868 2419 990 2515 ὁμοίως
1005 2424 1042 2493 δὲ

32 2552 59 2627 ω
72 2532 128 2600 καὶ
145 2534 180 2601 ολ
196 2525 360 2620 ἀρχιερεῖς
384 2534 594 2621 ἐμπαίζοντες
620 2524 702 2619 μετὰ
719 2531 788 2598 τών
805 2528 1042 2617 πρεσβυτέρων

28 2623 52 2716 f
72 2635 128 2703 καὶ
152 2635 372 2724 γραμματέων
395 2640 529 2720 ἔλεγον,
553 2627 676 2712 ἄλλους
694 2637 837 2718 ἔσωσεν,
865 2629 985 2700 ἑαυτὸν
1002 2626 1042 2698 ού

74 2732 214 2806 δύναται
232 2740 347 2804 σώσαι.
385 2739 417 2803 εἰ
433 2729 592 2821 βασιλεύς
608 2735 668 2802 τοῦ
683 2727 815 2820 Ἰσραήλ
834 2734 920 2816 ἐστι,
944 2759 1042 2800 κατα·

72 2833 162 2925 βύτω
180 2837 245 2906 νύν
270 2830 413 2904 ἀπὸτοῦ
431 2836 596 2924 σταυροῦ,
623 2836 680 2904 καὶ
697 2831 921 2922 πιστεύσομεν
939 2831 1038 2923 αύτῷ.

74 2944 104 3007 ελ
129 2937 293 3008 πέποιθεν
317 2937 372 3005 ἐπὶ
395 2931 455 3007 τόν
477 2935 579 3026 θεὸν,
604 2932 766 3027 ῥυσάσθω
786 2940 850 3006 νῦν
867 2930 986 3019 αύτόν,
1012 2937 1043 3002 ελ

32 3068 61 3111 κο
72 3041 167 3110 θέλει
185 3033 296 3109 αὐτόν.
334 3036 407 3108 εἷπε
425 3035 488 3130 γὰρ
506 3036 556 3109 ὅτι
574 3034 646 3119 νέός
664 3039 750 3108 θεού
768 3031 868 3125 είμί.”
901 3033 984 3104 κατὰ
1004 3034 1068 3103 θεά

142 3273 175 3322 20
193 3271 294 3322 Matth.
308 3273 349 3332 27,
363 3273 405 3324 39.
