2326 3818
145 136 208 200 452
555 136 707 189 EUSEBII

145 274 243 362 θεὸς,
268 279 373 363 γνῶτε
398 283 484 363 ἔθνη
508 277 565 344 καὶ
582 270 738 363 ἡττᾶσθε.
778 272 950 364 ἡττήμεθα
966 277 1053 362 γοῦν
1071 274 1118 358 ῶς

145 373 280 464 ἀληθῶς
297 372 392 466 ἡμεῖς
416 381 451 446 οί
467 379 499 458 ἐξ
523 378 635 447 ἐθνῶν
660 383 707 457 είς
725 374 828 446 αὐτόν
845 374 1117 467 πεπιστευκότες,

118 517 129 545 c
146 481 340 567 νικηθέντες
357 475 424 547 ῦπό
442 482 500 564 τῆς
518 475 678 565 ἀληθείας
705 479 760 546 καί
777 480 835 564 τὴς
853 481 912 546 τοῦ
929 482 1117 566 γενομένου

145 577 222 669 μεθ’
245 575 339 669 ἡμῶν
356 584 441 649 θεοῦ
466 576 657 668 δυνάμεως,
682 576 881 666 ἡττηθέντες
904 606 939 649 τε
963 574 1117 667 ῦπηιιού-

145 705 250 770 σαμεν
268 677 358 772 αύτῷ
373 677 494 759 πάντες
506 677 589 768 ὁμοῦ
601 685 636 748 oc
651 682 745 770 μέχρι
758 683 827 749 τῶν
840 677 989 767 ἐσχάτων
1001 708 1116 751 κατοι-
1131 697 1145 738 ⁵

145 786 282 863 κοῦντες
295 785 355 868 τής
368 785 440 868 γῆς,
456 778 539 849 κατά
551 778 612 868 τήν
623 780 781 868 φήσασαν
793 787 1000 869 προφητείαν
1013 775 1117 852 “dua-

145 881 288 954 κούσατε
305 885 367 960 ἕως
386 877 526 968 ἐσχάτου
543 885 601 968 τῆς
618 877 712 967 γὴς.”
757 885 826 951 131.
846 877 919 950 ἀλλ’
940 882 1036 971 ἡμεῖς
1054 884 1120 971 μὲν

145 987 201 1054 καὶ
218 979 389 1070 ἡττήμεθα
407 984 463 1050 καὶ
481 988 639 1051 καλοῦντι
655 977 909 1070 ῦπηκούσαμεν,
926 999 996 1063 τοῖς
1010 983 1049 1052 55
1066 990 1118 1054 ἔτι

145 1088 213 1154 τῶν
244 1086 357 1153 ἐθνῶν
383 1079 564 1153 ἀπειθοῦσι
593 1078 634 1152 τά
661 1085 737 1170 ἑξῆς
767 1078 976 1153 ἀποτείνεται
1006 1086 1119 1172 λέγων

140 1179 335 1272 “ίσχυκότες
352 1181 509 1272 ἡττᾶσθε.
543 1181 602 1254 ἐάν
618 1182 682 1273 γάρ
696 1180 800 1255 πόλιν
826 1182 993 1273 ίσχῦσητε,
1012 1183 1117 1256 πάλιν
1131 1204 1157 1243 1⁰

145 1279 388 1374 ἡττηθήσεσθε.
425 1287 481 1355 καὶ
499 1283 599 1374 λόγον
616 1282 656 1355 ὃν
670 1285 730 1360 ε’ἀν
747 1283 992 1374 βουλεύσησθε,
1010 1284 1052 1357 οά
1070 1286 1116 1376 μή

147 1389 284 1478 ε’μμείνη
304 1392 341 1458 ἐν
358 1381 460 1476 ῦμίν,
478 1384 528 1455 ὅτι
545 1386 622 1475 μεθ’
644 1384 740 1475 ἡμῶν
756 1381 774 1454 5
792 1385 881 1467 θεός.
919 1383 1008 1456 οὕτω
1026 1391 1118 1476 λέγει

118 1487 260 1579 ικύριος
290 1496 331 1578 τῇ
364 1494 483 1578 ίσχυρᾷ
515 1489 601 1576 χειρί
624 1482 849 1558 ἀπειθοῦσιν”
899 1493 969 1558 132.
992 1487 1037 1557 δι’
1066 1479 1117 1559 ῶν

145 1595 261 1680 σαφῶς
279 1584 296 1659 5
315 1587 411 1677 λόγος
434 1585 603 1677 ἀφηνιῶσι
623 1590 679 1658 καὶ
690 1587 974 1678 ἀντιταττομένοις
988 1595 1028 1680 τῇ
1051 1595 1115 1660 τοῦ

146 1696 292 1776 Χριστοῦ
317 1696 515 1782 διδασκαλίᾳ
541 1692 597 1759 καὶ
621 1705 690 1771 τοῖς
713 1690 895 1760 ἀπειθοῦσι
915 1693 957 1780 τή
974 1694 1117 1784 κραταιή
1130 1705 1155 1746 1⁵

146 1789 250 1862 αὐτοῦ
267 1794 352 1881 χειρὶ
369 1799 539 1879 θεσπίζει,
563 1789 613 1861 ότι
630 1792 715 1880 μηδὲ
733 1789 909 1881 ίσχῦσονοι
927 1801 1115 1881 προσπολε-

145 1909 222 1982 μείν
238 1890 297 1964 τόν
314 1887 393 1981 μεθ’
413 1890 509 1980 ἡμῶν
525 1891 609 1962 θεὸν
626 1890 843 1983 κειρόμενοι,
868 1894 925 1964 καὶ
942 1891 992 1961 ὅτι
1008 1897 1077 1961 πάν
1096 1889 1116 1962 5

146 1992 206 2063 ἐάν
223 1991 475 2080 βουλεύσωνται
493 1991 572 2062 καθ’
595 1991 689 2081 ἡμῶν
707 1989 748 2062 οῦ
766 1992 810 2083 μή
832 1997 969 2083 ἐμμείνη
987 1989 1114 2080 αὐτοῖς,

147 2093 202 2162 διὰ
219 2091 256 2162 τό
274 2089 353 2181 μεθ’
374 2091 470 2182 ἡμῶν
497 2093 583 2164 εἶναι
599 2091 658 2164 τόν
672 2092 892 2183 Ἐμμανουήλ.
923 2097 980 2165 καὶ
1005 2092 1114 2188 τούτῳ

148 2195 185 2263 δὲ
202 2199 249 2287 τῷ
263 2193 516 2284 συμπεράσματι
530 2193 648 2287 ῥηίδιον
663 2199 836 2284 ἐπιστήσαι
851 2193 907 2277 τάς
922 2191 1003 2266 καθ’
1018 2190 1114 2284 ἡμῶν
1128 2212 1155 2251 ²0

146 2292 283 2377 ἀπειλάς
302 2299 358 2366 καί
376 2294 433 2378 τάς
451 2295 533 2366 κατά
556 2294 698 2385 χρόνους
715 2303 783 2366 τῶν
799 2291 971 2387 ἀρχόντων
989 2299 1114 2367 ἐπανα-

146 2396 277 2479 στάσεις
294 2401 520 2487 συνορῶντας,
539 2401 595 2467 καὶ
609 2396 652 2479 ῶς
666 2395 836 2488 ἀπρακτον
850 2395 963 2480 αὐτοῖς
982 2395 1039 2468 διά
1055 2397 1115 2468 τόν

146 2498 226 2588 μεθ’
244 2496 339 2589 ἡμῶν
351 2498 434 2570 θεὸν
447 2495 499 2569 ἀεὶ
511 2507 712 2571 καθίσταται
725 2502 792 2569 τῶν
799 2495 947 2569 ἀπειλῶν
958 2498 995 2568 τό
1010 2501 1113 2582 τέλος.

79 2796 133 2846 μοι)
487 2763 565 2837 Ἀπό
583 2770 643 2837 τοῦ
661 2763 773 2839 αῦτοῦ.

226 2906 295 2970 133.
309 2895 330 2924 “
339 2906 442 2972 Τοῦτο
456 2908 601 2992 πρῶτον,
619 2909 693 2990 πίε,
711 2902 795 2992 ταχῦ
814 2911 921 2991 ποίει,
939 2898 1031 2991 χῶρα
1048 2911 1113 2972 Ζα-
1127 2935 1155 2976 εε

147 2999 280 3090 βονλῶν
294 3004 349 3072 καὶ
362 3006 406 3091 γῆ
415 3005 631 3093 Νεφθαλείμ,
649 3007 705 3073 καὶ
717 3009 752 3075 οί
762 3006 872 3074 λοιποί
885 3008 919 3074 oi
930 3001 992 3093 τήν
1004 3029 1114 3092 παρα-

147 3111 224 3175 λίαν
248 3110 496 3192 κατοικοῦντες,
523 3106 629 3195 πέραν
655 3108 715 3176 τοῦ
733 3103 923 3195 Ἰορῦάνου,
950 3113 1115 3175 Γαλιλαία

147 3214 214 3277 τῶν
233 3209 353 3278 ἐθνῶν.
389 3204 407 3275 5
425 3204 504 3289 λαός
521 3200 539 3276 5
557 3204 747 3297 καθήμενος
761 3211 799 3278 ἐν
812 3204 922 3278 σκότει
936 3211 1024 3276 com
1041 3212 1115 3295 φῶς

215 3439 248 3488 25
264 3437 310 3492 Es.
324 3440 349 3498 9,
363 3440 386 3488 1.
