2326 3818
132 128 195 194 55ss
539 127 690 178 υυευου

110 267 220 352 εξότω
239 275 355 355 πίτυς,
375 264 460 337 διότι
477 268 631 336 πέπτωκε
648 262 821 390 κέδρος,“
803 292 854 334 οτι
871 261 1022 383 μεγάλως
1040 295 1106 354 με-

132 376 287 459 γιστᾶνες
308 365 592 459 ἐταλαιπώρησαν.
629 361 807 449 ὀλολύξατε
833 365 932 455 δρύες
955 369 1013 454 της
1030 377 1107 438 Βα-

134 466 364 560 σανίτιδος,”
345 499 397 540 οτι
425 466 642 556 κατεσπάσθη
673 462 690 536 ό
716 463 882 557 δρυμός
865 497 883 538 ο
908 466 1103 597 σύμφυτος

133 572 230 664 φωνὴ
247 569 473 695 θρηνούντων
488 572 677 695 ποιμένων,
700 566 748 639 ότι
774 567 1103 699 τεταλαιπωρηκευ*
1084 602 1107 662 η

133 672 353 764 μεγαλωσύνη
380 667 520 742 αύτων.’
522 669 614 740 ’22,
640 668 714 739 τότε
736 675 822 759 γοῦν
844 673 900 740 καὶ
923 675 1065 760 γέγονεν
1083 672 1134 763 ἡτ

127 773 344 867 Ἰερουσαλὴμ
363 772 407 857 ὡς
424 770 582 863 πρόθυρα
599 769 806 861 σαλευόμενα
823 775 906 842 ποῖοι
923 787 992 855 τοῖς
1010 781 1109 858 λαοῖς

134 877 267 969 κύκλω,
287 878 342 945 καὶ
362 878 399 944 ἐν
416 880 457 963 τῇ
474 870 620 966 Ἰουδαία
643 875 760 962 γέγονε
779 873 932 996 περιοχὴ,
957 871 976 943 6
992 902 1029 944 τε
1047 904 1106 947 νε·

134 979 333 1067 νομισμένος
353 974 468 1057 αὐτοῖς
491 971 584 1062 ἅγιος
607 977 663 1044 καὶ
689 973 775 1065 ίερὸς
795 972 898 1096 μόπος
923 977 1022 1046 ελσε-’τι
1046 981 1106 1048 καὶ

135 1076 283 1179 σήμερδυ
308 1084 406 1159 λίθος
427 1074 587 1200 τυμχόυει
613 1073 902 1202 καταπατρύμενος
928 1081 1008 1147 πᾶσι
1032 1095 1105 1161 τοῖς

135 1186 270 1265 ἐθνεσι,
295 1181 351 1249 καὶ
375 1184 439 1259 πᾶς
464 1174 482 1249 6
510 1204 710 1249 καταπατων
736 1173 843 1265 αύτην
862 1182 965 1267 ίμπαί
965 1188 1030 1263 ζων
1049 1183 1104 1270 ἐμ·
1118 1213 1145 1256 ιο

134 1233 302 1369 παίξετύι,
326 1277 523 1360 αἰκολουθως
546 1287 587 1371 τῇ
611 1285 808 1400 προφητεία
857 1284 910 1349 23
937 1277 1021 1350 αἰλλόι
1045 1286 1105 1353 καὶ

107 1377 217 1454 οόνθ’
244 1410 293 1453 ων
316 1379 574 1471 κατωρχήσαντο
597 1383 658 1450 τού
671 1387 779 1454 ταῦτα
797 1387 1023 1464 θεσπίσαυτος
1042 1412 1103 1456 κυ-

135 1493 210 1579 ρίου
245 1482 287 1553 οό
318 1486 530 1553 διαλέλοιπεν
559 1476 681 1562 αύτούς
707 1481 845 1564 κοπετὸς
876 1485 932 1552 καὶ
956 1479 1104 1575 ὀδυρμὸς

134 1588 190 1655 καλ
208 1589 343 1674 θρηνος
381 1579 421 1654 06
439 1610 573 1654 πωποτε
590 1586 674 1671 γοῦν
691 1579 808 1653 ἄλλοτε
826 1577 847 1671 6
865 1583 946 1709 μετόρ
964 1582 1027 1673 την
1044 1591 1106 1658 τού

134 1692 283 1774 σωτῆρος
301 1684 398 1776 ἡμῶν
415 1691 606 1776 παρουσιαν
619 1686 675 1754 καὶ
690 1691 737 1764 είς
755 1682 814 1756 τόν
828 1682 908 1755 καθ’
928 1684 1014 1776 ἡμᾶς
1022 1686 1103 1810 696-
1118 1720 1143 1761 ιε

135 1814 196 1857 νον
218 1793 323 1857 πᾶσαι
346 1794 384 1857 αλ
405 1789 510 1877 φυλαὶ
534 1791 594 1856 τοῦ
615 1781 789 1857 Ἰουδαίων
814 1794 938 1868 ἔθνους
961 1787 1103 1875 θρηυων

134 1890 191 1958 καὶ
210 1893 360 1960 κοπετῶυ
377 1886 452 1972 όίξια
470 1885 661 1958 πεπόνθασι
684 1887 740 1957 διὰ
763 1885 826 1975 την
844 1894 1101 1975 καταλαβοῦσαν

134 1988 257 2069 αὐτούς
283 1993 319 2058 ἐκ
343 1992 428 2059 θεού
450 1985 598 2077 πληγὴν,
624 1982 687 2078 ὑφ’
714 1978 754 2078 ἧς
778 1991 833 2059 καὶ
858 1989 878 2078 6
902 1987 1103 2113 μητρόπολις

136 2085 250 2158 αύτων
284 2087 487 2178 ἀλλοφύλοις
516 2096 653 2160 ἔθνεσιν
683 2088 822 2213 ἐξεδόθη
855 2096 912 2161 καὶ
942 2088 978 2161 τό
1010 2089 1103 2183 ίερόν

34 2261 36 2266 ,
136 2187 342 2280 κατεσκάφη,
362 2186 460 2261 αύτοί
474 2218 510 2261 τε
526 2195 584 2279 της
599 2197 687 2272 ίδίας
700 2190 809 2281 χώρας
815 2189 1046 2321 ἀπεληλαντο,
1066 2200 1104 2266 ἐν
1117 2223 1143 2264 εο

134 2297 174 2382 τῇ
200 2300 343 2418 πολεμίμ
373 2296 506 2382 ἐχθροις
540 2290 773 2374 δουλεύοντες
802 2284 850 2363 ὧν
874 2322 971 2364 ευεκα
997 2292 1103 2378 πᾶςὸ

134 2392 282 2475 οἶκος’
243 2397 355 2464 αυτων
372 2397 428 2465 καί
446 2401 536 2464 πᾶσα
560 2393 650 2484 ψυχὴ
674 2393 786 2466 αύτων
811 2423 826 2464 ε
828 2396 910 2465 σετι
929 2398 985 2465 καὶ
1003 2395 1104 2487 σημε-

136 2524 196 2585 ρον
213 2493 354 2586 θρήνοις
378 2495 614 2585 ὑποβέβληται.
657 2501 708 2566 24.
736 2494 789 2566 διό
807 2494 950 2586 φησινὴ
970 2524 1104 2589 προφη-

133 2603 206 2667 τεία
219 2592 298 2667 “naz
317 2596 457 2680 κόψεται
470 2595 561 2685 φυλὴ
580 2594 663 2666 κατὰ
676 2595 801 2686 φυλὴν,
820 2597 910 2688 φυλὴ
930 2610 1025 2669 οίκου
1032 2613 1104 2670 Λα·

68 2729 124 2779 μιν)
137 2701 196 2784 βλδ
213 2696 296 2769 καθ’
319 2695 458 2784 ἑαυτὴν,
484 2700 540 2766 καὶ
558 2703 596 2766 αλ
610 2713 769 2786 γυναῖκες
787 2695 901 2770 αὐτων
919 2697 1002 2771 καθ’
1023 2702 1100 2770 ἑαυ-
1112 2731 1141 2773 25

133 2796 208 2883 ταὶς,
232 2799 288 2866 καὶ
312 2796 352 2867 τίι
369 2797 497 2880 τούτοις
521 2795 694 2888 ἑπόμενα.”
737 2816 831 2870 ποῖαι
856 2802 893 2871 δὲ
917 2801 998 2892 μετὰ
1022 2801 1102 2883 τοὺς

133 2900 195 2968 τοῦ
212 2905 380 2988 Ζαχαρίου
398 2897 538 2990 χρόνους
555 2898 734 2990 γεγόνασιν
752 2897 888 2993 ἡμέραι,
909 2907 946 2973 ἐν
963 2899 1015 2985 αἷς
1036 2909 1102 2974 διε·

133 3005 280 3089 μερίσθη
305 2999 345 3069 66
368 3007 474 3072 σκῦλα
499 3001 785 3094 τηςἹερουσαλημ
809 3007 866 3074 καὶ
890 3003 1102 3095 ἐπισυνηχθη

132 3098 242 3172 πόντα
265 3099 306 3172 τό
324 3109 409 3192 ἔθνη
434 3102 486 3174 ἐπ’
521 3103 628 3194 αὐτην
655 3111 702 3186 είς
733 3103 895 3195 πόλεμον,
928 3102 997 3194 ἥλω
1020 3106 1102 3198 τεὴ

133 3200 227 3288 πόλις
253 3207 310 3274 καὶ
335 3203 568 3294 διηρπάγησαν
591 3211 629 3275 αλ
649 3212 771 3295 οίκίαι,
803 3210 859 3277 καλ
882 3212 921 3276 αλ
941 3223 1101 3296 γυναῖκες
1113 3241 1140 3283 ιο

133 3302 369 3394 ἐμολύνθησαν
386 3302 589 3401 όιπηχθησύν
612 3336 648 3377 τε
673 3314 720 3390 είς
745 3314 991 3399 αἰχμαλωσίαν,
1015 3308 1102 3400 ὁμοῦ

131 3432 167 3473 τε
186 3408 241 3474 καί
259 3405 343 3475 κατὰ
360 3404 397 3476 τό
415 3405 497 3477 αύτὸ
521 3407 540 3479 6
557 3406 672 3500 κύριος
694 3414 879 3500 συμμαχῶν
895 3427 966 3492 τοῖς
983 3418 1101 3482 ἔθνεσι
