2326 3818
138 116 201 181 578
547 115 694 167 Εοευοιι

138 254 267 345 σαλὴμ,
298 251 371 326 ἀλλ’
400 257 453 324 ἐπὶ
476 257 533 341 τής
560 252 684 343 ἐρήμου
706 249 866 340 Ἰωάννην
891 253 1109 342 παρελθόντα

113 355 330 449 ικηρῶττεινς
354 353 371 426 ὁ
393 358 455 446 μέν
473 384 521 437 τις
538 353 644 443 φήσαι
661 351 704 425 ἀν
721 361 768 435 είς
791 352 1031 446 ἀποπλήρωσιν
1048 363 1110 445 τῆς

139 464 341 548 προφητείας
358 461 458 528 τουτο
476 454 579 527 αὐτὸν
592 458 817 545 πεποιηκέναι.
851 463 880 526 8.
892 452 967 526 ἀλλ’
982 452 1000 527 ὁ
1014 455 1109 546 ἀκρι-

9 564 12 572 ’
79 624 81 628 ,
139 559 200 648 βής
218 556 346 641 εὐθέως
371 556 544 646 ἐξετάζων,
570 555 654 646 αὕτη
681 555 756 646 δέή
777 566 962 646 προφητεία
979 566 1013 628 τί
1029 557 1104 630 ποτ’

138 659 202 749 ἀρα
220 669 396 750 σημαίνειν
414 659 600 747 βουλομένη
617 654 681 746 τήν
698 665 821 749 ἔρημον
835 662 890 729 καὶ
904 660 944 729 τά
958 660 1030 730 κατ’
1049 659 1137 732 oti-⁶

137 761 199 852 τήν
217 760 352 850 έδίλου,
370 758 542 831 πεύσεται·
561 757 643 847 πρὸς
656 753 696 852 δν
708 757 860 850 φήσομεν
873 757 923 831 ὅτι
941 763 1110 834 καὶτοῦτο

138 880 277 955 σημείου
306 853 350 950 ήυ
376 863 603 950 καθαιρέσεως
629 867 686 950 τής
714 860 929 951 Ἰερουσαλήμ
961 865 1017 932 καὶ
1049 869 1108 934 τοῦ

138 966 221 1054 πρὸς
245 961 329 1054 αὐτῇ
352 968 612 1051 θυσιαστηρίου,
638 966 696 1050 τῆς
718 991 754 1032 τε
771 962 855 1033 κατά
880 962 938 1033 τὸν
956 969 1109 1044 Μωσέως

139 1064 243 1154 νόμον
261 1070 425 1152 λατρείας,
443 1060 498 1134 ὅτε
506 1061 622 1153 μηκέτ’
640 1059 753 1145 αὐτοῖς
766 1062 822 1134 διά
833 1071 900 1136 τῶν
909 1064 992 1135 κατά
1004 1062 1107 1154 νόμον

140 1170 273 1237 θυσιῶν
295 1163 335 1235 τά
358 1172 416 1254 τῆς
434 1160 584 1255 ἀφέσεως
600 1168 669 1235 τῶν
686 1159 856 1255 άμαρτιῶν
882 1170 1106 1255 προυξενελτο,
1121 1195 1147 1234 ιο

140 1263 224 1337 ἀλλά
243 1267 298 1337 διὰ
316 1265 512 1357 καθάρσεως
531 1270 672 1356 λουτροῦ
692 1268 745 1337 ἐπὶ
763 1271 821 1354 τῆς
845 1266 948 1337 πάλαι
966 1265 1107 1352 διψάδος

111 1401 125 1441 ο
140 1371 196 1440 καὶ
210 1367 345 1460 ἐρήμου,
362 1371 448 1457 λέγω
463 1368 501 1438 δέ
513 1374 571 1457 τής
584 1368 652 1438 τῶν
668 1370 781 1438 ἐθνῶν
795 1371 981 1458 ἐκκλησίας,
999 1395 1109 1458 παρα-

83 1494 95 1521 ·
141 1473 332 1560 διδομένου,
351 1475 388 1541 ἐν
401 1459 424 1561 ή
436 1472 491 1539 καλ
503 1464 722 1560 ήπροφητική
734 1472 897 1558 γενομένη
915 1470 1011 1558 φωνὴ
1027 1474 1108 1543 ἑτοι-

140 1570 253 1661 μάζειν
271 1569 533 1660 παρακελεύεται
549 1568 611 1659 τήν
627 1569 709 1641 ὁδὸν
722 1578 854 1659 κυρίου,
872 1570 930 1654 τάς
943 1572 1005 1661 μέν
1019 1571 1108 1642 κάτω

140 1701 207 1743 που
226 1681 272 1756 είς
290 1672 397 1761 βάθος
415 1679 532 1755 κακίας
550 1671 595 1754 ῶς
614 1676 651 1743 ἐν
668 1670 817 1761 φάραγγι
829 1675 983 1762 κειμένας
1001 1671 1108 1762 ψυχάς
1123 1698 1147 1740 15

142 1772 420 1864 ἐπαρθήσεσθωι,
444 1773 485 1842 τά
509 1774 546 1843 δέ
563 1771 666 1843 πάλαι
685 1771 847 1861 ὑψῶματα
869 1777 927 1862 τής
940 1769 1108 1863 Ἰερουσα-

140 1873 205 1964 λήμ
232 1877 289 1945 καὶ
314 1880 382 1945 τῶν
408 1870 463 1944 ἐπ’
483 1870 585 1962 αὐτῆς
607 1871 779 1964 ἀρχόντων
802 1903 837 1945 τε
855 1877 911 1944 καὶ
928 1875 1106 1962 βασιλέων,

140 1975 201 2065 ὅρη
220 1978 276 2045 καὶ
294 1974 439 2063 βουνοὺς
456 1971 697 2063 ὀνομαζόμενα,
716 1974 1031 2064 ταπεινωθήσεσθαι
1049 1986 1107 2044 θε-

142 2085 314 2159 σπίζουσα.
357 2082 385 2144 9.
406 2065 454 2145 ῶν
479 2080 762 2148 ἐπιτελεσθέντων
784 2080 868 2166 φησὶ
889 2073 1001 2149 Ηπάσα
1025 2075 1108 2165 σδιρξ

141 2174 257 2260 ὄψεται
274 2174 310 2248 τό
328 2175 493 2265 σωτήριον
510 2181 570 2248 τοῶ
587 2174 707 2266 θεοῶ,”
728 2182 831 2266 δῆλον
855 2175 888 2248 δ’
910 2177 960 2248 ὅτι
977 2183 1069 2249 πάσα
1086 2178 1149 2266 ήιο

144 2283 180 2350 ἐν
198 2281 296 2369 σαρκὶ
315 2282 368 2349 ἐπὶ
386 2286 446 2369 γῆς
464 2276 721 2368 ἀναστρέφουσα
738 2276 828 2369 ψυχή
841 2278 1009 2368 Ἑλλήνων
1025 2275 1110 2368 ὁμοῶ

142 2384 198 2452 καὶ
215 2380 397 2471 βαρβάρων
414 2385 470 2452 καὶ
488 2379 624 2452 πάντων
641 2379 841 2465 ἁπαξαπλῶς
853 2384 922 2452 τῶν
940 2386 1070 2469 ἐθνῶν,
1089 2378 1111 2451 οἳ

142 2486 197 2579 καὶ
215 2487 256 2575 τῇ
273 2481 454 2574 προρρήσει
472 2482 668 2563 ἀκολούθως
687 2489 734 2565 εἰς
756 2485 859 2571 πέρας
878 2480 1021 2553 ἐλθόντα
1039 2489 1111 2552 δεί-

75 2618 128 2666 (ιοω
143 2614 271 2656 κυυται.
309 2591 357 2655 10.
377 2590 482 2672 ζητῶν
501 2585 537 2654 δέ
553 2582 633 2674 παρ’
660 2588 791 2676 ἐμαυτῷ
808 2591 843 2653 τί
858 2581 922 2671 ἀρα
939 2572 982 2673 ήν
1000 2584 1036 2653 τὸ
1056 2587 1072 2652 έ
1092 2627 1111 2635 -

142 2690 270 2774 πλήξαν
293 2683 370 2765 τούς
393 2684 536 2766 πολλοὺς
561 2688 597 2753 ἐν
620 2687 667 2777 τῶ
688 2680 842 2774 Ἰωάννη,
866 2683 910 2766 ῶς
936 2681 1150 2773 θαυμάσαιτε

142 2784 244 2856 αὐτὸν
262 2787 317 2854 καὶ
336 2783 532 2875 κηρύττοντι
549 2782 717 2875 βάπτισμα
734 2792 910 2874 μετανοίας
923 2789 1111 2874 πιστεύσαι,

142 2885 268 2967 πάντας
285 2913 321 2956 τε
338 2885 550 2978 πανταχόθεν
563 2885 603 2957 τά
616 2894 722 2958 οἰκεῖα
735 2885 958 2970 ἀπολιπόντας
971 2905 1112 2978 συρρεῖν

144 2992 198 3058 ἐπὶ
215 2985 277 3076 τήν
294 2994 436 3078 έρημον,
455 2988 597 3079 μάλιστα
610 2985 665 3058 ὅτε
680 2995 847 3078 μηδεμίαν
865 2987 970 3060 αὐτοῦ
989 2994 1111 3079 πρᾶξιν

144 3093 334 3181 ἱστοροῦσιν
357 3096 392 3160 ολ
414 3088 521 3177 λόφοι·
542 3088 619 3162 οὕτε
636 3089 700 3182 γάρ
718 3089 859 3181 νεκροῶς
885 3095 1014 3180 ἐγείρας
1032 3087 1111 3161 οῶτε

144 3196 239 3282 ἕτερα
257 3190 414 3282 θαύματα
432 3191 620 3283 πεποιηκῶς
637 3190 900 3281 ἀναγέγραπταί
937 3201 971 3259 τί
988 3188 1029 3280 δή
1048 3183 1111 3262 οὗν
1124 3219 1150 3260 30

145 3285 186 3380 ἦν
208 3291 244 3362 τὸ
268 3297 433 3383 έκπλήξαν
456 3292 532 3376 τούς
550 3291 694 3380 πάντας;
719 3288 739 3383 ή
758 3292 883 3382 μήποτε
908 3289 926 3362 ὅ
945 3295 1036 3374 ξένος
1054 3297 1110 3362 καὶ

142 3392 384 3482 παραλλάττων
406 3395 483 3476 τοὺς
505 3395 649 3477 πολλοὺς
667 3391 771 3467 αὐτοῦ
796 3402 867 3482 βίος
874 3427 884 3480 ;
908 3393 1028 3485 προήει
1045 3391 1109 3485 γάρ
