2326 3818
332 127 515 179 οειιοαεε.
537 127 669 179 ενεαο.
688 128 722 180 x,
742 132 765 177 1.
965 126 1026 190 631

58 264 161 340 αὐτόν
177 262 387 356 ὑπισχνεῖτο,
410 268 489 354 περὶ
507 255 556 336 (όν
572 263 643 355 μετ’
665 262 777 336 αύτῶν
796 269 935 337 ἐκείνων
955 271 1027 350 ἐψι-

58 368 184 458 θύριζε.
222 367 275 440 διό
292 392 397 457 φησιν
409 365 646 455 “ἐξεπορεύετο
671 370 745 455 ἐξω,
770 368 825 436 καλ
846 367 954 438 ε’λάλει
975 372 1028 439 ἐπὶ

58 471 95 543 τό
113 467 203 541 αύτό.
229 468 301 540 κατ’
325 474 405 559 ἐμοῦ
424 468 617 556 ἐψιθύριζον
634 466 756 549 πάντες
774 473 809 536 oc
821 474 939 557 ἐχθροί
949 500 1027 559 μου,

59 569 132 642 κατ’
154 576 235 660 ἐμοῦ
254 577 437 659 ἐλογίζοντο
456 569 540 641 κακά
557 599 622 660 μοι.
646 575 697 640 32.
718 568 818 659 λόγον
831 569 1029 660 παράνομον

32 676 240 745 ικατέθεντο
265 670 337 742 κατ’
366 670 475 761 ἐμοῦ.”
515 680 601 743 ἐοικε
624 671 662 741 δέ
686 671 748 759 τήν
772 669 943 759 συνταγήν
965 671 1028 760 τήν

58 778 135 866 περὶ
158 778 226 845 τάν
248 771 421 863 ἀργυρίων
443 773 545 863 λόγον
569 772 764 863 παράνομον
788 770 843 843 διά
866 777 924 860 της
948 802 1054 863 προ·ε

58 885 197 965 φητείας
220 872 410 965 ὀνομάζειν,
443 871 463 963 ἢ
487 880 542 946 καὶ
565 874 616 947 ὅτι
639 872 747 965 άσεβῆ
769 879 824 946 καὶ
852 873 1028 963 παράνομα

58 977 133 1048 κατ’
161 976 266 1048 αὐτοῦ
291 981 501 1064 διενοοῦντο,
532 973 577 1058 ιός
603 974 646 1047 διν
672 980 948 1068 σβεσθησομένου
972 980 1028 1048 καὶ

60 1082 379 1170 διαφθαρησομένου
401 1078 483 1167 μετά
505 1078 565 1149 τὸν
588 1076 755 1165 θάνατον,
774 1084 830 1149 καλ
857 1076 971 1169 μηκέτ’
993 1084 1032 1149 ἐν’

19 1206 45 1247 ιο
59 1186 158 1266 gaiam
188 1183 503 1270 ἐξετασθησομένου.
550 1184 600 1249 33.
633 1184 785 1249 τοιούτου
811 1179 875 1268 γάρ
901 1180 1029 1252 ἔστιτὸ

53 1277 120 1373 ’μὴ
145 1279 163 1353 5
186 1281 390 1370 κοιμώμενος
415 1277 490 1369 ούχὶ
513 1278 701 1369 προσθήσει
723 1284 783 1350 τού
800 1279 984 1370 ἀναστῆναι
995 1278 1027 1367 ;”

57 1382 140 1469 ὅπερ
158 1381 355 1468 λευκότερον
378 1377 395 1451 5
421 1379 603 1471 Σύμμαχος
628 1385 788 1469 ἐξέφηνεν
814 1381 918 1450 εἰπάν
942 1377 960 1405 “
971 1385 1027 1450 καὶ
1042 1410 1095 1461 μοι]

57 1484 171 1555 πεσόν
187 1480 298 1554 οὐκέτ’
312 1481 534 1569 ἀναστήσεται
545 1479 577 1513 ”’
596 1478 614 1552 5
629 1483 667 1552 δέ
677 1479 816 1561 Ἀκύλας
831 1484 936 1570 φησὶν
949 1477 1027 1552 “nal

57 1581 93 1666 ός
111 1582 153 1652 άν
171 1588 335 1678 κοιμηθῇ,
363 1579 404 1653 05
428 1581 615 1671 προσθήσει
638 1589 699 1652 τοῦ
716 1579 935 1671 άναστ“ήναι.”
971 1586 1027 1651 καλ

19 1710 44 1751 ιι
57 1693 162 1754 ταῦτα
180 1693 228 1754 ἐτι
246 1687 366 1764 κοινάς
385 1688 460 1772 περὶ
478 1683 615 1755 πάντων
634 1694 760 1773 εἴρηται
783 1690 851 1753 τῶν
869 1683 951 1753 κατά
970 1682 1056 1754 τδνε

57 1783 174 1873 καιρόν
196 1789 258 1856 τού
282 1784 414 1867 πάθους
441 1785 769 1875 ἐπιβεβουλευκότων
795 1782 902 1878 αύτῷ,
933 1791 1028 1866 ίδίως

58 1889 97 1958 δέ
120 1886 222 1961 πάλιν
245 1892 322 1979 περὶ
345 1893 404 1959 τοῦ
423 1887 604 1979 προδότου,
633 1883 677 1970 άς
695 1884 741 1960 άν
760 1889 837 1976 περὶ
859 1899 1027 1977 μαθητευ-

57 1993 177 2071 θέντος
201 1990 311 2085 αὐτῷ,
341 1994 415 2078 ἑξῆς
441 1993 589 2081 ἐπιφέρει
613 1994 721 2080 λέγων
738 1985 758 2014 “
767 1993 823 2061 καὶ
847 1988 909 2079 γάρ
934 1986 1029 2060 δάν·

57 2104 195 2177 θρωπος
212 2097 269 2181 της
294 2092 427 2182 εἰρήνης
445 2122 526 2180 μου,
553 2089 609 2181 ἐφ’
629 2090 669 2164 δν
691 2092 834 2182 ήλπισα,
858 2092 875 2163 ὁ
902 2096 1029 2164 ἐσθίων

20 2218 45 2257 20
58 2190 178 2278 ἄρτους
188 2223 264 2281 μου,
282 2191 484 2281 ἐμεγάλυνεν
495 2191 543 2261 ἐπ’
559 2195 614 2281 ἐμὲ
628 2192 859 2282 πτερνισμόν.”
878 2199 929 2263 34.
945 2190 1027 2263 ἄνθ’

58 2285 100 2365 ού
125 2294 227 2365 πάλιν
251 2288 268 2365 5
293 2293 474 2382 Σύμμαχος
493 2290 578 2362 “aaz
602 2290 805 2382 άνθρωπος”
839 2296 944 2379 φησὶν
964 2289 1029 2374 “53

60 2394 215 2484 είρήνευέ
235 2425 307 2485 μοι,
336 2423 361 2486 φ
388 2399 601 2519 ἐπεποίθειη,
628 2401 822 2462 συνεσθίειν
845 2421 900 2481 μοι
925 2391 1028 2480 άρτον

60 2498 156 2587 ἐμόν,
183 2465 457 2586 κατεμεγάλύνθη
483 2490 567 2585 μου.’
568 2491 779 2616 ’χείριστος
806 2490 868 2581 γάρ
891 2489 1028 2581 άληθῶς

57 2597 216 2669 ἁπάντων
240 2601 293 2668 και
321 2592 575 2687 ἐναγέστατος’
560 2626 578 2667 ο
601 2594 682 2685 μετά
713 2624 831 2684 κοινην
860 2592 1028 2683 τράπεζαν

20 2701 114 2768 maz
145 2699 207 2788 τήν
238 2703 275 2771 ἐν
297 2698 407 2790 λόγοις
430 2704 490 2770 τοῦ
516 2695 719 2770 διδασκάλου
748 2695 878 2788 τροφήν
903 2699 956 2766 ἐπὶ
988 2695 1028 2765 τά

57 2807 158 2886 χείρω
175 2803 313 2883 τραπεὶς
340 2803 396 2870 καλ
420 2817 488 2881 τοῖς
508 2799 728 2880 ἐναντίοις
694 2828 752 2870 τον
771 2796 949 2889 εὐεργέτην
967 2796 1029 2868 ιἰν-

57 2897 310 2988 ταμειψάμενος.
356 2905 407 2970 35.
442 2896 517 2970 ἀλλ’
547 2898 727 2988 ἐπειδήπερ
753 2900 1028 2988 ἐπιβουλεύοντες

58 3006 93 3073 oc
116 3002 230 3089 ἐχθροὶ
254 3006 369 3088 ἐλεγον
389 2996 408 3025 “
418 2998 498 3070 πότε
524 2995 746 3072 ἀποθανεῖται
774 3005 830 3072 καὶ
856 2999 1028 3072 άπολεῑτιιι

58 3100 95 3174 τό
112 3099 216 3190 όνομα
234 3098 377 3188 αύτοῦ;”
406 3098 511 3195 ᾤοντό
528 3131 565 3173 τε
582 3106 786 3192 κοιμηθέντα
809 3100 921 3191 μηκέτ’
947 3098 1027 3169 άνα-

21 3229 46 3268 30
60 3203 261 3295 στήσεσθαι,
287 3202 407 3275 τούτου
431 3201 529 3293 χάριν
552 3199 651 3286 αύτὸς
669 3198 687 3274 5
706 3201 815 3292 σωτήρ
837 3205 893 3271 καὶ
912 3200 1026 3289 κύριος
1040 3227 1095 3279 (ιιι)

58 3305 155 3397 ήμων
172 3302 332 3377 τάναντία
349 3303 478 3387 τούτοις
501 3303 695 3394 εὐχόμενος,
719 3306 855 3393 καὶτῆς
881 3302 1029 3375 ιἰναστά-

59 3428 143 3490 σεως
152 3405 329 3491 ἀκωλύτως
339 3425 454 3500 τυχεῖν
467 3405 570 3492 ἀξιῶν
582 3406 641 3477 τόν
654 3407 792 3499 πατέρα,
806 3409 889 3497 φησὶ
898 3404 966 3477 “σύ
978 3407 1026 3495 δέ,
