2326 3818
200 158 203 163 ’
230 151 416 202 DEMONST,
435 150 569 202 EVANG.
587 151 662 202 VIII.
681 152 706 201 5.
730 151 779 201 IX.
792 150 920 200 Ραοουιι.
998 148 1060 212 561

93 320 164 362 νων
194 297 253 379 τῆς
289 294 350 360 τού
386 297 507 382 κυρίου
536 297 592 372 είς
629 286 833 380 ἀνθρώπους
865 293 1061 377 ἐπιφανείας

95 396 274 480 συνῆκται·
300 399 439 462 πλείονα
458 389 490 462 δ’
524 389 567 462 ἀν
584 421 633 472 τις
658 393 711 460 ἐπὶ
737 394 856 480 σχολῆς
882 389 975 481 εύροι
1006 394 1061 461 καὶ

94 492 152 574 τοὶς
177 491 293 574 λοιπάς
325 491 499 584 έκπεριιοδν
529 490 676 583 γραφάς·
710 489 804 580 ῆμεῑς
833 519 872 580 γε
902 491 969 582 μῆν
992 511 1090 574 τοῑςο

96 597 280 686 εἰρημένοις
295 590 517 685 ἀρκεσθέντες
534 596 671 685 μέτιμεν
687 591 753 683 ῆδη
772 595 827 662 καὶ
847 594 900 662 ἐπὶ
919 591 976 674 τὰς
995 604 1062 663 λοι-

67 696 159 776 δπάς
181 705 395 786 προφητείας.
450 694 502 766 διὸ
527 694 566 767 τά
594 697 858 785 οίκονομηθέντα
874 697 910 765 έν
928 691 1060 783 ἀνθρύ-

95 825 169 881 ποις
200 793 397 881 ἀκολούθως
426 795 519 894 αύτῷ
543 800 580 868 ἐκ
609 803 678 868 τῶν
705 805 813 869 θείων
843 795 1062 888 προρρήσεων

95 897 335 990 ἀυαλεξόμεθα.

479 1101 681 1110 -—-——-

413 1383 568 1435 BI-BAION
585 1383 746 1434 ENATON.
1075 1368 1131 1469 λὲῗὲλ

176 1513 202 1576 1.
237 1513 281 1575 Τί
297 1502 338 1594 δῆ
356 1511 504 1576 λείπεται
520 1506 575 1575 ἐπὶ
592 1503 719 1586 τούτοις
734 1501 808 1574 ἀλλ’
829 1500 850 1594 ῆ
877 1522 950 1588 ταῖς
981 1505 1063 1576 ὑπο-

60 1642 84 1680 10
99 1610 252 1698 σχέσεσιυ
276 1603 472 1689 ἀκολούθως
500 1614 651 1677 διελθεῖν
668 1606 708 1676 τά
726 1609 990 1696 οίκονομηθέυτα
1010 1603 1063 1677 ἐπὶ

96 1714 154 1797 τῆς
173 1708 463 1800 ένανθρωπῆσεως
480 1705 584 1779 αὐτοῦ
610 1704 651 1796 δῆ
669 1711 727 1778 τοῦ
745 1713 832 1778 θεού
849 1706 968 1798 λόγους
987 1711 1063 1799 περὶ

10 1849 21 1877 ι
97 1802 139 1883 ού
156 1809 196 1882 τά
213 1813 493 1904 προπεπονημένα
511 1813 549 1881 έν
567 1804 652 1881 ὀκτὼ
674 1826 744 1891 τοῖς
762 1807 826 1900 πρὸ
843 1808 965 1881 τούτου
983 1833 1062 1897 συγ·
1077 1843 1131 1891 (οη

97 1912 266 2004 γράμμασι
294 1910 542 2003 διεληλύθαμεν
550 1966 559 2003 ,
591 1912 662 1983 ποτέ
685 1912 748 2003 μέν
771 1911 833 2001 τῆν
861 1911 933 1982 κατ’
962 1909 1065 1982 αύτόν

98 2023 282 2104 θεολογίαν
308 2013 583 2105 διερευνώμενοι,
608 2014 686 2085 ,τοτὲ
719 2014 756 2084 δέ
785 2012 847 2103 τῆν
874 2012 1066 2105 οὐρανόθεν

60 2146 85 2185 15
101 2123 147 2196 είς
172 2112 258 2205 ῆμάς
281 2115 432 2187 κάθοδου
456 2119 511 2185 καί
534 2113 594 2185 τόν
617 2145 652 2185 τε
675 2114 800 2205 τρόπον
824 2114 907 2205 ὁμοῦ
931 2118 986 2186 καὶ
1005 2115 1067 2204 τῆν

98 2224 325 2307 προσηγορίαν
356 2219 411 2288 καὶ
448 2214 506 2286 τδυ
543 2214 664 2307 χρόνον
693 2220 752 2305 τῆς
782 2212 927 2304 ἀφίξεως
964 2215 1067 2287 αύτού

99 2315 388 2406 διασκοπούμενοι.
447 2308 495 2388 ὦν
525 2312 818 2406 ἀποδεδειγμένων
853 2315 968 2409 καιρύς
999 2315 1064 2406 ῆδη

98 2416 138 2488 τά
156 2417 238 2489 κατά
255 2418 317 2508 τῆν
337 2413 649 2507 έπιφάυειαναύτοῦ
663 2424 835 2505 συνιδεῖν,
854 2412 1068 2508 παραστῆσαί

98 2549 133 2590 τε
151 2516 240 2602 ὅπως
260 2523 313 2590 καλ
333 2518 461 2591 τούτων
479 2520 600 2590 έκαστα
625 2515 705 2610 παρ’
726 2517 891 2610 Ἑβραίοις
915 2546 1065 2610 προανα-

62 2620 289 2712 ιοπεφιύνητο.
331 2627 361 2693 2.
386 2620 423 2692 τό
448 2651 487 2711 γε
513 2619 580 2711 μῆν
609 2625 677 2691 των
701 2619 920 2712 προρρήσεων
945 2617 1065 2690 ἀποτέ-

100 2734 204 2814 λεσμα
231 2721 285 2794 διά
308 2728 367 2813 τῆς
396 2727 464 2794 τῶν
489 2728 589 2815 ίερωυ
614 2721 859 2812 εύαγγελιστῶυ
882 2730 1066 2814 μαρτυρίας

100 2829 156 2896 καί
186 2829 244 2914 τῆς
275 2822 322 2895 δι’
355 2821 469 2895 αύτῶυ
500 2832 733 2915 ίστορηθείσης
764 2830 833 2896 τῶν
863 2825 1066 2915 πραγμύτων

100 2926 297 3016 ἀποβάσεως
321 2923 676 3017 έπισφραγισθῆσεται.
720 2931 853 3017 πρῶτον
876 2917 938 2997 οὖν
958 2923 1094 2998 ἀπύυ-ι)
1125 2925 1130 2935 ’

100 3057 186 3116 των,
214 3025 328 3117 έπειδῆ
352 3026 392 3098 τύ
410 3030 487 3118 περὶ
505 3032 562 3117 τῆς
580 3030 741 3118 γενέσεως
766 3025 872 3098 αύτού
895 3033 1013 3116 γένους
1031 3057 1067 3097 τε

62 3133 158 3201 ετκαὶ
188 3133 297 3219 φυλῆς
329 3132 395 3199 καὶ.
416 3131 603 3220 σπέρματος
633 3125 883 3216 ἀποδέδεικται,
915 3133 997 3218 φέρε
1027 3133 1067 3198 τὰ

102 3235 258 3322 περὶτοῦ
276 3232 439 3321 φανέντος
465 3233 518 3301 ἐπὶ
543 3239 584 3322 τῆ
601 3234 732 3321 γενέσει
757 3227 862 3301 αύτού
880 3233 958 3299 νέου
977 3227 1067 3312 τινὸς

104 3335 159 3402 καὶ
178 3338 360 3418 ξενίζοντος
384 3329 474 3423 παρά
497 3331 575 3416 τούς
595 3331 756 3423 συνήθεις
773 3331 909 3422 ἀστέρος
933 3331 1068 3402 θεασώ-

102 3448 209 3525 μεθα,
240 3439 311 3507 ἐπεὶ
343 3439 399 3506 καὶ
424 3439 522 3506 τούτο
553 3433 654 3506 πύλαι
684 3434 847 3527 πρότερον
872 3438 908 3505 έκ
931 3438 1069 3525 μακρῶν

153 3565 290 3601 υυεειιευε
304 3567 351 3604 111.
845 3547 893 3612 ‘523
