2326 3818
335 129 522 184 DEMONST.
544 130 676 182 EVANG.
695 133 717 182 Ι.
738 134 761 182 7.
991 129 1031 194 51

140 283 199 344 Vll.
230 272 323 342 Νυνὶ
355 270 391 339 δὲ
422 268 531 340 πάντα
555 267 638 340 κατά
666 269 725 340 τὸν
747 273 900 351 Μωσέως
929 269 1060 361 νόμονι

62 375 340 461 πεπολιτευμένος
357 389 427 453 τοῖς
444 369 638 453 ἀποστόλοις
662 369 766 442 αὐτοῦ
784 375 939 462 κέχρηται
959 380 1033 443 δια-

63 472 173 565 κόνοις
196 477 254 562 της
282 478 398 561 καινῆς
423 469 527 544 αύτού
551 481 769 564 νομοθεσίας,
794 469 880 563 δμού
897 476 958 564 μὲν
977 479 1032 545 καὶ

60 573 100 646 τά
119 579 271 657 Μωσέως
283 572 346 646 ούκ
361 573 519 665 ἀλλότριοι
537 572 610 646 οὐδ’
634 574 738 664 ἐχθρά
749 581 806 665 τῆς
816 584 940 658 οἰκείοις
954 590 1031 648 θεο-

36 684 195 765 ισεβείας
213 674 370 768 ἡγεῖσθαι
395 684 468 747 δεῖν
488 675 641 764 διδάξας,
666 672 750 766 ὁμοῦ
776 679 812 747 δὲ·
830 681 886 747 καὶ
905 675 1030 749 αύθέν-

59 808 118 868 της
136 782 192 849 καὶ
210 777 385 869 εἰσηγητὴς
409 781 486 861 νίας
510 781 565 848 καὶ
589 786 756 869 σωτηρίου
774 783 878 850 πάσιν
896 778 1033 869 άνθρῶ-

60 908 135 962 ποις
148 878 311 963 καταστάς
325 888 539 970 νομοθεσίας,
559 875 603 962 ῶς
616 883 776 970 μηδαμῶς
795 889 841 962 είς
858 880 898 951 τά
911 892 1035 953 Μωσεῑ

61 985 225 1054 δοκοῦντα
243 986 475 1074 παρανομῆσαι
494 980 613 1070 αὐτόν,
639 984 731 1064 τέλος
751 979 783 1053 δ’
805 988 944 1066 ἐκείνοις
964 989 1031 1054 έπι-

59 1098 175 1156 θεῖναι
192 1083 366 1175 πρότερον,
387 1087 443 1154 καὶ
460 1076 639 1174 πληρωτὴν
657 1083 770 1155 αὐτῶν
784 1087 956 1175 γενέσθαι,
976 1089 1031 1155 καὶ
1049 1124 1060 1152 ι

21 1215 46 1254 ιο
60 1185 166 1269 οὕτως
190 1190 267 1277 περὶ
292 1185 354 1275 τὴν
378 1183 563 1257 αύθεντίαν
585 1189 647 1257 τοῦ
670 1186 752 1256 κατά
775 1184 810 1257 τό
836 1186 1031 1276 εὐαγγέλιον

59 1287 165 1377 νόμου
184 1292 464 1378 παρεληλυθέναι.
501 1289 557 1358 καὶ
575 1291 694 1359 τούτου
719 1287 902 1359 ἀκουστέον
927 1288 1032 1359 αὐτού

60 1395 213 1478 λέγοντος
229 1389 289 1461 τδν
311 1387 435 1480 τρόπον
448 1385 533 1461 ’ὀύκ
556 1379 666 1478 ἦλθον
689 1396 871 1460 καταλῦσαι
896 1388 955 1460 τόν
973 1389 1031 1461 νό-

60 1521 145 1580 μον,
165 1488 248 1560 ἀλλά
266 1487 469 1581 πληρῶσαι.”
965 1568 968 1572 ,

135 1599 167 1662 2.
193 1600 239 1663 Et
266 1594 328 1683 μὲν
358 1591 422 1683 γάρ
447 1592 640 1684 παραβάτης
663 1597 723 1664 τού
749 1595 900 1674 Μωσέως
925 1591 1031 1682 νόμον

19 1721 45 1762 15
59 1697 217 1785 κατέστη,
237 1690 301 1766 κάν
319 1691 465 1783 εὐλόγως
484 1700 646 1784 ἐνομίσθη
660 1693 753 1766 λύειν
772 1691 875 1765 αύτὸν
893 1697 948 1764 καὶ
966 1723 1029 1765 πα«

59 1815 236 1886 ρανομεῖν·
277 1801 404 1886 φαῦλος
435 1801 475 1867 δέ
496 1827 545 1880 τις
569 1801 625 1866 καὶ
654 1795 846 1885 παράνομος
872 1796 1030 1883 πεφυκῶς

58 1897 121 1969 ούκ
139 1895 183 1970 άν
201 1897 383 1986 ἐπιστεύθη
408 1895 506 1980 αύτὸς
532 1899 620 1969 εἶναι
642 1896 660 1968 ό
679 1896 831 1985 Χριστός.
875 1898 967 1967 λύων
993 1900 1031 1968 δὲ

57 1999 96 2069 τά
116 2004 268 2082 Μωσέως
287 2008 356 2083 πῶς
375 1997 418 2070 άν
436 2005 599 2090 ἐνομίσθη
624 1998 722 2082 αὐτὸς
746 1998 910 2089 ὑπάρχειν
928 1999 945 2071 ὁ
963 1994 1029 2071 ύπδ

58 2107 211 2184 Μωσέως
230 2105 285 2172 καὶ
304 2107 372 2173 τῶν
389 2110 571 2193 προφητῶν
593 2105 875 2191 κατηγγελμένος;
900 2108 970 2183 πῶς
995 2102 1025 2170 δ’
1044 2130 1057 2168 ο

19 2231 45 2271 20
59 2197 101 2274 ἀν
120 2212 217 2293 ἔσχεν
230 2203 267 2274 τὸ
282 2200 473 2288 ἀξιόπιστον
487 2208 603 2293 καινης
621 2212 839 2293 νομοθεσίας;
860 2209 952 2286 ἔδοξε
967 2203 1029 2293 γάρ

59 2301 101 2374 άν
120 2305 254 2387 είκότως
276 2310 334 2394 της
358 2315 566 2396 παρανομίας
592 2305 690 2396 χάριν
714 2309 768 2375 ἐπὶ
792 2305 854 2394 την
879 2336 1029 2376 καινοτο-

58 2414 140 2496 μίαν
159 2410 377 2497 ἐληλυθέναι,
403 2407 542 2497 φεύγων
565 2407 626 2497 την
647 2410 698 2476 ἐπὶ
718 2426 789 2489 ταῖς
809 2418 1030 2494 παρανομίαις

58 2517 230 2600 τιμωρίαν.
256 2515 284 2579 3.
304 2515 370 2580 νῦν
390 2512 425 2579 δὲ
439 2511 545 2599 μηδὲν
558 2515 719 2599 μηδαμῶς
738 2512 805 2579 τῶν
820 2513 856 2578 ἐν
873 2514 918 2601 τῶ
937 2507 1029 2602 νόμῳ

58 2610 179 2701 λύσας,
204 2609 379 2702 πληρωτὴς
405 2610 436 2681 δ’
465 2609 577 2681 αὐτῶν
600 2609 795 2700 γενόμενος,
820 2613 875 2680 καὶ
894 2614 1029 2697 τέλειος,

18 2741 44 2781 25
60 2711 104 2794 ῶς
122 2712 165 2784 άν
183 2743 232 2795 τις
252 2725 356 2800 είποι,
375 2710 458 2783 κατά
477 2716 620 2800 Μωσέα,
649 2716 720 2783 ἐπεὶ
739 2715 854 2801 μηκέτι
872 2732 940 2792 τοῖς
961 2723 1030 2782 λοι-

58 2833 133 2896 πολς
152 2825 269 2886 ἔθνεσι
288 2813 435 2886 δυνατόν
458 2806 500 2904 ἦν
521 2816 720 2904 ἐφαρμόζειν
743 2814 782 2884 τά
801 2813 890 2902 παρά
909 2826 1031 2888 Μωσεῐ

57 2915 181 3006 νόμιμα
201 2917 256 2986 διά
273 2916 335 3000 τάς
350 2923 628 3005 προδηλωθείσας
647 2924 775 3003 αίτίας,
795 2917 893 3005 (χρην
913 2918 950 2985 δὲ
969 2916 1030 3004 δή·

56 3046 124 3090 που
148 3028 389 3111 φιλανθρωπίᾳ
418 3027 478 3089 τού
510 3018 713 3106 παναγάθον
738 3022 806 3087 τῶν
832 3017 921 3087 ὅλων
944 3022 1030 3087 θεοῦ

56 3120 185 3203 πάντας
204 3120 409 3212 ἀνθρώπους
427 3125 582 3209 σωθῆναι
600 3126 656 3190 καί
677 3128 723 3201 είς
746 3124 929 3207 ἐπίγνωσιν
947 3119 1029 3206 άλη-

18 3231 156 3305 νοθείας
175 3224 316 3314 ε’λθεῐν,)
336 3221 376 3294 τά
393 3222 581 3311 κατάλληλα
600 3225 655 3291 καί
679 3216 823 3310 άρμόδια
841 3237 909 3302 τοῖς
928 3224 1029 3291 πᾶσιν

56 3375 263 3383 -—---——.-...

128 3460 158 3507 12
178 3458 276 3511 Matth.
292 3459 316 3520 5,
333 3459 371 3507 17.
477 3459 509 3508 29
530 3459 552 3506 1.
567 3457 637 3518 Tim,
652 3459 675 3514 9,
688 3457 713 3507 4.
