2326 3818
125 144 185 208 192
523 144 673 199 ευεεοα

122 287 228 373 τρικοὶ
248 284 284 354 δὲ
302 284 360 354 τὸν
383 282 527 374 άρχοντα
550 291 626 356 τίνα
643 281 746 356 άλλον
768 280 789 374 ἢ
807 286 999 375 γεωμέτρην
1018 287 1091 355 ἑπι-

123 384 307 477 γράψονται
332 388 389 456 καὶ
412 384 625 478 ἀριθμητικοὶ
651 386 711 457 τὸν
739 383 979 476 άριθμητικόν;
1006 386 1090 456 κατὰ

123 487 163 557 τά
181 485 265 558 αὐτά
284 488 321 558 δὲ
339 490 395 557 καὶ
412 486 529 578 γόητος
547 485 669 578 άνδρδς
692 491 841 578 μέγιστοι
858 481 901 558 άν
920 487 990 558 εἶεν
1006 487 1088 577 μάρ-
1112 556 1118 565 ,

122 618 218 680 τυρες
244 594 280 659 οί
300 592 470 680 φοιτηταί,
494 590 534 661 τά
556 587 653 680 όμοιά
671 618 736 661 που
759 592 806 683 τῷ
825 587 1017 682 διδασκάλῳ
1034 591 1090 659 καὶ

53 721 110 773 (ωε)
124 689 218 764 αὐτοὶ
236 690 412 781 μετιόντες.
452 696 500 761 13.
519 689 602 761 άλλά
620 687 732 774 οὐδείς
750 718 802 761 πω
819 688 989 762 τοσούτων
1008 694 1117 761 &wiva

122 792 201 883 γόης
220 796 386 880 πέφανται
403 796 465 862 τοῦ
479 788 586 881 Ἰησοῦ
599 792 769 882 μαθητὴς,
788 801 895 865 καίτοι
911 791 966 863 διά
983 790 1091 881 βασά-

122 925 193 966 νων
211 902 327 983 πείρας
345 897 412 964 τῶν
430 893 513 964 κατά
530 893 671 984 χρόνους
685 890 859 984 ἡγεμόνων
872 895 978 964 τεκαὶ
996 902 1091 983 βασι·

124 999 210 1065 λε’ων
228 993 349 1084 ἀκριβῆ
368 999 435 1065 τῶν
450 991 532 1083 καθ’
551 991 636 1086 ἡμᾶς
649 995 854 1086 πραγμάτων
866 995 928 1084 τὴν
942 997 1091 1079 ἐξέτασιν

123 1097 366 1185 πεποιημένων.
406 1102 453 1168 14.
473 1093 578 1179 οὕτως
598 1098 635 1168 δὲ
653 1095 717 1184 άρα
735 1096 847 1179 οὐδεὶς
865 1089 907 1186 ἦν
931 1096 1027 1185 γόης,
1046 1093 1092 1179 σός

125 1196 306 1288 ἐλεύθερον
330 1194 495 1287 ἀφεῖσθαι
518 1202 574 1269 καὶ
591 1200 714 1281 παντός
733 1197 824 1281 ἐκτός
850 1197 1015 1269 κινδύνου
1033 1197 1092 1269 τὸν
1105 1229 1132 1267 ιο

124 1295 205 1370 αὐτὸ
229 1297 333 1390 μόνον
355 1298 392 1370 τό
415 1307 521 1371 θῦσαι
546 1300 628 1390 πρὸς
653 1300 765 1371 αὐτῶν
789 1302 1024 1389 βεβιασμένον.
1062 1307 1094 1371 εί

126 1402 161 1472 δὲ·
179 1404 293 1484 οὐδεὶς
312 1400 445 1472 πώποτε
461 1409 530 1473 τῶν
548 1402 627 1473 καθ’
654 1397 739 1493 ἡμᾶς
756 1400 833 1473 οῦτε
851 1406 919 1473 τῶν
939 1406 1092 1472 παλαιῦν

125 1507 263 1575 ἐκείνων
286 1508 347 1575 τοῦ
368 1502 474 1592 Ἰησοῦ
497 1509 660 1594 μαθητῶν
681 1512 833 1594 γοητείας
857 1500 944 1591 ἥλω,
968 1501 1048 1574 οῦδὲ
1073 1500 1091 1573 ό

95 1637 110 1675 ι
125 1604 325 1685 διδάσκαλος
343 1596 386 1693 ἦν
403 1603 468 1695 άρα
486 1610 642 1688 τοιοῦτος.
683 1612 740 1676 ’ίνα
759 1607 796 1676 δὲ
813 1603 858 1695 μὴ
876 1609 909 1689 ἐξ
927 1602 1091 1694 ἀγράφων

123 1705 141 1776 ό
161 1705 256 1793 λόγος
280 1704 361 1795 ἡμῖν
386 1705 516 1794 όδεῦοι,
542 1711 641 1796 δέχου
665 1706 723 1788 τάς
747 1705 933 1790 άποδειῖεις
951 1708 1007 1776 καὶ
1024 1702 1090 1777 άπὸ
1104 1735 1130 1776 ιτ

126 1813 271 1899 ἱστορίας
290 1807 469 1898 ἐγγράφου.
507 1813 556 1880 15.
573 1814 608 1878 οί
624 1808 665 1899 δὴ
683 1813 808 1899 πρῦτοι
825 1812 886 1879 τοῦ
900 1806 1011 1897 Ἰησοῦ
1027 1836 1092 1895 μα-

124 1911 225 1998 θηταὶ
245 1914 282 1980 ἐν
299 1913 341 1999 τῇ
358 1916 468 2003 βίβλῳ
492 1913 560 1980 των
581 1916 679 1981 ἰδίων
696 1907 858 2000 Πράξεων
883 1910 1091 1996 ἱστοροῦνται

123 2009 239 2092 τοῦςέξ
255 2014 417 2101 ἐδνώντῄ
432 2006 1091 2103 διδασκαλίᾳαῦτοῦνπροσιόντας**ὥστε

125 2111 267 2191 πολλοῦς
285 2118 351 2181 τῶν
370 2111 532 2202 πρότερον
550 2116 626 2204 περὶ
644 2121 800 2202 γοητείαν
819 2113 1093 2201 διαβεβλημένων

127 2218 174 2294 είς
191 2215 349 2311 τοσοῦτον
375 2222 574 2303 μεταβαλεῖν
597 2212 656 2285 τόν
681 2218 811 2286 ἑαντῦν
829 2212 954 2304 τρόπον
980 2209 1024 2294 ὡς
1043 2219 1090 2294 είς
1104 2242 1130 2281 ιο

125 2317 228 2403 μέσον
245 2310 383 2404 ἀγαγεῖν
400 2320 559 2406 τολμῆσαι
577 2315 634 2399 τάς
648 2315 922 2407 άπηγορενμίνας
940 2322 1091 2403 βίβλους,

125 2419 181 2487 καὶ
208 2415 331 2498 ταύτας
360 2417 504 2491 ἐντόπιον
526 2417 663 2489 πάντων
680 2422 762 2508 πυρὶ
781 2420 1001 2507 παραδοῦναι.
1040 2421 1089 2485 16.

126 2517 314 2590 ἐπάκουσον
334 2521 370 2589 δὲ
387 2517 478 2600 ὅπως
496 2519 520 2608 ἡ
531 2519 643 2608 γραφη
657 2522 800 2610 περιέχει
816 2514 947 2589 ’(ίκανολ
968 2518 1006 2588 δὲ
1023 2521 1093 2588 τῶν

96 2620 166 2695 ,τά
196 2626 357 2710 περίεργα
388 2619 585 2710 πραξάντων
616 2624 930 2708 συνεισενέγκαυτες
952 2619 1009 2700 τάς
1037 2625 1093 2707 βί-

126 2729 227 2808 βλους
258 2721 432 2792 κατέκαιον
457 2720 599 2791 ἐντόπιον
628 2721 781 2811 πάντων,
812 2725 867 2792 καὶ
900 2719 1130 2810 συνεψήφι-εε

126 2842 190 2890 σαν
207 2821 265 2944 τάς
283 2820 377 2910 τιμάς
396 2818 524 2911 αῦτῶυ,
551 2825 606 2893 καὶ
626 2814 727 2911 εῦρον
744 2821 908 2913 άργυρίου
925 2819 1093 2914 μυριάδας

127 2924 233 2992 πέντε.

208 3028 256 3094 17.
278 3027 426 3094 Τοιοῦτοι
441 3023 483 3116 δή
496 3055 583 3108 τινες
597 3032 631 3096 ολ
641 3030 703 3098 τοῦ
715 3031 862 3118 σωτῆρος
874 3023 970 3115 ἡμῶν
982 3034 1092 3113 μαθη-

125 3129 179 3196 ταὶ
202 3123 368 3214 τοσαύτην
399 3124 544 3217 δυ’ναμιν
574 3132 799 3221 προφέροντες
826 3126 935 3218 λόγων
959 3131 996 3198 ἐν
1018 3140 1092 3206 ταῖς

125 3228 206 3318 πρὸς
231 3225 308 3311 τοῦς
332 3225 564 3320 άκροωμένους
587 3227 747 3321 ὁμιλίαις,
779 3229 823 3312 ὡς
853 3238 1133 3300 καθικνεῖσθαισο

194 3464 226 3513 ιτ
244 3463 305 3511 Aet.
322 3464 417 3524 19,19.
