<?xml version="1.0" encoding="UTF-8"?>
<!DOCTYPE html PUBLIC "-//W3C//DTD XHTML 1.0 Transitional//EN"
    "http://www.w3.org/TR/xhtml1/DTD/xhtml1-transitional.dtd">
<html xmlns="http://www.w3.org/1999/xhtml" xml:lang="en" lang="en">
 <head>
  <title>
</title>
<meta http-equiv="Content-Type" content="text/html;charset=utf-8" />
  <meta name='ocr-system' content='tesseract 3.04.00' />
  <meta name='ocr-capabilities' content='ocr_page ocr_carea ocr_par ocr_line ocrx_word'/>
</head>
<body>
  <div class='ocr_page' id='page_1' title='image "./eusebiicaesarie01dindgoog/eusebiicaesarie01dindgoog_0548.png"; bbox 0 0 2326 3818; ppageno 0'>
   <div class='ocr_carea' id='block_1_1' title="bbox 321 150 1027 214">
    <p class='ocr_par' dir='ltr' id='par_1_1' title="bbox 321 150 1027 214">
     <span class='ocr_line' id='line_1_1' title="bbox 321 150 1027 214; baseline 0.018 -12"><span class='ocrx_word' id='word_1_1' title='bbox 321 150 659 204; x_wconf 68' lang='lat' dir='ltr'><strong>DEMoNs&#39;1¹.EvANG.</strong></span> <span class='ocrx_word' id='word_1_2' title='bbox 677 152 738 204; x_wconf 81' lang='lat' dir='ltr'><strong><em>vn.</em></strong></span> <span class='ocrx_word' id='word_1_3' title='bbox 758 156 783 202; x_wconf 85' lang='lat'><strong><em>3.</em></strong></span> <span class='ocrx_word' id='word_1_4' title='bbox 964 151 1027 214; x_wconf 79' lang='grc'><strong><em>483</em></strong></span> 
     </span>
    </p>
   </div>
   <div class='ocr_carea' id='block_1_2' title="bbox 17 288 1095 3318">
    <p class='ocr_par' dir='ltr' id='par_1_2' title="bbox 17 288 1095 3318">
     <span class='ocr_line' id='line_1_2' title="bbox 59 288 1024 384; baseline 0.001 -24"><span class='ocrx_word' id='word_1_5' title='bbox 59 301 154 361; x_wconf 83' lang='grc' dir='ltr'><strong><em>καλεῖ</em></strong></span> <span class='ocrx_word' id='word_1_6' title='bbox 175 295 220 384; x_wconf 82' lang='grc' dir='ltr'><strong><em>τῶ</em></strong></span> <span class='ocrx_word' id='word_1_7' title='bbox 244 289 346 361; x_wconf 83' lang='grc' dir='ltr'><strong><em>πύλαι</em></strong></span> <span class='ocrx_word' id='word_1_8' title='bbox 364 289 527 381; x_wconf 90' lang='grc' dir='ltr'><strong><em>πρότερον</em></strong></span> <span class='ocrx_word' id='word_1_9' title='bbox 551 288 795 377; x_wconf 76' lang='grc' dir='ltr'><strong><em>τετελευτηκότι</em></strong></span> <span class='ocrx_word' id='word_1_10' title='bbox 814 298 937 377; x_wconf 79' lang='grc' dir='ltr'><strong><em>Λαβίὸ.</em></strong></span> <span class='ocrx_word' id='word_1_11' title='bbox 974 297 1024 361; x_wconf 83' lang='grc'><strong><em>40.</em></strong></span> 
     </span>
     <span class='ocr_line' id='line_1_3' title="bbox 57 388 1026 485; baseline 0.001 -24"><span class='ocrx_word' id='word_1_12' title='bbox 57 391 219 482; x_wconf 89' lang='grc' dir='ltr'><strong><em>πρόσσχες</em></strong></span> <span class='ocrx_word' id='word_1_13' title='bbox 231 390 295 484; x_wconf 77' lang='grc' dir='ltr'><strong><em>γὰρ</em></strong></span> <span class='ocrx_word' id='word_1_14' title='bbox 309 395 469 480; x_wconf 74' lang='grc' dir='ltr'><strong><em>ἐπιμελῶς</em></strong></span> <span class='ocrx_word' id='word_1_15' title='bbox 482 396 527 485; x_wconf 80' lang='grc' dir='ltr'><strong><em>τῶ</em></strong></span> <span class='ocrx_word' id='word_1_16' title='bbox 540 389 695 481; x_wconf 91' lang='grc' dir='ltr'><strong><em>ἀνωτέρω</em></strong></span> <span class='ocrx_word' id='word_1_17' title='bbox 703 392 765 480; x_wconf 72' lang='grc' dir='ltr'><strong><em>μὲν</em></strong></span> <span class='ocrx_word' id='word_1_18' title='bbox 776 395 832 461; x_wconf 82' lang='grc' dir='ltr'><strong><em>καὶ</em></strong></span> <span class='ocrx_word' id='word_1_19' title='bbox 851 388 1026 481; x_wconf 74' lang='grc' dir='ltr'><strong><em>ἀναστήσω</em></strong></span> 
     </span>
     <span class='ocr_line' id='line_1_4' title="bbox 57 490 1026 586; baseline 0.002 -24"><span class='ocrx_word' id='word_1_20' title='bbox 57 499 102 586; x_wconf 79' lang='grc' dir='ltr'><strong><em>τῷ</em></strong></span> <span class='ocrx_word' id='word_1_21' title='bbox 121 496 235 581; x_wconf 80' lang='grc' dir='ltr'><strong><em>Δαβλδ</em></strong></span> <span class='ocrx_word' id='word_1_22' title='bbox 259 490 427 581; x_wconf 89' lang='grc' dir='ltr'><strong><em>ἀνατολήν</em></strong></span> <span class='ocrx_word' id='word_1_23' title='bbox 446 500 598 580; x_wconf 77' lang='grc' dir='ltr'><strong><em>δικαίαν,</em></strong></span> <span class='ocrx_word' id='word_1_24' title='bbox 627 494 680 561; x_wconf 78' lang='grc' dir='ltr'><strong><em>ἐπὶ</em></strong></span> <span class='ocrx_word' id='word_1_25' title='bbox 704 496 791 562; x_wconf 86' lang='grc' dir='ltr'><strong><em>τέλει</em></strong></span> <span class='ocrx_word' id='word_1_26' title='bbox 816 494 853 563; x_wconf 71' lang='grc' dir='ltr'><strong><em>δέ</em></strong></span> <span class='ocrx_word' id='word_1_27' title='bbox 872 497 1026 584; x_wconf 82' lang='grc' dir='ltr'><strong><em>ἐπιφερο-</em></strong></span> 
     </span>
     <span class='ocr_line' id='line_1_5' title="bbox 56 588 1026 689; baseline -0.002 -24"><span class='ocrx_word' id='word_1_28' title='bbox 56 599 146 688; x_wconf 84' lang='grc' dir='ltr'><strong><em>μένφ</em></strong></span> <span class='ocrx_word' id='word_1_29' title='bbox 171 599 218 689; x_wconf 86' lang='grc' dir='ltr'><strong><em>τῶ</em></strong></span> <span class='ocrx_word' id='word_1_30' title='bbox 236 588 316 664; x_wconf 67' lang='lat' dir='ltr'><strong><em>“nal</em></strong></span> <span class='ocrx_word' id='word_1_31' title='bbox 340 593 399 665; x_wconf 88' lang='grc' dir='ltr'><strong><em>τόν</em></strong></span> <span class='ocrx_word' id='word_1_32' title='bbox 423 597 536 682; x_wconf 81' lang='grc' dir='ltr'><strong><em>Λαβλδ</em></strong></span> <span class='ocrx_word' id='word_1_33' title='bbox 559 597 697 680; x_wconf 75' lang='grc' dir='ltr'><strong><em>βασιλέα</em></strong></span> <span class='ocrx_word' id='word_1_34' title='bbox 723 592 828 663; x_wconf 85' lang='grc' dir='ltr'><strong><em>αὐτού</em></strong></span> <span class='ocrx_word' id='word_1_35' title='bbox 850 591 1026 682; x_wconf 76' lang='grc' dir='ltr'><strong><em>ἀναστήσω</em></strong></span> 
     </span>
     <span class='ocr_line' id='line_1_6' title="bbox 31 692 1027 790; baseline -0.001 -26"><span class='ocrx_word' id='word_1_36' title='bbox 31 726 43 764; x_wconf 86' lang='lat'>5</span> <span class='ocrx_word' id='word_1_37' title='bbox 58 693 181 790; x_wconf 79' lang='grc' dir='ltr'><strong><em>αύτῶ.”</em></strong></span> <span class='ocrx_word' id='word_1_38' title='bbox 211 704 279 766; x_wconf 90' lang='grc' dir='ltr'><strong><em>τίνι</em></strong></span> <span class='ocrx_word' id='word_1_39' title='bbox 298 698 334 766; x_wconf 73' lang='grc' dir='ltr'><strong><em>δέ</em></strong></span> <span class='ocrx_word' id='word_1_40' title='bbox 349 694 439 788; x_wconf 75' lang='grc' dir='ltr'><strong><em>αὐτῷ</em></strong></span> <span class='ocrx_word' id='word_1_41' title='bbox 458 692 479 784; x_wconf 87' lang='grc' dir='ltr'><strong><em>ή</em></strong></span> <span class='ocrx_word' id='word_1_42' title='bbox 493 700 539 789; x_wconf 74' lang='grc' dir='ltr'><strong><em>τῷ</em></strong></span> <span class='ocrx_word' id='word_1_43' title='bbox 552 701 669 780; x_wconf 81' lang='grc' dir='ltr'><strong><em>Δαβίὸ</em></strong></span> <span class='ocrx_word' id='word_1_44' title='bbox 676 729 684 781; x_wconf 86' lang='grc'><strong>;</strong></span> <span class='ocrx_word' id='word_1_45' title='bbox 703 693 809 788; x_wconf 77' lang='grc' dir='ltr'><strong><em>τούτῳ</em></strong></span> <span class='ocrx_word' id='word_1_46' title='bbox 824 695 887 785; x_wconf 86' lang='grc' dir='ltr'><strong><em>γάρ</em></strong></span> <span class='ocrx_word' id='word_1_47' title='bbox 902 704 1027 784; x_wconf 78' lang='grc' dir='ltr'><strong><em>ἔφησεν</em></strong></span> 
     </span>
     <span class='ocr_line' id='line_1_7' title="bbox 55 793 1095 887; baseline 0.005 -21"><span class='ocrx_word' id='word_1_48' title='bbox 55 794 256 887; x_wconf 81' lang='grc' dir='ltr'><strong><em>ἀναστήσειν</em></strong></span> <span class='ocrx_word' id='word_1_49' title='bbox 286 797 348 886; x_wconf 86' lang='grc' dir='ltr'><strong><em>τήν</em></strong></span> <span class='ocrx_word' id='word_1_50' title='bbox 375 795 541 884; x_wconf 82' lang='grc' dir='ltr'><strong><em>ἀνατολήν</em></strong></span> <span class='ocrx_word' id='word_1_51' title='bbox 569 795 632 886; x_wconf 85' lang='grc' dir='ltr'><strong><em>τήν</em></strong></span> <span class='ocrx_word' id='word_1_52' title='bbox 662 802 804 868; x_wconf 78' lang='grc' dir='ltr'><strong><em>δικαίαν.</em></strong></span> <span class='ocrx_word' id='word_1_53' title='bbox 849 802 901 867; x_wconf 86' lang='grc'><strong><em>41.</em></strong></span> <span class='ocrx_word' id='word_1_54' title='bbox 927 799 981 866; x_wconf 82' lang='grc' dir='ltr'><strong><em>καὶ</em></strong></span> <span class='ocrx_word' id='word_1_55' title='bbox 1007 793 1095 880; x_wconf 74' lang='grc' dir='ltr'><strong><em>ὁωεε)</em></strong></span> 
     </span>
     <span class='ocr_line' id='line_1_8' title="bbox 57 894 1028 989; baseline -0.001 -21"><span class='ocrx_word' id='word_1_56' title='bbox 57 907 224 989; x_wconf 78' lang='grc' dir='ltr'><strong><em>Ζαχαρίας</em></strong></span> <span class='ocrx_word' id='word_1_57' title='bbox 242 901 280 969; x_wconf 76' lang='grc' dir='ltr'><strong><em>δὲ</em></strong></span> <span class='ocrx_word' id='word_1_58' title='bbox 292 902 368 988; x_wconf 85' lang='grc' dir='ltr'><strong><em>περὶ</em></strong></span> <span class='ocrx_word' id='word_1_59' title='bbox 383 903 442 969; x_wconf 84' lang='grc' dir='ltr'><strong><em>τού</em></strong></span> <span class='ocrx_word' id='word_1_60' title='bbox 460 896 565 969; x_wconf 85' lang='grc' dir='ltr'><strong><em>αύτού</em></strong></span> <span class='ocrx_word' id='word_1_61' title='bbox 578 897 801 987; x_wconf 79' lang='grc' dir='ltr'><strong><em>προφητεύων</em></strong></span> <span class='ocrx_word' id='word_1_62' title='bbox 813 894 934 988; x_wconf 89' lang='grc' dir='ltr'><strong><em>ὁμοίως</em></strong></span> <span class='ocrx_word' id='word_1_63' title='bbox 946 896 1028 968; x_wconf 93' lang='grc' dir='ltr'><strong><em>ἀνα-</em></strong></span> 
     </span>
     <span class='ocr_line' id='line_1_9' title="bbox 57 996 1028 1091; baseline 0 -22"><span class='ocrx_word' id='word_1_64' title='bbox 57 999 157 1088; x_wconf 88' lang='grc' dir='ltr'><strong><em>τολήν</em></strong></span> <span class='ocrx_word' id='word_1_65' title='bbox 175 998 279 1072; x_wconf 89' lang='grc' dir='ltr'><strong><em>αύτόν</em></strong></span> <span class='ocrx_word' id='word_1_66' title='bbox 296 1010 393 1071; x_wconf 79' lang='grc' dir='ltr'><strong><em>καλεῖ</em></strong></span> <span class='ocrx_word' id='word_1_67' title='bbox 403 1004 511 1088; x_wconf 88' lang='grc' dir='ltr'><strong><em>λέγων</em></strong></span> <span class='ocrx_word' id='word_1_68' title='bbox 523 996 623 1070; x_wconf 77' lang='grc' dir='ltr'><strong><em>“ίὸοό</em></strong></span> <span class='ocrx_word' id='word_1_69' title='bbox 642 998 747 1091; x_wconf 87' lang='grc' dir='ltr'><strong><em>ἀνήρ,</em></strong></span> <span class='ocrx_word' id='word_1_70' title='bbox 767 997 911 1088; x_wconf 82' lang='grc' dir='ltr'><strong><em>ἀνατολὴ</em></strong></span> <span class='ocrx_word' id='word_1_71' title='bbox 923 997 1028 1090; x_wconf 87' lang='grc' dir='ltr'><strong><em>όνομα</em></strong></span> 
     </span>
     <span class='ocr_line' id='line_1_10' title="bbox 57 1097 1025 1195; baseline 0 -24"><span class='ocrx_word' id='word_1_72' title='bbox 57 1099 165 1195; x_wconf 75' lang='grc' dir='ltr'><strong><em>αύτῷ,</em></strong></span> <span class='ocrx_word' id='word_1_73' title='bbox 184 1105 240 1172; x_wconf 79' lang='grc' dir='ltr'><strong><em>καὶ</em></strong></span> <span class='ocrx_word' id='word_1_74' title='bbox 257 1097 478 1172; x_wconf 74' lang='grc' dir='ltr'><strong><em>ὑποκάτωθεν</em></strong></span> <span class='ocrx_word' id='word_1_75' title='bbox 496 1100 600 1172; x_wconf 85' lang='grc' dir='ltr'><strong><em>αύτού</em></strong></span> <span class='ocrx_word' id='word_1_76' title='bbox 618 1099 774 1172; x_wconf 84' lang='grc' dir='ltr'><strong><em>ἀνατελεῖ</em></strong></span> <span class='ocrx_word' id='word_1_77' title='bbox 796 1099 1025 1189; x_wconf 79' lang='grc' dir='ltr'><strong><em>ὁικαιοσύνη.”</em></strong></span> 
     </span>
     <span class='ocr_line' id='line_1_11' title="bbox 19 1200 1025 1291; baseline 0.002 -21"><span class='ocrx_word' id='word_1_78' title='bbox 19 1234 43 1271; x_wconf 80' lang='grc' dir='ltr'><strong><em>ιο</em></strong></span> <span class='ocrx_word' id='word_1_79' title='bbox 57 1206 112 1272; x_wconf 78' lang='grc' dir='ltr'><strong><em>καὶ</em></strong></span> <span class='ocrx_word' id='word_1_80' title='bbox 131 1201 233 1273; x_wconf 84' lang='grc' dir='ltr'><strong><em>πόλιν</em></strong></span> <span class='ocrx_word' id='word_1_81' title='bbox 246 1201 400 1272; x_wconf 77' lang='grc' dir='ltr'><strong><em>“καλέσω</em></strong></span> <span class='ocrx_word' id='word_1_82' title='bbox 419 1200 478 1271; x_wconf 88' lang='grc' dir='ltr'><strong><em>τόν</em></strong></span> <span class='ocrx_word' id='word_1_83' title='bbox 498 1201 621 1272; x_wconf 78' lang='grc' dir='ltr'><strong><em>δοῦλόν</em></strong></span> <span class='ocrx_word' id='word_1_84' title='bbox 638 1231 703 1291; x_wconf 90' lang='grc' dir='ltr'><strong><em>μου</em></strong></span> <span class='ocrx_word' id='word_1_85' title='bbox 721 1200 921 1290; x_wconf 85' lang='grc' dir='ltr'><strong><em>ἀνατολήν,”</em></strong></span> <span class='ocrx_word' id='word_1_86' title='bbox 950 1201 1025 1273; x_wconf 89' lang='grc' dir='ltr'><strong><em>ἀλλ’</em></strong></span> 
     </span>
     <span class='ocr_line' id='line_1_12' title="bbox 56 1301 1027 1395; baseline 0.001 -23"><span class='ocrx_word' id='word_1_87' title='bbox 56 1301 167 1384; x_wconf 81' lang='grc' dir='ltr'><strong><em>ούὸείς</em></strong></span> <span class='ocrx_word' id='word_1_88' title='bbox 185 1333 224 1390; x_wconf 89' lang='grc' dir='ltr'><strong><em>γε</em></strong></span> <span class='ocrx_word' id='word_1_89' title='bbox 237 1303 318 1393; x_wconf 86' lang='grc' dir='ltr'><strong><em>μετά</em></strong></span> <span class='ocrx_word' id='word_1_90' title='bbox 330 1302 409 1385; x_wconf 84' lang='grc' dir='ltr'><strong><em>πούς</em></strong></span> <span class='ocrx_word' id='word_1_91' title='bbox 422 1302 583 1395; x_wconf 85' lang='grc' dir='ltr'><strong><em>Ἱερεμίου</em></strong></span> <span class='ocrx_word' id='word_1_92' title='bbox 596 1303 747 1393; x_wconf 89' lang='grc' dir='ltr'><strong><em>χρόνους,</em></strong></span> <span class='ocrx_word' id='word_1_93' title='bbox 762 1302 837 1374; x_wconf 90' lang='grc' dir='ltr'><strong><em>ἀλλ’</em></strong></span> <span class='ocrx_word' id='word_1_94' title='bbox 851 1303 932 1374; x_wconf 75' lang='grc' dir='ltr'><strong><em>οὐδὲ</em></strong></span> <span class='ocrx_word' id='word_1_95' title='bbox 945 1306 1027 1393; x_wconf 85' lang='grc' dir='ltr'><strong><em>μετά</em></strong></span> 
     </span>
     <span class='ocr_line' id='line_1_13' title="bbox 55 1401 1027 1494; baseline 0.001 -20"><span class='ocrx_word' id='word_1_96' title='bbox 55 1403 133 1485; x_wconf 83' lang='grc' dir='ltr'><strong><em>τούς</em></strong></span> <span class='ocrx_word' id='word_1_97' title='bbox 151 1409 210 1474; x_wconf 83' lang='grc' dir='ltr'><strong><em>τοῦ</em></strong></span> <span class='ocrx_word' id='word_1_98' title='bbox 229 1411 413 1494; x_wconf 79' lang='grc' dir='ltr'><strong><em>Ζαχαρίου,</em></strong></span> <span class='ocrx_word' id='word_1_99' title='bbox 438 1410 587 1486; x_wconf 84' lang='grc' dir='ltr'><strong><em>τοιοῦτος</em></strong></span> <span class='ocrx_word' id='word_1_100' title='bbox 605 1401 727 1493; x_wconf 80' lang='grc' dir='ltr'><strong><em>ἀνέστη</em></strong></span> <span class='ocrx_word' id='word_1_101' title='bbox 752 1421 820 1485; x_wconf 85' lang='grc' dir='ltr'><strong><em>τοίς</em></strong></span> <span class='ocrx_word' id='word_1_102' title='bbox 840 1410 876 1475; x_wconf 87' lang='grc' dir='ltr'><strong><em>έκ</em></strong></span> <span class='ocrx_word' id='word_1_103' title='bbox 895 1433 1027 1494; x_wconf 91' lang='grc' dir='ltr'><strong><em>περιτο-</em></strong></span> 
     </span>
     <span class='ocr_line' id='line_1_14' title="bbox 55 1503 1026 1594; baseline 0 -19"><span class='ocrx_word' id='word_1_104' title='bbox 55 1510 136 1594; x_wconf 86' lang='grc' dir='ltr'><strong><em>μής,</em></strong></span> <span class='ocrx_word' id='word_1_105' title='bbox 156 1505 200 1586; x_wconf 90' lang='grc' dir='ltr'><strong><em>ῶς</em></strong></span> <span class='ocrx_word' id='word_1_106' title='bbox 219 1503 363 1594; x_wconf 88' lang='grc' dir='ltr'><strong><em>ἀνατολή</em></strong></span> <span class='ocrx_word' id='word_1_107' title='bbox 383 1512 496 1576; x_wconf 78' lang='grc' dir='ltr'><strong><em>δικαία</em></strong></span> <span class='ocrx_word' id='word_1_108' title='bbox 513 1510 699 1594; x_wconf 79' lang='grc' dir='ltr'><strong><em>κληθῆναι,</em></strong></span> <span class='ocrx_word' id='word_1_109' title='bbox 718 1510 774 1576; x_wconf 81' lang='grc' dir='ltr'><strong><em>καὶ</em></strong></span> <span class='ocrx_word' id='word_1_110' title='bbox 789 1511 915 1588; x_wconf 79' lang='grc' dir='ltr'><strong><em>συνιεὶς</em></strong></span> <span class='ocrx_word' id='word_1_111' title='bbox 933 1515 1026 1592; x_wconf 86' lang='grc' dir='ltr'><strong><em>βασι-</em></strong></span> 
     </span>
     <span class='ocr_line' id='line_1_15' title="bbox 56 1605 1024 1697; baseline 0.001 -21"><span class='ocrx_word' id='word_1_112' title='bbox 56 1605 133 1686; x_wconf 87' lang='grc' dir='ltr'><strong><em>λεύς</em></strong></span> <span class='ocrx_word' id='word_1_113' title='bbox 158 1610 214 1676; x_wconf 82' lang='grc' dir='ltr'><strong><em>καὶ</em></strong></span> <span class='ocrx_word' id='word_1_114' title='bbox 239 1612 345 1678; x_wconf 90' lang='grc' dir='ltr'><strong><em>ποιῶν</em></strong></span> <span class='ocrx_word' id='word_1_115' title='bbox 369 1614 470 1697; x_wconf 93' lang='grc' dir='ltr'><strong><em>κρίμα</em></strong></span> <span class='ocrx_word' id='word_1_116' title='bbox 488 1610 544 1676; x_wconf 86' lang='grc' dir='ltr'><strong><em>καὶ</em></strong></span> <span class='ocrx_word' id='word_1_117' title='bbox 564 1606 782 1695; x_wconf 74' lang='grc' dir='ltr'><strong><em>δικαιοσύνην</em></strong></span> <span class='ocrx_word' id='word_1_118' title='bbox 808 1610 861 1677; x_wconf 77' lang='grc' dir='ltr'><strong><em>ἐπὶ</em></strong></span> <span class='ocrx_word' id='word_1_119' title='bbox 880 1615 937 1696; x_wconf 88' lang='grc' dir='ltr'><strong><em>τής</em></strong></span> <span class='ocrx_word' id='word_1_120' title='bbox 955 1612 1024 1697; x_wconf 82' lang='grc' dir='ltr'><strong><em>γῆς.</em></strong></span> 
     </span>
     <span class='ocr_line' id='line_1_16' title="bbox 19 1706 1028 1797; baseline 0.003 -22"><span class='ocrx_word' id='word_1_121' title='bbox 19 1736 42 1776; x_wconf 87' lang='lat'><strong><em>15</em></strong></span> <span class='ocrx_word' id='word_1_122' title='bbox 56 1714 106 1777; x_wconf 79' lang='lat'><strong><em>42.</em></strong></span> <span class='ocrx_word' id='word_1_123' title='bbox 128 1715 159 1778; x_wconf 89' lang='grc' dir='ltr'><strong><em>εί</em></strong></span> <span class='ocrx_word' id='word_1_124' title='bbox 176 1709 213 1777; x_wconf 72' lang='grc' dir='ltr'><strong><em>δέ</em></strong></span> <span class='ocrx_word' id='word_1_125' title='bbox 232 1711 320 1797; x_wconf 85' lang='grc' dir='ltr'><strong><em>λέγοι</em></strong></span> <span class='ocrx_word' id='word_1_126' title='bbox 338 1737 387 1789; x_wconf 88' lang='grc' dir='ltr'><strong><em>τις</em></strong></span> <span class='ocrx_word' id='word_1_127' title='bbox 407 1708 463 1778; x_wconf 79' lang='grc' dir='ltr'><strong><em>διὰ</em></strong></span> <span class='ocrx_word' id='word_1_128' title='bbox 479 1707 608 1779; x_wconf 88' lang='grc' dir='ltr'><strong><em>τούτων</em></strong></span> <span class='ocrx_word' id='word_1_129' title='bbox 623 1706 752 1796; x_wconf 83' lang='grc' dir='ltr'><strong><em>Ἰησούν</em></strong></span> <span class='ocrx_word' id='word_1_130' title='bbox 769 1706 828 1778; x_wconf 85' lang='grc' dir='ltr'><strong><em>τόν</em></strong></span> <span class='ocrx_word' id='word_1_131' title='bbox 846 1713 906 1780; x_wconf 80' lang='grc' dir='ltr'><strong><em>τοῦ</em></strong></span> <span class='ocrx_word' id='word_1_132' title='bbox 918 1708 1028 1780; x_wconf 88' lang='grc' dir='ltr'><strong><em>Ἰωσε-</em></strong></span> 
     </span>
     <span class='ocr_line' id='line_1_17' title="bbox 56 1809 1027 1899; baseline 0.002 -21"><span class='ocrx_word' id='word_1_133' title='bbox 56 1811 114 1879; x_wconf 70' lang='grc' dir='ltr'><strong><em>δὲκ</em></strong></span> <span class='ocrx_word' id='word_1_134' title='bbox 139 1816 342 1899; x_wconf 75' lang='grc' dir='ltr'><strong><em>δηλοῦσθαι,</em></strong></span> <span class='ocrx_word' id='word_1_135' title='bbox 368 1812 501 1882; x_wconf 82' lang='grc' dir='ltr'><strong><em>λεκτέον</em></strong></span> <span class='ocrx_word' id='word_1_136' title='bbox 525 1809 575 1880; x_wconf 87' lang='grc' dir='ltr'><strong><em>ότι</em></strong></span> <span class='ocrx_word' id='word_1_137' title='bbox 599 1811 640 1880; x_wconf 88' lang='grc' dir='ltr'><strong><em>οὐ</em></strong></span> <span class='ocrx_word' id='word_1_138' title='bbox 664 1814 868 1899; x_wconf 82' lang='grc' dir='ltr'><strong><em>συνέστηκεν</em></strong></span> <span class='ocrx_word' id='word_1_139' title='bbox 894 1809 1027 1898; x_wconf 83' lang='grc' dir='ltr'><strong><em>ὁλόγος</em></strong></span> 
     </span>
     <span class='ocr_line' id='line_1_18' title="bbox 57 1901 1056 2004; baseline 0.005 -24"><span class='ocrx_word' id='word_1_140' title='bbox 57 1909 156 2004; x_wconf 77' lang='grc' dir='ltr'><strong><em>αὐτῷ.</em></strong></span> <span class='ocrx_word' id='word_1_141' title='bbox 200 1910 276 1982; x_wconf 79' lang='grc' dir='ltr'><strong><em>οὔτε</em></strong></span> <span class='ocrx_word' id='word_1_142' title='bbox 299 1911 362 2000; x_wconf 87' lang='grc' dir='ltr'><strong><em>γάρ</em></strong></span> <span class='ocrx_word' id='word_1_143' title='bbox 385 1911 450 1982; x_wconf 87' lang='grc' dir='ltr'><strong><em>ἀπό</em></strong></span> <span class='ocrx_word' id='word_1_144' title='bbox 474 1916 593 2002; x_wconf 88' lang='grc' dir='ltr'><strong><em>γένους</em></strong></span> <span class='ocrx_word' id='word_1_145' title='bbox 617 1915 732 1999; x_wconf 77' lang='grc' dir='ltr'><strong><em>Δαβλὸ</em></strong></span> <span class='ocrx_word' id='word_1_146' title='bbox 754 1901 849 1993; x_wconf 78' lang='grc' dir='ltr'><strong><em>οὗτος</em></strong></span> <span class='ocrx_word' id='word_1_147' title='bbox 880 1902 922 1999; x_wconf 86' lang='grc' dir='ltr'><strong><em>ήν</em></strong></span> <span class='ocrx_word' id='word_1_148' title='bbox 951 1911 1056 1985; x_wconf 78' lang='grc' dir='ltr'><strong><em>οότεε</em></strong></span> 
     </span>
     <span class='ocr_line' id='line_1_19' title="bbox 57 2009 1028 2100; baseline 0.003 -19"><span class='ocrx_word' id='word_1_149' title='bbox 57 2009 101 2093; x_wconf 89' lang='grc' dir='ltr'><strong><em>ῶς</em></strong></span> <span class='ocrx_word' id='word_1_150' title='bbox 125 2013 281 2099; x_wconf 84' lang='grc' dir='ltr'><strong><em>βασιλεύς</em></strong></span> <span class='ocrx_word' id='word_1_151' title='bbox 307 2018 534 2100; x_wconf 81' lang='grc' dir='ltr'><strong><em>ἐβασίλευσεν.</em></strong></span> <span class='ocrx_word' id='word_1_152' title='bbox 582 2018 633 2083; x_wconf 83' lang='grc'><strong><em>43.</em></strong></span> <span class='ocrx_word' id='word_1_153' title='bbox 659 2017 730 2094; x_wconf 90' lang='grc' dir='ltr'><strong><em>πῶς</em></strong></span> <span class='ocrx_word' id='word_1_154' title='bbox 755 2014 792 2082; x_wconf 70' lang='grc' dir='ltr'><strong><em>δὲ</em></strong></span> <span class='ocrx_word' id='word_1_155' title='bbox 818 2012 869 2083; x_wconf 84' lang='grc' dir='ltr'><strong><em>ἐπ’</em></strong></span> <span class='ocrx_word' id='word_1_156' title='bbox 899 2017 1028 2084; x_wconf 81' lang='grc' dir='ltr'><strong><em>ἐκεῖνον</em></strong></span> 
     </span>
     <span class='ocr_line' id='line_1_20' title="bbox 57 2110 1027 2202; baseline 0.001 -21"><span class='ocrx_word' id='word_1_157' title='bbox 57 2111 199 2183; x_wconf 75' lang='grc' dir='ltr'><strong><em>δύναται</em></strong></span> <span class='ocrx_word' id='word_1_158' title='bbox 218 2110 394 2202; x_wconf 77' lang='grc' dir='ltr'><strong><em>ἁρμόττειν</em></strong></span> <span class='ocrx_word' id='word_1_159' title='bbox 416 2114 452 2184; x_wconf 88' lang='grc' dir='ltr'><strong><em>τὸ</em></strong></span> <span class='ocrx_word' id='word_1_160' title='bbox 468 2111 546 2196; x_wconf 28' lang='grc' dir='ltr'><strong><em>ὁκαὶ</em></strong></span> <span class='ocrx_word' id='word_1_161' title='bbox 571 2114 629 2183; x_wconf 87' lang='grc' dir='ltr'><strong><em>τόν</em></strong></span> <span class='ocrx_word' id='word_1_162' title='bbox 648 2118 764 2202; x_wconf 79' lang='grc' dir='ltr'><strong><em>Δαβλὸ</em></strong></span> <span class='ocrx_word' id='word_1_163' title='bbox 787 2118 927 2202; x_wconf 86' lang='grc' dir='ltr'><strong><em>βασιλέα</em></strong></span> <span class='ocrx_word' id='word_1_164' title='bbox 945 2114 1027 2184; x_wconf 89' lang='grc' dir='ltr'><strong><em>ἀνα-</em></strong></span> 
     </span>
     <span class='ocr_line' id='line_1_21' title="bbox 18 2206 1025 2306; baseline 0.005 -27"><span class='ocrx_word' id='word_1_165' title='bbox 18 2241 42 2280; x_wconf 80' lang='grc' dir='ltr'><strong><em>εο</em></strong></span> <span class='ocrx_word' id='word_1_166' title='bbox 57 2212 168 2301; x_wconf 92' lang='grc' dir='ltr'><strong><em>στήσω</em></strong></span> <span class='ocrx_word' id='word_1_167' title='bbox 187 2211 311 2306; x_wconf 78' lang='grc' dir='ltr'><strong><em>αότῶ,”</em></strong></span> <span class='ocrx_word' id='word_1_168' title='bbox 332 2212 431 2284; x_wconf 85' lang='grc' dir='ltr'><strong><em>ὁπότε</em></strong></span> <span class='ocrx_word' id='word_1_169' title='bbox 449 2219 557 2304; x_wconf 79' lang='grc' dir='ltr'><strong><em>φυλῆς</em></strong></span> <span class='ocrx_word' id='word_1_170' title='bbox 575 2217 637 2304; x_wconf 74' lang='grc' dir='ltr'><strong><em>μέν</em></strong></span> <span class='ocrx_word' id='word_1_171' title='bbox 660 2206 703 2304; x_wconf 88' lang='grc' dir='ltr'><strong><em>ήν</em></strong></span> <span class='ocrx_word' id='word_1_172' title='bbox 721 2219 825 2303; x_wconf 81' lang='grc' dir='ltr'><strong><em>Λευὶ,</em></strong></span> <span class='ocrx_word' id='word_1_173' title='bbox 849 2215 970 2298; x_wconf 78' lang='grc' dir='ltr'><strong><em>τάξεως</em></strong></span> <span class='ocrx_word' id='word_1_174' title='bbox 992 2213 1025 2284; x_wconf 79' lang='grc' dir='ltr'><strong><em>δ’</em></strong></span> 
     </span>
     <span class='ocr_line' id='line_1_22' title="bbox 56 2312 1025 2405; baseline 0.001 -22"><span class='ocrx_word' id='word_1_175' title='bbox 56 2312 306 2404; x_wconf 82' lang='grc' dir='ltr'><strong><em>ἀρχιερατικῆς,</em></strong></span> <span class='ocrx_word' id='word_1_176' title='bbox 338 2319 394 2385; x_wconf 85' lang='grc' dir='ltr'><strong><em>καὶ</em></strong></span> <span class='ocrx_word' id='word_1_177' title='bbox 418 2320 537 2402; x_wconf 81' lang='grc' dir='ltr'><strong><em>γένους</em></strong></span> <span class='ocrx_word' id='word_1_178' title='bbox 563 2319 679 2404; x_wconf 83' lang='grc' dir='ltr'><strong><em>ἑτέρου</em></strong></span> <span class='ocrx_word' id='word_1_179' title='bbox 704 2315 793 2405; x_wconf 87' lang='grc' dir='ltr'><strong><em>παρά</em></strong></span> <span class='ocrx_word' id='word_1_180' title='bbox 816 2315 874 2387; x_wconf 88' lang='grc' dir='ltr'><strong><em>τόν</em></strong></span> <span class='ocrx_word' id='word_1_181' title='bbox 899 2322 1025 2404; x_wconf 78' lang='grc' dir='ltr'><strong><em>Δαβὶὸ,</em></strong></span> 
     </span>
     <span class='ocr_line' id='line_1_23' title="bbox 56 2412 1029 2505; baseline 0.001 -20"><span class='ocrx_word' id='word_1_182' title='bbox 56 2415 214 2503; x_wconf 84' lang='grc' dir='ltr'><strong><em>βασιλεύς</em></strong></span> <span class='ocrx_word' id='word_1_183' title='bbox 244 2414 275 2485; x_wconf 77' lang='grc' dir='ltr'><strong><em>δ’</em></strong></span> <span class='ocrx_word' id='word_1_184' title='bbox 303 2412 458 2504; x_wconf 76' lang='grc' dir='ltr'><strong><em>οὐδαμῶς</em></strong></span> <span class='ocrx_word' id='word_1_185' title='bbox 488 2414 633 2505; x_wconf 85' lang='grc' dir='ltr'><strong><em>γεγονῶς</em></strong></span> <span class='ocrx_word' id='word_1_186' title='bbox 661 2423 856 2504; x_wconf 81' lang='grc' dir='ltr'><strong><em>ίστορείται;</em></strong></span> <span class='ocrx_word' id='word_1_187' title='bbox 888 2415 972 2486; x_wconf 88' lang='grc' dir='ltr'><strong><em>ῶστε</em></strong></span> <span class='ocrx_word' id='word_1_188' title='bbox 997 2425 1029 2486; x_wconf 88' lang='grc' dir='ltr'><strong><em>εί</em></strong></span> 
     </span>
     <span class='ocr_line' id='line_1_24' title="bbox 56 2513 1026 2607; baseline 0 -21"><span class='ocrx_word' id='word_1_189' title='bbox 56 2521 173 2606; x_wconf 77' lang='grc' dir='ltr'><strong><em>μηδεὶς</em></strong></span> <span class='ocrx_word' id='word_1_190' title='bbox 191 2521 301 2606; x_wconf 78' lang='grc' dir='ltr'><strong><em>ἕτερος</em></strong></span> <span class='ocrx_word' id='word_1_191' title='bbox 320 2513 508 2606; x_wconf 82' lang='grc' dir='ltr'><strong><em>εὑρίσκοιτο</em></strong></span> <span class='ocrx_word' id='word_1_192' title='bbox 526 2524 690 2605; x_wconf 78' lang='grc' dir='ltr'><strong><em>τοιοῦτος,</em></strong></span> <span class='ocrx_word' id='word_1_193' title='bbox 716 2513 786 2606; x_wconf 85' lang='grc' dir='ltr'><strong><em>ῶρα</em></strong></span> <span class='ocrx_word' id='word_1_194' title='bbox 811 2516 869 2587; x_wconf 86' lang='grc' dir='ltr'><strong><em>τόν</em></strong></span> <span class='ocrx_word' id='word_1_195' title='bbox 894 2545 1026 2607; x_wconf 92' lang='grc' dir='ltr'><strong><em>προφη-</em></strong></span> 
     </span>
     <span class='ocr_line' id='line_1_25' title="bbox 56 2615 1027 2709; baseline 0 -20"><span class='ocrx_word' id='word_1_196' title='bbox 56 2617 238 2708; x_wconf 88' lang='grc' dir='ltr'><strong><em>τευόμενον</em></strong></span> <span class='ocrx_word' id='word_1_197' title='bbox 256 2622 311 2689; x_wconf 84' lang='grc' dir='ltr'><strong><em>καὶ</em></strong></span> <span class='ocrx_word' id='word_1_198' title='bbox 331 2620 386 2689; x_wconf 82' lang='grc' dir='ltr'><strong><em>ὃιά</em></strong></span> <span class='ocrx_word' id='word_1_199' title='bbox 403 2618 532 2690; x_wconf 89' lang='grc' dir='ltr'><strong><em>τούτων</em></strong></span> <span class='ocrx_word' id='word_1_200' title='bbox 549 2615 725 2709; x_wconf 77' lang='grc' dir='ltr'><strong><em>ὁμολογεῖν</em></strong></span> <span class='ocrx_word' id='word_1_201' title='bbox 741 2616 846 2708; x_wconf 91' lang='grc' dir='ltr'><strong><em>μόνον</em></strong></span> <span class='ocrx_word' id='word_1_202' title='bbox 864 2618 951 2689; x_wconf 79' lang='grc' dir='ltr'><strong><em>εἶναι</em></strong></span> <span class='ocrx_word' id='word_1_203' title='bbox 968 2620 1027 2689; x_wconf 88' lang='grc' dir='ltr'><strong><em>τὸν</em></strong></span> 
     </span>
     <span class='ocr_line' id='line_1_26' title="bbox 17 2720 1027 2812; baseline 0.002 -25"><span class='ocrx_word' id='word_1_204' title='bbox 17 2748 42 2788; x_wconf 78' lang='grc' dir='ltr'><strong><em>ετ</em></strong></span> <span class='ocrx_word' id='word_1_205' title='bbox 57 2726 189 2811; x_wconf 89' lang='grc' dir='ltr'><strong><em>σωτήρα</em></strong></span> <span class='ocrx_word' id='word_1_206' title='bbox 207 2725 263 2791; x_wconf 79' lang='grc' dir='ltr'><strong><em>καὶ</em></strong></span> <span class='ocrx_word' id='word_1_207' title='bbox 282 2720 398 2812; x_wconf 88' lang='grc' dir='ltr'><strong><em>κύριον</em></strong></span> <span class='ocrx_word' id='word_1_208' title='bbox 417 2720 522 2811; x_wconf 88' lang='grc' dir='ltr'><strong><em>ήμῶν,</em></strong></span> <span class='ocrx_word' id='word_1_209' title='bbox 541 2721 600 2793; x_wconf 86' lang='grc' dir='ltr'><strong><em>τόν</em></strong></span> <span class='ocrx_word' id='word_1_210' title='bbox 614 2723 669 2790; x_wconf 80' lang='grc' dir='ltr'><strong><em>καὶ</em></strong></span> <span class='ocrx_word' id='word_1_211' title='bbox 686 2725 722 2790; x_wconf 82' lang='grc' dir='ltr'><strong><em>ἐν</em></strong></span> <span class='ocrx_word' id='word_1_212' title='bbox 740 2723 863 2810; x_wconf 83' lang='grc' dir='ltr'><strong><em>ἑτέροις</em></strong></span> <span class='ocrx_word' id='word_1_213' title='bbox 877 2725 948 2809; x_wconf 90' lang='grc' dir='ltr'><strong><em>φῶς</em></strong></span> <span class='ocrx_word' id='word_1_214' title='bbox 967 2725 1027 2792; x_wconf 80' lang='grc' dir='ltr'><strong><em>τού</em></strong></span> 
     </span>
     <span class='ocr_line' id='line_1_27' title="bbox 56 2820 1026 2912; baseline 0.001 -22"><span class='ocrx_word' id='word_1_215' title='bbox 56 2820 181 2909; x_wconf 90' lang='grc' dir='ltr'><strong><em>κόσμου</em></strong></span> <span class='ocrx_word' id='word_1_216' title='bbox 200 2826 255 2891; x_wconf 86' lang='grc' dir='ltr'><strong><em>καὶ</em></strong></span> <span class='ocrx_word' id='word_1_217' title='bbox 273 2830 345 2909; x_wconf 89' lang='grc' dir='ltr'><strong><em>φῶς</em></strong></span> <span class='ocrx_word' id='word_1_218' title='bbox 362 2827 431 2893; x_wconf 86' lang='grc' dir='ltr'><strong><em>τῶν</em></strong></span> <span class='ocrx_word' id='word_1_219' title='bbox 449 2827 561 2893; x_wconf 75' lang='grc' dir='ltr'><strong><em>ἐθνῶν</em></strong></span> <span class='ocrx_word' id='word_1_220' title='bbox 579 2820 857 2912; x_wconf 84' lang='grc' dir='ltr'><strong><em>ἀνηγορευμένον.</em></strong></span> <span class='ocrx_word' id='word_1_221' title='bbox 894 2828 945 2893; x_wconf 88' lang='grc'><strong><em>44.</em></strong></span> <span class='ocrx_word' id='word_1_222' title='bbox 967 2823 1026 2892; x_wconf 89' lang='grc' dir='ltr'><strong><em>αύ-</em></strong></span> 
     </span>
     <span class='ocr_line' id='line_1_28' title="bbox 55 2919 351 3011; baseline 0.007 -20"><span class='ocrx_word' id='word_1_223' title='bbox 55 2919 109 3003; x_wconf 88' lang='grc' dir='ltr'><strong><em>τός</em></strong></span> <span class='ocrx_word' id='word_1_224' title='bbox 132 2927 312 3011; x_wconf 84' lang='grc' dir='ltr'><strong><em>τοιγαροῦν</em></strong></span> <span class='ocrx_word' id='word_1_225' title='bbox 336 2952 351 2993; x_wconf 88' lang='grc' dir='ltr'><strong><em>ε</em></strong></span> 
     </span>
     <span class='ocr_line' id='line_1_29' title="bbox 56 3021 1050 3115; baseline 0.003 -22"><span class='ocrx_word' id='word_1_226' title='bbox 56 3025 112 3093; x_wconf 84' lang='grc' dir='ltr'><strong><em>καὶ</em></strong></span> <span class='ocrx_word' id='word_1_227' title='bbox 131 3026 335 3112; x_wconf 88' lang='grc' dir='ltr'><strong><em>συνέστηκεν</em></strong></span> <span class='ocrx_word' id='word_1_228' title='bbox 353 3021 502 3113; x_wconf 75' lang='grc' dir='ltr'><strong><em>ἀψευδής</em></strong></span> <span class='ocrx_word' id='word_1_229' title='bbox 521 3025 541 3114; x_wconf 90' lang='grc' dir='ltr'><strong><em>ή</em></strong></span> <span class='ocrx_word' id='word_1_230' title='bbox 559 3023 750 3114; x_wconf 89' lang='grc' dir='ltr'><strong><em>πρόρρησις.</em></strong></span> <span class='ocrx_word' id='word_1_231' title='bbox 789 3024 888 3115; x_wconf 89' lang='grc' dir='ltr'><strong><em>μόνος</em></strong></span> <span class='ocrx_word' id='word_1_232' title='bbox 906 3024 970 3112; x_wconf 87' lang='grc' dir='ltr'><strong><em>γάρ</em></strong></span> <span class='ocrx_word' id='word_1_233' title='bbox 990 3031 1050 3096; x_wconf 71' lang='grc' dir='ltr'><strong><em>έκε</em></strong></span> 
     </span>
     <span class='ocr_line' id='line_1_30' title="bbox 56 3124 1023 3220; baseline -0.002 -24"><span class='ocrx_word' id='word_1_234' title='bbox 56 3130 241 3216; x_wconf 87' lang='grc' dir='ltr'><strong><em>σπέρματος</em></strong></span> <span class='ocrx_word' id='word_1_235' title='bbox 259 3129 374 3215; x_wconf 80' lang='grc' dir='ltr'><strong><em>Δαβλὸ</em></strong></span> <span class='ocrx_word' id='word_1_236' title='bbox 391 3124 577 3217; x_wconf 80' lang='grc' dir='ltr'><strong><em>ὁμωνύμως</em></strong></span> <span class='ocrx_word' id='word_1_237' title='bbox 595 3132 640 3220; x_wconf 77' lang='grc' dir='ltr'><strong><em>τῷ</em></strong></span> <span class='ocrx_word' id='word_1_238' title='bbox 653 3126 837 3216; x_wconf 78' lang='grc' dir='ltr'><strong><em>προπάτορι</em></strong></span> <span class='ocrx_word' id='word_1_239' title='bbox 854 3125 935 3195; x_wconf 88' lang='grc' dir='ltr'><strong><em>κατά</em></strong></span> <span class='ocrx_word' id='word_1_240' title='bbox 954 3125 1023 3195; x_wconf 78' lang='grc' dir='ltr'><strong><em>διό-</em></strong></span> 
     </span>
     <span class='ocr_line' id='line_1_31' title="bbox 18 3227 1023 3318; baseline 0.004 -26"><span class='ocrx_word' id='word_1_241' title='bbox 18 3255 170 3316; x_wconf 78' lang='grc' dir='ltr'><strong><em>εονοιαν,</em></strong></span> <span class='ocrx_word' id='word_1_242' title='bbox 198 3231 269 3298; x_wconf 79' lang='grc' dir='ltr'><strong><em>ἐπεὶ</em></strong></span> <span class='ocrx_word' id='word_1_243' title='bbox 288 3227 503 3318; x_wconf 80' lang='grc' dir='ltr'><strong><em>ἑρμηνεύεται</em></strong></span> <span class='ocrx_word' id='word_1_244' title='bbox 529 3228 670 3310; x_wconf 79' lang='grc' dir='ltr'><strong><em>δυνατὸς</em></strong></span> <span class='ocrx_word' id='word_1_245' title='bbox 694 3232 797 3318; x_wconf 77' lang='grc' dir='ltr'><strong><em>χειρὶ,</em></strong></span> <span class='ocrx_word' id='word_1_246' title='bbox 822 3235 1023 3318; x_wconf 87' lang='grc' dir='ltr'><strong><em>χρηματίσας</em></strong></span> 
     </span>
    </p>
   </div>
   <div class='ocr_carea' id='block_1_3' title="bbox 125 3463 899 3609">
    <p class='ocr_par' dir='ltr' id='par_1_3' title="bbox 125 3463 899 3609">
     <span class='ocr_line' id='line_1_32' title="bbox 125 3463 656 3527; baseline 0.006 -15"><span class='ocrx_word' id='word_1_247' title='bbox 125 3464 140 3512; x_wconf 91' lang='grc'>8</span> <span class='ocrx_word' id='word_1_248' title='bbox 159 3464 243 3513; x_wconf 80' lang='lat' dir='ltr'>Zach.</span> <span class='ocrx_word' id='word_1_249' title='bbox 257 3465 281 3527; x_wconf 86' lang='grc'><strong><em>6,</em></strong></span> <span class='ocrx_word' id='word_1_250' title='bbox 297 3464 337 3517; x_wconf 76' lang='lat'><strong><em>12.</em></strong></span> <span class='ocrx_word' id='word_1_251' title='bbox 444 3465 475 3513; x_wconf 87' lang='lat'><strong><em>10</em></strong></span> <span class='ocrx_word' id='word_1_252' title='bbox 493 3463 578 3516; x_wconf 85' lang='lat' dir='ltr'>Zach.</span> <span class='ocrx_word' id='word_1_253' title='bbox 592 3466 616 3526; x_wconf 78' lang='lat'><strong><em>3,</em></strong></span> <span class='ocrx_word' id='word_1_254' title='bbox 631 3465 656 3516; x_wconf 87' lang='lat'><strong><em>8.</em></strong></span> 
     </span>
     <span class='ocr_line' id='line_1_33' title="bbox 825 3544 899 3609; baseline -0.054 0"><span class='ocrx_word' id='word_1_255' title='bbox 825 3544 899 3609; x_wconf 55' lang='lat' dir='ltr'><strong><em>‘W</em></strong></span> 
     </span>
    </p>
   </div>
   <div class='ocr_carea' id='block_1_4' title="bbox 0 0 1168 3818">
    <p class='ocr_par' dir='ltr' id='par_1_4' title="bbox 0 0 1168 3818">
     <span class='ocr_line' id='line_1_34' title="bbox 0 0 1168 3818; baseline 0 1"><span class='ocrx_word' id='word_1_256' title='bbox 0 0 1168 3818; x_wconf 95' lang='lat' dir='ltr'><strong><em> </em></strong></span> 
     </span>
    </p>
   </div>
  </div>
 </body>
</html>
