2326 3818
342 123 526 175 DEMONST.
545 123 678 177 EVANG.
697 124 795 174 V11.1.
988 123 1051 185 435

80 254 143 334 οῦν
161 265 216 332 καὶ
236 267 272 333 έν
289 267 331 354 τῇ
347 259 429 352 μετά
446 277 559 351 χεῖρας
577 269 774 353 προφητείᾳ,
794 251 867 353 ένῇ
884 263 1049 333 κατευθῦ-

80 393 200 444 νουτας
219 362 341 444 αῦτοῦς
366 360 521 450 ὀνομάζει
548 360 741 453 προσειπάν
757 359 960 454 Ἀσσυρίους.
1000 371 1047 436 73.

79 472 124 559 τῷ
143 465 272 537 τούτων
290 469 468 555 τοιγαροῦν
481 467 572 558 ξυρῷ
584 461 642 534 τόν
656 462 832 553 σύμπαντα
846 463 973 555 κόσμον
989 473 1049 536 τοῦ
1064 494 1116 545 [εοοι

77 565 249 639 Ἰουδαίων
273 574 394 649 ἔθνους
417 564 499 656 μετά
521 566 583 654 την
607 569 666 635 τοῦ
687 563 895 657 Ἐμμανουῆλ
918 570 1051 655 γένεσιν

54 666 379 758 σάφανισθήσεσθαι
402 677 563 753 θεσπίζει.
609 673 658 736 74.
679 675 726 737 έτι
750 669 787 738 δὲ
814 672 850 738 έν
868 671 909 759 τῇ
927 675 1050 757 δηλου-

79 773 162 861 μένη
181 769 303 862 ἡμέρᾳ,
331 776 433 858 δῆλον
452 771 488 840 δέ
506 768 616 859 ὅτιτῇ
633 773 691 840 τοῦ
707 767 931 860 Ἑμμανουὴλ,
956 767 1048 840 τοῦτ’

80 879 149 942 ἔστι
176 877 233 960 της
257 876 316 942 τοῦ
342 875 489 961 Χριστοῦ
513 877 727 961 ἐπιφανείας,
751 867 910 963 “θρέψει,
931 875 1048 961 φησίν,

80 971 259 1061 άνθρωπος
275 972 418 1063 δάμαλιν
432 977 522 1062 βοῦν
541 977 596 1044 καὶ
612 973 672 1043 δῦο
689 973 848 1063 πρόβατα.
888 978 943 1044 καὶ
959 982 1049 1044 ἔσται

79 1075 143 1145 άπὸ
168 1080 229 1145 τοῦ
252 1086 407 1146 πλεῖστον
431 1092 541 1145 ποιεῖν
573 1074 674 1164 γάλα,
706 1073 873 1165 βούτυρον
897 1078 949 1146 καί
975 1079 1075 1165 μέλιε

41 1207 66 1245 10
80 1176 221 1266 φάγεται
245 1181 308 1256 πάς
332 1172 350 1245 δ
375 1180 612 1265 καταλειφθεὶς
637 1179 690 1246 ἐπὶ
715 1183 773 1264 τῆς
800 1173 893 1265 γῆς.”
932 1184 979 1247 Τι’).
1002 1174 1048 1246 δι’

81 1267 129 1345 τόν
147 1286 231 1365 φαίη
249 1275 292 1347 άν
310 1306 359 1359 τις
377 1275 448 1366 ἤτοι
466 1275 564 1367 λιμόν
582 1284 789 1360 αἰνίττεσθαι
811 1280 866 1347 καὶ
884 1288 1051 1368 πτωχείαν

78 1374 357 1468 ὑπερβάλλουσαν
374 1385 434 1447 τοῦ
454 1382 489 1448 ἐκ
503 1384 680 1468 περιτομῆς
694 1383 789 1467 λαοῦ,
808 1376 852 1468 μὴ
864 1376 1049 1470 εὐποροῦν-

79 1509 134 1561 τος
152 1480 214 1567 μέν
231 1483 288 1566 τῆς
306 1476 371 1549 άπό
390 1488 485 1550 σίτου
502 1481 585 1552 κατά
604 1479 708 1571 φῦσιν
727 1485 863 1570 τροφῆς,
881 1482 965 1570 μηδὲ
985 1486 1049 1568 γῆν

80 1579 241 1669 ἀροῦντος
266 1583 321 1650 καὶ
348 1590 541 1670 σπείροντος
565 1586 620 1652 καὶ
639 1589 846 1669 θερίζοντος,
871 1582 955 1671 μηδὲ
974 1591 1049 1651 ποί-

42 1711 67 1751 15
80 1712 165 1771 μνας
184 1681 363 1770 προβάτων
381 1686 465 1772 μηδὲ
483 1688 574 1773 βοῶν
592 1679 711 1772 άγέλας
730 1685 950 1772 κεκτημένου,
977 1689 1049 1772 ἐχο-

78 1786 182 1874 μένου
202 1785 239 1854 δέ
258 1783 321 1854 δυό
339 1782 517 1875 προβάτων
541 1788 597 1855 καὶ
615 1783 788 1874 δαμάλεως
806 1789 898 1874 μιᾶς,
917 1784 1050 1854 τὸτοῦ-

78 1915 146 1956 των
164 1885 250 1975 γάλα
268 1888 498 1976 ποριζομένου·
526 1882 546 1977 ἢ
565 1884 672 1968 άλλως
687 1890 900 1975 τροπολογῶυ
917 1885 1050 1974 τὸνμὲν

79 1991 346 2077 καταλειφθέντα
366 1991 419 2058 ἐπὶ
437 1992 494 2075 τῆς
518 1994 577 2077 γῆς
595 1996 806 2058 αἰνίττεσθαι
829 1998 913 2076 φαίη
932 1981 974 2058 άν
991 1986 1049 2056 τ’ὀν

78 2094 146 2159 τῦν
173 2093 208 2158 ἐκ
233 2093 410 2178 περιτομῆς
437 2097 484 2169 είς
507 2088 569 2161 τόν
594 2093 727 2178 σωτῆρα
746 2093 801 2158 καὶ
819 2087 937 2177 κόριον
955 2084 1051 2178 ἡμῶν

41 2217 65 2257 εο
79 2189 349 2259 πεπιστευκότων
363 2186 558 2260 άποστόλων
567 2218 602 2260 τε
615 2193 670 2259 καὶ
682 2189 928 2278 εὐαγγελιστών
937 2188 1048 2281 χορόν,

80 2282 128 2359 οἷν
146 2294 282 2370 ἕκαστος
297 2285 440 2380 “λεῖμμα
459 2289 530 2360 κατ’
558 2290 698 2380 ἐκλογὴν
716 2290 847 2382 χάριτος
865 2289 1046 2379 γεγονῦς,”

79 2395 135 2460 καὶ
155 2389 210 2460 διά
235 2395 332 2461 τοῦτο
351 2386 391 2461 “ό
411 2395 648 2481 καταλειφθεὶς
672 2395 726 2461 ἐπὶ
750 2397 807 2479 τῆς
833 2397 892 2480 γης
917 2389 1077 2479 άνομα-ο

79 2496 198 2582 σμένος
221 2496 364 2580 θρέψειν
382 2496 511 2581 λέγεται
540 2492 684 2583 δάμαλιν
701 2495 792 2580 βοιόν
811 2496 867 2560 καὶ
886 2491 947 2561 δῦο
966 2491 1048 2582 πρό-

78 2605 180 2682 βατα,
198 2601 274 2686 τρία
292 2591 372 2665 καθ’
393 2593 536 2683 ἑκάστην
554 2599 732 2683 ἐκκλησίαν
745 2592 912 2684 τάγματα,
932 2599 969 2662 ἓν
987 2594 1049 2682 μέν

39 2697 114 2768 τετὸ
137 2704 205 2767 τῶν
228 2693 442 2786 ἡγουμένων,
474 2695 536 2769 δῦο
561 2698 599 2768 δέ
622 2696 663 2768 τά
686 2700 753 2766 των
775 2691 1047 2784 ῦποβεβηκότωυ,

77 2806 137 2867 τοῦ
155 2804 212 2887 τῆς
231 2804 406 2886 ἐκκλησίας
423 2803 484 2870 τοῦ
493 2804 639 2888 Χριστοῦ
654 2804 737 2895 λαοῦ
755 2806 802 2880 είς
821 2796 883 2868 δῦο
901 2795 1049 2886 τάγματα

79 2901 300 2988 διηρημένου,
326 2912 373 2981 είς
398 2929 432 2970 τε
454 2899 492 2969 τό
510 2907 578 2971 τεόν
602 2904 728 2970 πιστῶν
746 2903 801 2969 καί
826 2904 893 2969 τῶν
910 2903 1048 2989 μηδέπω

78 3003 135 3088 της
154 2996 209 3069 διά
236 3008 380 3090 λουτροῦ
406 3009 663 3089 παλιγγενεσίας
687 2999 896 3090 ἠξιωμένων,
924 2997 974 3081 οἷς
993 3006 1052 3068 καί

78 3125 183 3189 φησιν
208 3099 239 3176 ὁ,
254 3114 348 3184 θεῖος
375 3099 557 3185 ἀπόστολος
578 3101 687 3191 “γάλα
713 3097 798 3192 ὑμᾶς
829 3100 980 3188 ἐπότισα,
1008 3096 1048 3169 οῦ

39 3229 65 3270 νο
78 3200 236 3294 βρῶμα·”
265 3201 343 3285 τοῦς
362 3205 399 3274 δέ
418 3207 454 3273 ἐν
471 3201 538 3293 ἤδη
551 3206 737 3295 τελειοτέρμ
753 3208 965 3283 καθεστῶτας
984 3203 1049 3284 έξει

145 3440 176 3486 ‘21
197 3438 274 3491 Rom,
289 3441 330 3502 11,
345 3441 368 3489 ἴ),
475 3440 508 3488 ‘29
529 3442 551 3486 1.
567 3437 629 3488 Cor.
643 3441 668 3502 3,
682 3440 706 3487 2.

789 3518 856 3586 28*
