2326 3818
138 129 201 194 362
543 127 693 181 EUSEBH

112 269 249 357 οτάσθη
269 270 322 337 ἐπὶ
339 264 515 359 πτερύγων
532 264 674 356 ἀνίμων.
711 271 741 336 3.
763 264 805 335 δι’
828 257 876 337 οἷν
896 258 936 336 τά
953 268 1013 354 τῆς
1031 262 1112 338 ἀνύ·

141 377 219 458 δου,
243 366 287 458 ἣν
312 365 377 439 ἀπὸ
400 371 461 458 γῆς
480 374 526 450 εἰς
544 365 707 459 ούρανοῦς
726 366 920 456 ἐποιήσατο,
943 377 1108 453 θεσπίζει.

138 470 227 552 ὅπως
247 472 283 540 δὲ
301 469 451 541 κάθοδον
467 467 530 561 χρὴ
547 487 640 541 νοεῖν
656 473 712 540 καί
730 466 854 540 ἀνοδον
871 473 931 540 τοῦ
947 472 1035 539 θεοῦ
1052 469 1111 540 λό-

139 602 217 662 γου,
243 569 283 643 οῦ
306 575 448 654 τοπικῦς
471 569 668 660 μεταβάσεις
696 572 918 661 ποιουμένου,
941 578 1110 660 τροπικῶς

141 675 178 744 δὲ
195 672 253 755 τοίς
270 673 403 744 τοιάσδε
421 680 610 761 οἰκονομίας
634 669 738 742 αύτοῦ
760 676 880 744 τοῦτον
897 675 955 760 τῆς
972 677 1130 762 γραφῆςι

139 773 370 863 ἀποκαλούσης
395 772 454 844 τὸυ
483 772 624 864 τρόπον,
657 777 708 843 ἐπ’
739 780 864 856 οἰκείας
887 770 1110 864 ἀποδώσομεν

140 880 268 967 σχολῆς.
309 880 339 944 4.
360 881 429 944 ἔδει
454 875 491 943 δὲ
514 879 742 963 μνημονεῦσαι
767 878 803 944 ἐν
827 873 957 956 τούτοις
976 878 1110 964 καὶτῆς

140 981 258 1063 καινῆς
277 973 458 1065 διαθήκης,
484 970 528 1064 ἢν
546 983 683 1064 ἔμελλεν
699 973 720 1062 ἡ
741 979 801 1046 τοῦ
818 982 964 1067 Χριστοῦ
981 1002 1110 1064 παρον-

141 1086 198 1147 σία
216 1075 433 1165 προξενήσειν
453 1073 661 1166 ἀνθρώποις·
689 1072 774 1167 αῦτη
800 1079 840 1146 δέ
863 1080 952 1147 ἐστιν
970 1074 990 1165 ἡ
1007 1076 1110 1166 καινὴ

142 1177 288 1266 διαθήκη
311 1176 391 1266 μετά
413 1176 476 1266 τὴν
499 1178 646 1248 παλαιάν
667 1176 734 1248 ῦπδ
759 1183 905 1269 Χριστοῦ
934 1184 1016 1248 πᾶσι
1039 1194 1109 1260 τοῖς
1121 1211 1146 1250 10

117 1322 127 1349 c
142 1287 256 1350 ἔθνεσι
276 1282 447 1369 δεδομένη.
486 1279 539 1349 διό
555 1303 639 1369 φησι
656 1279 693 1350 τὸ
711 1277 792 1368 μετά
809 1294 922 1369 χεῖρας
940 1277 1056 1367 λόγιον
1067 1275 1109 1349 “δ

140 1382 220 1465 θεὸς
239 1376 332 1476 ᾦδὴν
355 1379 476 1470 καινὴν
493 1378 618 1473 ἀσομαί
638 1377 724 1452 σοι.”
760 1386 789 1451 5.
808 1380 846 1450 τὸ
866 1375 1024 1464 δὲ”ἀψαι
1042 1385 1110 1451 τῶν

140 1482 246 1576 ὀρέων
282 1485 338 1552 καί
374 1481 682 1572 καπυισθήσονται”
716 1489 925 1553 αἰνίττεσθαι
964 1479 1110 1571 ἡγοῦμαι

141 1582 334 1674 ἐμπρησμὸν
352 1587 408 1653 καὶ
421 1580 612 1673 ἀφανισμὸν
625 1582 735 1673 πάσης
750 1590 1018 1672 εἰδωλολατρίας,
1038 1579 1109 1669 ἥτις

140 1684 230 1776 παρά
253 1701 321 1767 τοῖς
346 1695 499 1766 παλαιοῖς
524 1687 560 1755 ἐν
577 1701 646 1765 τοῖς
669 1681 761 1775 ὄρεσι
784 1683 926 1773 μάλιστα
945 1680 1143 1755 ἐσπουδά·ιε

141 1795 221 1870 ζετο.
258 1785 342 1856 ὥστε
359 1784 425 1876 ἥδη
443 1788 499 1856 καί
518 1781 638 1866 αύτούς
653 1781 834 1868 Ἰουδαίους
851 1782 1109 1875 ἀπελέγχεσθαι,

136 1886 186 1970 ὡς
205 1889 258 1957 ἐπὶ
276 1891 344 1957 πάν
360 1885 436 1974 ὅρος
453 1885 585 1975 ὑψηλὸν
608 1885 691 1956 κατά
708 1897 848 1978 μίμησιν
873 1893 942 1957 τῦν
960 1884 1110 1976 ἀλλοφύ-

141 1998 210 2058 λων
229 1992 341 2058 ἐθνῦυ
359 1993 690 2079 εἰδωλολατροῦντας.

777 2257 785 2281 Ι

788 2317 794 2330 ι

114 2286 129 2326 ο
449 2255 528 2328 Ἀπὸ
551 2262 693 2346 Ψαλμοῦ
711 2268 772 2348 ρμζ

218 2407 252 2468 Χ.
279 2387 449 2464 ’Ἕταίνει
463 2388 676 2483 Ἰερουσαλὴμ
699 2391 758 2463 τδν
782 2391 917 2482 κύριον,
943 2402 1029 2465 αἰνει
1049 2390 1146 2464 τδνεο

141 2495 225 2568 θεόν
242 2520 304 2565 σου
322 2491 450 2567 Σιάν.”
488 2494 554 2567 εἷθ’
574 2493 705 2582 ὑποβάς
717 2517 822 2584 φησιν
835 2490 876 2565 “ὁ
896 2490 1112 2566 ἀποστέλλων

73 2623 126 2676 μοι]
141 2595 178 2668 τδ
196 2595 310 2721 λόγηρν
328 2625 431 2666 αυτον
449 2624 489 2686 τη
507 2624 561 2686 γη,
581 2624 642 2677 εως
656 2625 776 2685 ταχους
786 2603 960 2688 δραμεῖται
977 2589 995 2665 ὃ
1013 2595 1110 2683 λόγος

142 2696 255 2768 αῦτοῦ.

217 2796 335 2882 ,Σαφὲς
355 2797 391 2865 δὲ
408 2794 458 2865 ὅτι
475 2799 536 2866 τοῦ
552 2793 839 2885 ἀποστελλομέυου
860 2796 878 2869 ὁ
896 2794 1111 2869 ἀποστέλλων

141 2900 251 2986 ἕτερος
270 2892 318 2967 αδν
334 2896 500 2987 τυγχάνει.
543 2905 627 2988 ἔχεις
651 2907 829 2991 τοιγαροῦν
852 2895 1029 2970 κάνταῦθα
1051 2894 1149 2969 τδννε

74 3026 127 3077 (τοι)
141 2998 204 3087 μὲν
221 2994 465 3071 ἀποστέλλοντα
481 2996 541 3071 τδν
559 3003 613 3071 ἐπὶ
630 2999 766 3071 πάντων
775 3001 876 3091 θεὸν,
893 2997 953 3071 τὸν
971 3001 1007 3070 δὲ
1025 2997 1110 3070 ἀπο-

142 3097 361 3190 στελλόμενον
383 3099 441 3171 τὸν
460 3099 577 3191 λόγον,
601 3097 636 3184 δς
654 3103 875 3191 πολυώνυμος
893 3096 941 3172 ἀν
958 3102 1031 3172 τοτὲ·
1048 3101 1112 3191 μδν

142 3211 261 3290 σοφία,
292 3203 365 3273 τοτὲ
394 3204 431 3273 δὲ
461 3201 574 3291 λόγος,
606 3200 723 3276 ἀλλοτε
748 3205 785 3274 δὲ
807 3202 904 3292 θεδς,
928 3206 985 3272 καί
1009 3201 1112 3273 πάλιν

142 3347 344 3361 *—

209 3433 242 3481 20
260 3433 305 3482 Ps.
320 3436 376 3497 ιιι,
392 3437 433 3485 ω.
