2326 3818
146 114 210 178 570
549 113 698 166 υυειιυιι

123 257 203 326 ικαὶ
226 249 444 343 ὑψωθήσεται
467 249 487 341 ή
507 250 584 341 Γῶγ
608 259 777 341 βασιλεία,
808 255 864 322 καὶ
888 248 1118 340 αὐξηθήσεται

147 353 338 445 ήβασιλεία
356 353 468 425 αὐτοῦ.
505 353 584 436 θεὸς
609 349 784 443 ῶδήγησεν
808 349 911 425 αῦτδν
943 357 974 436 ἐξ
1008 355 1117 443 Αίγύ-

148 485 255 545 πτου,
282 452 327 538 ῶς
363 454 442 540 δόξα
476 459 703 545 μονοκίρωτος
734 451 834 548 αύτῷ.
878 461 987 526 ἔδεται
1026 464 1114 547 ἔθνη

149 563 279 648 ἐχθρῶν
304 557 424 646 αὑτοῦ,
455 556 575 627 καὶτὰ
606 554 694 645 πάχη
725 552 837 626 αὐτῶν
864 559 1030 645 ἐκμυλιεί,
1056 563 1116 629 καὶ

147 677 218 741 ταῖς
242 667 374 746 βολίσιν
397 654 500 729 αῦτοῦ
528 655 759 740 κατατοξεύσει
784 655 916 747 ἐχθρόν.
958 670 1143 731 κατακλι-5

147 764 222 842 θεὶς
239 757 452 831 ἀνεπαύσατο
471 753 516 840 ῶς
539 762 625 828 λέων
649 754 767 840 καλῶς
785 757 948 848 σκύμνος,
975 768 1024 841 τίς
1044 765 1115 850 ἐγε-

149 879 201 951 ρεῖ
231 858 397 958 αῦτόνςο
380 866 414 930 οί
443 856 658 948 εῦλογοῦντές
689 886 727 930 σε
759 857 955 980 εῦλόγηνται
994 866 1050 933 καὶ
1083 870 1119 934 ot

148 960 379 1086 καταρῶμενοί
395 983 432 1032 σε
450 957 719 1083 κεκατήρανταιῗ

225 1068 255 1133 2.
279 1061 448 1151 Ἀνωιέρω
468 1060 523 1132 διά
545 1069 602 1152 τῆς
626 1065 891 1152 προτεταγμένης
909 1071 1114 1155 προφητείας

149 1162 260 1253 φήσας
290 1158 307 1233 ὁ
338 1162 482 1253 χρησμὸς
513 1163 572 1235 τὸν
602 1161 719 1254 κύριον
749 1161 841 1252 ἥξειν
867 1171 913 1246 είς
938 1177 1112 1254 Αἴγυπτον
1127 1193 1152 1232 ιο

120 1296 135 1336 d
150 1263 271 1355 ἐδήλου
288 1264 349 1353 τήν
366 1270 425 1336 τοῦ
440 1270 586 1354 σωτήρος
600 1259 695 1354 ήμῶν
708 1263 815 1354 Ἰησοῦ
834 1269 980 1355 Χριστοῦ
999 1273 1114 1338 διακο-

147 1366 267 1457 μιδήν,
294 1365 355 1454 τήν
379 1365 446 1456 ἅμα
465 1384 534 1448 τοῖς
560 1371 717 1454 γονεῦσιν
750 1373 797 1449 είς
822 1378 996 1455 Αίγυπτον
1022 1365 1114 1463 αὐτῷ

148 1471 390 1558 γενησομένην·
420 1473 456 1539 ἐν
481 1466 610 1549 τούτοις
630 1468 667 1538 δὲ
684 1467 747 1556 τήν
766 1467 932 1539 ἐπάνοδον
958 1472 1031 1558 ἑξής
1057 1473 1113 1539 καὶ

147 1566 343 1651 ἀκολούθως
360 1568 422 1657 τήν
436 1567 495 1640 ἀπ’
518 1567 711 1658 Αίγύπτου,
731 1565 774 1656 ήυ
787 1566 854 1659 ἀμα
867 1587 935 1651 τοις
953 1575 1113 1659 γονεῦσιν

149 1679 195 1754 είς
213 1669 275 1760 τήν
292 1678 356 1759 γήν
374 1674 435 1741 τοῦ
457 1666 587 1761 Ἰσραήλ
606 1668 798 1760 ἐποιήσατο,
823 1678 973 1755 θεσπίζει
1005 1675 1112 1760 λέγων
1127 1697 1152 1737 15

140 1770 244 1855 “θεῦς
263 1771 438 1862 ὡδήγησεν
452 1770 556 1843 αὐτῶν
571 1775 602 1856 ἐξ
618 1768 820 1860 Αίγύπτου.”
855 1777 885 1843 3.
904 1773 1004 1862 μόνος
1020 1774 1056 1842 δὲ
1070 1764 1113 1861 ἦν

147 1873 164 1943 ὀ
189 1871 299 1964 σωτήρ
330 1877 387 1944 καὶ
416 1872 533 1964 κύριος
563 1873 658 1963 ήμῶν
685 1872 813 1962 Ἰησοῦς
844 1872 1024 1960 δΧριστδς
1048 1880 1110 1941 τοῦ

145 1980 231 2044 θεοῦ
249 1977 304 2044 καὶ
323 1972 402 2044 οὐδὲ
421 1972 520 2056 ἀλλος
538 1972 556 2044 ὁ
579 1978 614 2045 ἐκ
632 1979 692 2044 τοῦ
704 1978 888 2064 σπέρματος
904 1970 1036 2064 Ἰσραήλ
1055 1976 1111 2043 καὶ

147 2082 207 2144 τοῦ
219 2072 392 2145 Ἰουδαίων
406 2084 527 2158 ἔθνους
543 2074 732 2167 προελθῶν,
748 2079 804 2146 καὶ
819 2079 952 2146 πολλῶν
965 2103 1113 2145 κατακυ-

48 2253 50 2256 ,
149 2174 281 2266 ριεύσας
320 2181 454 2266 ἐθνῶν,
493 2174 577 2248 ῶστε
608 2175 843 2267 ἀναμφιλόγως
874 2171 1111 2266 ὁμολογεῖσθαι
1125 2205 1150 2244 ιο

148 2280 250 2367 πέρας
269 2286 356 2369 ἔχειν
376 2275 429 2348 ἐπ’
456 2275 545 2372 αύτῷ
569 2283 624 2349 καὶ
647 2276 709 2367 τήν
734 2281 909 2367 παροῦσαν
926 2278 1113 2370 πρόρρησιν

148 2379 333 2473 διαρρήδην
365 2384 584 2469 ἐκφωνοῦσαν
614 2377 664 2452 ὅτι
703 2378 744 2470 δή
776 2383 812 2450 ἐκ
850 2384 910 2450 τοῦ
939 2376 1113 2450 Ἰουδαίων

79 2515 134 2566 (ιεη
149 2489 271 2575 ἔθνους
303 2480 512 2566 ἐξελεύσεταί
546 2511 595 2565 τις
631 2480 811 2573 ἄνθρωπος
854 2483 909 2550 καὶ
941 2480 1113 2570 κυριεύσει

149 2587 260 2655 ἐθνῶν
283 2587 425 2654 πολλῶν.
468 2588 497 2653 4.
524 2579 544 2672 ή
570 2585 691 2671 λεγέτω
719 2578 735 2653 δ
763 2580 966 2671 βουλόμενος
992 2589 1023 2652 εί
1044 2589 1112 2671 ἔχοι

128 2677 249 2754 ’ἀλλον
267 2688 428 2773 συστῆσαι
445 2687 513 2752 τῶν
531 2682 664 2753 πῶποτε
682 2679 761 2773 παρ’
782 2679 947 2772 Ἑβραίοις
966 2679 1112 2764 ἐνδόξων
1126 2709 1152 2750 ιε

148 2791 283 2853 πολλῶν
303 2787 417 2855 ἐθνῶν
434 2781 596 2876 ἀρξαντα
622 2781 696 2854 ἀλλ’
724 2813 787 2854 ουκ
804 2812 846 2853 αν
871 2795 958 2854 είποι
976 2813 1042 2871 τις,
1061 2780 1113 2854 ὅτι

147 2884 233 3016 μηδὲ
260 2886 407 3016 γέγονεν.
455 2889 508 2979 ἐπὶ
533 2890 574 2956 δέ
594 2914 633 2975 γε
656 2888 716 2957 τοῦ
739 2889 887 2976 σωτήρος
912 2881 1023 2975 ήμῶν,
1049 2881 1113 2956 κάν

148 3089 230 3176 μέγα
249 3087 498 3180 κεκράξεται,”
477 3118 633 3179 αντικρυς
645 3092 838 3178 παριστῶσα
852 3116 941 3170 οπως
959 3118 979 3178 η
969 3085 1113 3170 ἔνθεος

149 3186 250 3260 αῦτου
241 3189 411 3280 δύναμις
431 3189 486 3259 διά
504 3219 562 3260 τον
549 3186 830 3278 ἀναληφθέντος
848 3187 938 3285 αῦτφ
925 3194 995 3260 ἐκ
1012 3193 1111 3280 σπέρ-
1126 3221 1151 3262 3ο

147 3318 248 3376 ματος
263 3287 392 3381 Ἰσραήλ
410 3298 470 3361 τοῦ
489 3289 571 3361 κατά
588 3289 697 3380 σάρκα
714 3289 899 3383 ἀνθρώπου
925 3295 1111 3380 ἐκυρίευσε,

146 3392 204 3457 καὶ
230 3395 329 3461 είσέτι
359 3397 424 3463 νῦν
447 3390 595 3484 κυριεύει
621 3397 734 3464 ἐθνῶν
758 3397 901 3464 πολλῶν.
950 3397 979 3461 5.
1012 3389 1111 3474 αὐτὸς
