2326 3818
145 157 208 221 634
552 156 701 209 mmmm

42 317 45 321 ’
118 325 131 366 d
221 303 251 367 3.
276 288 319 366 Τό
332 294 388 367 “εἰ
405 295 522 385 ἐχθρὸς
541 291 697 365 ὠνείδισέ
711 322 769 384 με,
787 293 960 384 ὑπήνεγκα
978 291 1039 384 άν,
1058 298 1112 368 κοιλ

23 416 26 437 ·
147 405 177 469 εἰ
194 393 212 467 5
229 401 338 487 μισῶν
360 425 401 487 με
420 395 471 467 ἐπ’
494 397 550 486 ἐμὲ
570 395 940 487 ἐμεγαλορρημόνησεν,
965 396 1114 488 έκρύβην

145 495 188 569 διν
211 495 270 569 ἄπ’
296 498 408 570 αὐτού.
451 496 493 569 σύ
519 500 572 585 δέ,
604 496 765 588 ἄνθρωπε
791 496 947 587 ἰσόψυχε,
979 498 1115 588 ήγεμοόν

145 629 210 690 μου
228 604 283 671 καί
307 601 437 690 γνωστέ
456 594 538 688 μου,
563 595 599 679 δς
624 602 677 669 ἐπί
696 598 732 669 τὸ
757 595 836 668 αύτό
856 599 1041 687 ἐγλύκανάς
1058 630 1114 690 μοι

146 701 329 792 ἐδέσματα”
349 698 465 789 ὅμοιόν
489 705 556 770 ἐστι
579 705 626 793 τῷ
639 695 718 771 “nal
734 703 798 786 γάρ
816 695 833 769 5
859 698 1039 787 ἅνθρωπος
1056 707 1137 792 τήςε

146 805 280 893 εἰρήνης
298 832 380 891 μου,
406 797 460 891 ἐφ’
479 799 520 871 δν
537 799 678 889 ἤλπισα,
702 797 720 871 5
740 805 866 871 ἐσθίων
889 799 1009 890 άρτους
1035 833 1114 894 μου,

145 904 350 994 ἐμεγάλυνεν
368 899 421 973 ἐπ’
442 902 499 991 ἐμέ
517 899 752 990 πτερνισμόν,”
781 905 858 992 περί
876 908 935 972 τοῦ
949 901 1059 974 Ἰούδα
1079 910 1117 977 ἐν

144 1010 185 1096 τή
199 1002 262 1093 πρό
280 1003 401 1090 ταύτης
420 1011 605 1096 προφητείᾳ
624 1006 774 1096 κειμένῳ.
816 1008 845 1073 4.
867 1001 978 1092 ὥσπερ
996 997 1060 1076 οὖν
1078 1011 1116 1078 ἐν

147 1109 263 1198 ἐκείνω
287 1110 458 1176 ἐδείκνυτο
482 1103 661 1194 άνθρωπος
693 1104 826 1196 εἰρήνης
853 1106 931 1175 ποτὲ
954 1107 1114 1195 γεγονὼς,

143 1204 198 1276 ὅτε
222 1210 268 1299 τῷ
291 1211 415 1295 σωτηρι
442 1205 663 1296 ἐμαθητεύετο
689 1203 735 1288 εἰς
760 1209 814 1277 καί
843 1203 941 1288 αύτὸς
968 1212 1027 1278 τοῦ
1045 1213 1114 1280 τοῖν
1126 1234 1148 1275 ιο

107 1303 339 1386 ηάποστόλων
370 1307 527 1396 ἀριθμοῦ·
548 1318 766 1397 χρηματίσας,
798 1304 886 1378 οὕτω
915 1311 971 1377 καί
1002 1314 1039 1379 ἐν
1067 1317 1114 1404 τῷ

144 1415 349 1503 προκειμένῳ
369 1408 527 1498 ἰσόψυχος
546 1412 601 1479 καί
625 1404 758 1498 ήγεμών
777 1411 832 1479 καί
857 1408 1004 1496 γνωστὸς
1023 1409 1117 1505 αὐτῷ

145 1511 417 1602 προσηγόρευται.
454 1517 485 1580 5.
506 1513 560 1581 καί
579 1509 680 1580 πάλιν
698 1511 742 1593 ὡς
762 1516 799 1580 ἐν
817 1515 935 1604 ἐκείνῳ
959 1516 1036 1598 περὶ
1055 1510 1115 1582 αύ-

143 1617 202 1684 τοῦ
221 1624 331 1702 είρητο
345 1607 384 1682 “ό
404 1616 531 1683 ἐσθίων
544 1610 664 1703 άρτους
678 1642 743 1701 μου
762 1611 965 1701 ἐμεγάλυνεν
984 1611 1035 1682 ἐπ’
1058 1615 1115 1702 ἐμὲ

144 1711 377 1803 πτερνισμόν,”
398 1713 457 1784 τόν
475 1711 577 1796 αύτόν
594 1713 787 1805 τρόπονκαὶ
802 1716 855 1782 ἐπί
873 1719 932 1784 τοῦ
950 1713 1114 1805 παρόντος
1128 1741 1152 1782 ιε

145 1821 191 1897 εἰς
209 1813 313 1885 αὐτοῦ
330 1813 510 1902 πρόσωπον
528 1817 656 1904 λέγεται
670 1814 706 1885 τὸ
720 1810 778 1896 “δς
793 1817 848 1885 ἐπί
860 1814 897 1885 τό
915 1814 996 1885 αύτό
1015 1816 1115 1905 ἐγλύ-

145 1914 247 1997 κανάς
272 1947 327 2004 μοι
353 1913 550 2006 ἐδέσματα.”
592 1919 649 1986 καί
666 1915 730 2003 γάρ
753 1920 821 1986 των
844 1921 1113 2004 καταξιουμένων

144 2020 197 2086 καί
218 2016 316 2097 αὐτὸς
342 2015 388 2098 εἷς
407 2009 449 2102 ἦν
471 2023 529 2105 τής
547 2015 738 2106 ἀπορρήτου
761 2016 843 2104 πρός
866 2019 943 2101 τούς
961 2017 1113 2107 μαθητάς

144 2121 205 2186 τού
223 2122 370 2206 σωτῆρος
394 2116 488 2206 ἡμῶν
510 2113 640 2207 ὁμιλίας
657 2149 693 2190 τε
719 2122 774 2189 καί
793 2127 1018 2209 πνευματικῆς
1036 2149 1112 2208 τρο-

74 2250 131 2301 (ιιι)
146 2221 219 2308 φής.
256 2225 285 2288 6.
305 2234 373 2300 τοϊς
390 2220 453 2308 μὲν
470 2218 533 2311 γάρ
553 2224 614 2304 ἔξω
632 2220 777 2308 πλήθεσι
795 2224 931 2301 καὶτοῖς
949 2219 1058 2310 ὄχλοις
1077 2226 1114 2291 ἐν
1126 2251 1152 2289 εο

143 2329 349 2411 παραβολαῖς
368 2322 493 2410 ἐλάλει,
519 2321 633 2411 μόνοις
652 2324 689 2393 δέ
706 2341 775 2403 τοῖς
795 2325 917 2391 ἑαυτοῦ
934 2335 1113 2411 μαθηταῖς,

145 2427 181 2492 ἐν
199 2419 248 2503 οἷς
267 2426 321 2494 καί
339 2419 357 2493 5
372 2421 497 2506 Ἰούδας
516 2423 699 2512 ἐξητάζετο,
725 2427 865 2493 ἐπέλυεν
883 2421 1021 2493 ἅπαντα.
1060 2423 1113 2493 διὸ

144 2526 292 2607 λέλεκται
305 2521 346 2595 “5
371 2531 498 2596 ἐσθίων
521 2523 642 2614 άρτους
665 2554 730 2614 μου
755 2522 958 2614 ἐμεγάλυνεν
983 2523 1033 2594 ἐπ’
1057 2526 1114 2613 ἐμὲ·

144 2623 366 2716 πτερνισμόν”
388 2630 444 2696 καί
456 2624 515 2706 “δς
535 2628 588 2696 ε’πί
606 2624 642 2695 τό
661 2622 742 2695 αύτὸ
761 2624 947 2713 ἐγλύκανάς
964 2655 1020 2715 μοι
1039 2629 1113 2695 ἐδέ-

143 2723 281 2815 σματα.”
319 2733 347 2797 7.
368 2725 452 2815 άπερ
471 2728 677 2815 σαφέστερον
693 2732 852 2816 ἐξέφηνεν
865 2730 882 2797 ὁ
895 2729 958 2816 μὲν
971 2724 1112 2810 Ἀκύλας
1126 2755 1153 2796 νε

145 2826 249 2895 εἰπων
262 2822 319 2896 “ολ
334 2825 418 2914 ὁμού
436 2825 666 2917 ἐγλυκάναμεν
683 2824 906 2918 άπόρρητον,”
927 2827 945 2898 5
965 2830 1002 2899 δέ
1016 2826 1115 2918 Σύμ-

117 2955 247 3016 εμαχος
265 2922 409 3009 ’ὀίτινες
434 2928 734 3019 ἐκοινολογούμεθα
758 2940 919 3019 γλυκεῖαν
941 2927 1109 3019 ὁμιλίαν.”

143 3024 218 3099 άντὶ
238 3029 275 3098 δὲ
292 3033 352 3099 τού
364 3025 430 3100 “σύ
455 3031 493 3102 δέ
510 3028 671 3121 άνθρωπε
695 3030 854 3121 ἰσόψυχε,
879 3026 1012 3120 ήγεμοόν
1035 3060 1113 3120 μου,

143 3135 198 3202 καί
217 3134 347 3220 γνωστέ
366 3129 456 3221 μου”
476 3131 494 3202 5
514 3131 694 3222 Σύμμαχός
718 3155 799 3222 φησι
813 3128 880 3203 “σύ
901 3135 936 3203 δὲ
951 3130 1113 3220 άνθρωπε

140 3230 307 3321 ὁμότροπέ
320 3263 376 3323 μοι
394 3236 450 3304 καί
464 3232 598 3323 ήγεμοόν
611 3263 677 3323 μου
691 3237 745 3303 καί
760 3238 891 3322 γνωστέ
900 3231 999 3322 μου.”
1025 3239 1112 3304 ἐπει·
1126 3241 1152 3301 ἰο

144 3332 249 3422 δήπερ
266 3335 436 3405 τοσούτων
453 3331 632 3425 ἠξιωμένος
650 3342 746 3424 φίλος
765 3340 802 3405 ἐν
824 3352 892 3417 τοῖς
910 3335 1052 3425 μάλιστα
1071 3325 1113 3424 ἦν

133 3435 202 3500 τού
226 3439 393 3528 σωτῆρος,
426 3435 562 3519 εἰκότως
593 3439 676 3528 φησὶ
703 3439 778 3526 περὶ
807 3435 909 3508 αὐτοῦ
939 3436 975 3506 τὸ
1003 3435 1054 3507 ὅτι
1082 3444 1113 3508 εἰ
