2326 3818
331 122 515 174 DEMONST.
527 123 660 174 EVANG.
674 124 725 174 111.
740 126 764 174 τ.
970 121 1031 184 201

58 262 206 352 Ἰησοῦν,
231 260 290 332 τὸν
307 259 453 350 Χριστὸν
470 261 531 330 τοῦ
547 264 649 350 θεοῦ,
674 263 731 331 καὶ
759 258 848 351 παρά
866 277 934 342 τοῖς
953 283 1032 331 σαυ-

63 367 123 434 τοῦ
152 359 406 452 ὡμολογημένον
434 357 475 430 οῦ
508 359 609 449 γόητα
636 359 716 432 οῦδὲ
740 364 933 451 φαρμακέα,
957 358 1031 431 ἄλλ’

64 461 188 553 εῦσεβη
205 465 260 533 καὶ
279 461 487 533 δικαιότατον
502 464 557 531 καί
572 460 679 550 σοφόν
697 466 752 531 καὶ
770 461 939 553 οὐρανίων
957 459 1033 545 άυί-

66 573 136 637 δων
153 562 318 653 οἰκήτορα.
361 558 429 632 4.ό
455 560 496 651 δη
521 553 584 634 οῦν
606 567 753 644 τοιοῦτος
777 568 847 644 ποῦς
865 558 908 632 άν
926 561 1033 644 άλλως

37 671 132 737 ῡτῦν
162 663 359 757 παραδόξων
389 673 497 752 ἔργον
527 663 659 753 γεγόνει
683 656 863 753 ποιητὴςῆ
893 661 1034 751 δυνάμει

63 775 160 860 θείη,
180 762 223 856 ἣν
241 769 296 836 καί
314 764 354 836 τά
372 765 444 855 ἰερδι
463 763 558 854 λόγια
575 771 803 856 μαρτυροῦσιν
822 761 928 858 αὐτῷ,
947 769 1033 834 θεοῦ

63 868 165 957 λόγον
181 870 238 938 καὶ
256 872 341 938 θεοῦ
367 864 512 957 δύναμιν
534 867 595 958 τὴν
618 864 775 939 άνοιτάτω
795 871 831 936 έν
849 863 1033 955 ἀνθρώπου

63 974 177 1061 μορφῇ
195 973 251 1039 καί
264 967 416 1058 σχήματι,
434 973 560 1058 μᾶλλον
576 966 609 1039 δ’
631 973 667 1039 ἐν
681 965 766 1058 αῦτη
779 971 878 1058 σαρκὶ
896 970 952 1037 καὶ
970 965 1034 1036 στό-

64 1100 141 1160 ματι
160 1072 372 1158 κατοικῆσαι,
392 1071 447 1138 καὶ
465 1073 577 1140 πᾶσαν
594 1067 657 1156 τὴν
675 1074 712 1139 έν
729 1068 923 1160 ἀνθρώποις
948 1075 1033 1138 οἰκο-

24 1193 49 1232 1⁰
63 1179 185 1260 νομίαν
204 1173 387 1241 ἐπιτελέσαι
404 1174 652 1260 μαρτυροῦντας
675 1175 704 1240 5.
724 1173 780 1240 καὶ
799 1169 840 1240 σῦ
861 1169 891 1238 δ’
913 1166 955 1240 άν
973 1168 1102 1249 och-(1³5)

64 1270 119 1352 τός
136 1269 340 1360 καταμάθοις
358 1268 394 1339 τό
413 1279 534 1340 ένθεον
552 1275 609 1360 της
627 1273 704 1358 περὶ
723 1269 827 1340 αὐτοῦ
846 1269 1032 1358 δυνάμεως,

67 1379 99 1440 εἰ
115 1378 265 1459 λογίσαιο
283 1379 332 1451 τίς
350 1397 430 1441 ποτε
449 1368 497 1440 ὧν
522 1369 587 1462 άρα
612 1371 674 1459 τὴν
693 1370 798 1460 φῦσιν
823 1374 878 1440 καὶ
896 1378 1034 1458 πηλίκος

64 1469 190 1561 άνδρας
210 1470 354 1551 εὐτελεῖς
374 1475 406 1554 ἐξ
424 1469 536 1552 άλείας
555 1474 611 1542 καί
629 1474 789 1542 ταπεινοῦ
806 1479 883 1558 βίον
901 1494 1033 1561 προσοι-

65 1570 303 1660 κειωσάμενος,
329 1569 456 1653 τοῦτοις
484 1575 639 1663 κέχρηται
658 1571 824 1654 διακόνοις
843 1574 896 1642 ἐπὶ
916 1601 1035 1661 κατορ-

26 1694 51 1735 1⁵
64 1674 171 1744 θάσει
189 1671 380 1763 πράγματος
398 1671 507 1743 πάντα
525 1672 749 1754 καλύπτοντος
773 1671 881 1762 λόγον.
914 1680 942 1743 6.
964 1679 1034 1743 δια-

64 1777 202 1863 νοηθείς
227 1773 289 1864 γάρ
314 1769 332 1843 ὃ
355 1777 473 1863 μηδεὶς
499 1773 632 1846 πάποτε
662 1773 785 1865 νόμους
810 1782 954 1856 οἰκείους
978 1777 1032 1844 καὶ

64 1880 163 1965 ξένην
187 1881 410 1946 διδασκαλίαν
435 1883 481 1957 εἰς
505 1874 614 1947 πάντα
637 1893 856 1967 κατασπεῖραι
879 1875 919 1946 τά
937 1883 1034 1964 ἔθνη,

64 1981 120 2047 καὶ
140 1977 262 2058 παντὸς
280 1980 399 2065 γένους
417 1973 610 2068 ἀνθρώπων
636 1977 838 2048 διδάσκαλον
864 1976 1034 2064 εὐσεβείας

67 2075 140 2158 ἑνός
166 2082 226 2147 τοῦ
253 2080 306 2147 ἐπὶ
334 2076 471 2147 πάντων
497 2083 583 2149 θεοῦ
612 2077 733 2149 ἑαυτόν
750 2075 938 2167 άποφῆναι,
965 2095 1062 2159 τοῖςι

26 2199 52 2238 20
65 2175 202 2247 πάντων
215 2174 459 2267 άγροικοτάτοις
474 2181 529 2248 καί
541 2176 783 2260 εὐτελεστάτοις
796 2177 943 2267 ἡγήσατο
957 2184 1034 2268 χρῆ-

66 2291 147 2349 σθαι
165 2282 222 2366 της
241 2285 364 2360 οἰκείας
382 2282 506 2367 βουλῆς
524 2275 715 2368 ὑπηρέταις,
735 2278 822 2361 εἰκός
837 2276 912 2350 τινα
930 2307 1034 2369 παρα-

65 2377 235 2468 λογοότατα
252 2383 358 2448 ταῦτα
377 2376 481 2448 αῦτὸν
498 2383 715 2467 πεποιηκέναι
732 2389 876 2469 νομίσαι.
918 2387 945 2447 7.
966 2385 1035 2460 ποῦς

64 2480 127 2570 γάρ
147 2486 181 2550 οἰ
195 2481 281 2569 μηδὲ
301 2483 413 2570 διᾶραι
434 2477 616 2569 δυνάμενοι
634 2479 754 2570 στόμα,
774 2475 838 2550 κάν
855 2479 927 2561 ἑνός
945 2509 1035 2561 τινος

65 2580 260 2652 διδάσκαλοι
285 2585 507 2669 κατέστησαν,
532 2579 609 2671 οῦχί
631 2609 670 2669 γε
687 2579 823 2672 άνδρῦν
847 2582 1031 2671 συλλόγους

26 2703 51 2744 25
64 2688 134 2765 πῶς
153 2679 186 2753 δ’
206 2678 248 2753 άν
266 2681 390 2771 πλήθει
402 2686 638 2773 διειλέχθησαν
656 2690 691 2754 οἰ
705 2681 813 2771 πάσης
833 2681 923 2764 ἐκτός
941 2712 1034 2771 γεγο-

64 2784 157 2864 νότες
184 2790 355 2869 παιδείας;
382 2780 466 2853 άλλά
491 2783 579 2855 τοῦτ’
609 2775 653 2873 ἦν
679 2781 744 2875 άρα
770 2782 806 2855 τό
830 2791 888 2872 τῆς
913 2788 1034 2855 ένθέου

65 2886 189 2971 βουλῆς
207 2887 262 2953 καί
279 2888 337 2972 τῆς
356 2883 557 2973 ἐνεργούσης
576 2890 612 2956 έν
624 2882 736 2967 αῦτοῖς
748 2892 845 2967 θείας
861 2885 1034 2976 δυνάμεως

65 2982 321 3073 παραστατικόν.
378 2982 586 3067 ἀνακαλέσας
623 2991 709 3075 γοῦν
740 2983 862 3068 αῦτοῦς
897 2985 936 3056 τά
972 2987 1035 3076 μέν

63 3083 179 3174 πρῦτά
209 3107 291 3174 φησι
309 3082 450 3172 “δεῦτε,
475 3082 695 3158 άκολονθεῖτέ
715 3116 787 3178 μοι,
821 3091 877 3157 καὶ
907 3085 1033 3175 ποιήσω

24 3206 50 3251 ³0
63 3181 149 3276 ῦμοῖς
168 3181 272 3268 ἁλιεῖς
290 3183 517 3276 άνθροόπων.”
551 3194 580 3258 8.
597 3188 764 3276 ἐπειδὴδὲ
782 3184 898 3258 λοιπόν
913 3183 1058 3268 αῦτοῦςε

62 3337 266 3344 -—-----.—

133 3421 165 3469 29
183 3419 269 3468 Marc.
284 3423 307 3483 1,
322 3421 362 3474 17.
