2326 3818
319 111 504 162 DEMONST.
523 112 656 188 EVANQ.
679 114 730 163 111.
750 116 773 162 τ.
963 111 1024 174 207

59 255 248 338 βουθυσίας
266 252 322 319 καὶ
341 248 504 337 σπονδάς,
522 247 566 330 ὡς
584 245 627 321 ἀν
644 247 710 339 ήδη
724 263 817 331 θεοῖς
831 242 939 339 οῦσιν,
958 269 1025 334 τοῖς

59 356 118 420 τοῦ
133 347 243 438 Ἰησοῦ
266 352 545 440 προσαγηοχέναι·
578 354 634 420 καί
657 349 733 421 τινά
758 352 819 441 μὲν
838 349 949 423 αῦτῦν
967 352 1053 422 τδνι

54 450 176 539 Ἑρμήν
196 453 292 541 εἶναι,
311 449 386 520 τινά
404 452 442 520 δὲ
459 450 518 522 τὸν
536 459 604 521 Δία
622 454 848 541 νενομικέναι,
867 459 1026 525 τοσοῦτον

59 549 173 623 αῦτῶν
202 553 259 633 τὰς
293 558 441 634 διανοίας
468 549 706 641 ἐξέπληττενή
736 557 803 622 των
827 554 1026 642 παραδόξων

31 683 44 722 5
59 662 167 744 έργων
186 658 351 737 ἐπίδειξις.
378 660 430 723 27.
450 658 505 724 καὶ
525 652 565 742 δή
579 651 666 724 οὕτω
680 657 899 744 διακειμένοις
917 654 1021 725 πάνθ’

57 752 121 824 ὅσα
144 757 222 845 περὶ
245 759 306 826 τοῦ
325 752 434 845 Ἰησοῦ
462 754 686 846 κατήγγελλον
713 753 778 844 ήδη
803 755 920 826 λοιπόν
944 753 1024 844 ἀλη-

56 854 175 926 θεῦειν
193 853 338 946 εὐλόγως
353 862 551 947 ἐνομίζοντο,
569 861 623 928 καὶ
643 861 685 948 τή
700 854 782 947 μετά
800 857 859 928 τδν
876 855 1025 928 θάνατον

57 955 238 1045 ἀναβιάσω
249 957 352 1029 αὐτοῦ
367 956 427 1048 οῦχ
439 957 556 1041 ἁπλοῖς
567 955 644 1029 οὐδ’
660 958 912 1039 ἀναποδείκτοις
927 965 1024 1048 ἐμαρ-

56 1057 182 1149 τύρουν
200 1053 326 1148 λόγοις,
347 1059 392 1129 δι’
415 1057 517 1147 αῦτής
537 1058 569 1130 δ’
590 1065 757 1150 ἐνεργείας
774 1068 923 1148 ἔπειθον,
942 1065 1025 1145 ξῦν-

18 1189 112 1241 1οτος
131 1168 211 1250 ἔργα
229 1165 462 1251 παριστώντες.
498 1167 548 1230 28.
570 1169 601 1230 εί
619 1163 655 1230 δέ
673 1164 729 1230 καί
746 1159 830 1231 θεὸν
848 1158 950 1232 αῦτδν
968 1165 1023 1231 καὶ

58 1268 141 1330 θεοῦ
165 1269 271 1331 παῖδα
297 1262 360 1348 πρὸ
384 1267 442 1350 τής
469 1269 515 1343 είς
539 1261 743 1350 ἀνθρώπους
767 1261 910 1351 ἀφίξεως
934 1264 1047 1350 παράε

56 1365 103 1452 τῷ
127 1366 228 1451 πατρὶ
249 1361 457 1451 τυγχάνοντα
481 1360 720 1451 κατήγγελλον,
746 1365 801 1432 καί
824 1362 930 1455 τούτῳ
955 1372 1024 1444 πῶς

57 1460 120 1530 οῦκ
134 1459 176 1531 ἀν
188 1466 393 1552 προσέθεντο
405 1469 543 1552 μάλλον,
564 1462 600 1532 τό
614 1461 925 1534 ἐναντίονάπιστον
938 1463 1024 1533 εἶναι

57 1566 113 1631 καὶ
140 1561 311 1634 ἀδύνατον
341 1562 520 1654 ήγοῦμενοι
552 1563 704 1652 εἰκότως,
739 1562 948 1653 λογισάμενοι
979 1563 1024 1653 μή

18 1695 43 1734 15
59 1662 229 1734 δύνασθαι
257 1670 385 1754 θνητῆς
415 1672 496 1758 ἔργα
527 1663 661 1755 φύσεως
694 1665 780 1736 εἶναι
809 1671 955 1754 νομίζειν
984 1665 1024 1734 τά

59 1763 229 1856 δρώμενα,
247 1762 331 1837 ἀλλά
348 1771 450 1856 θεοῦ,
469 1762 532 1838 κάν
549 1764 594 1857 μή
613 1770 692 1858 λέγη
710 1796 775 1852 τις;
800 1772 850 1837 29.
870 1766 959 1836 τοῦτ’
981 1758 1024 1853 ήν

56 1864 120 1957 ἀρα
145 1872 200 1937 καὶ
224 1866 326 1938 οὐδὲν
349 1866 429 1939 ἀλλο
454 1863 489 1938 τὸ
516 1869 658 1957 ζητηθέν
676 1865 757 1938 αῦτδ
777 1871 900 1955 ἐκεῖνο,
924 1863 1023 1959 ὁποία

58 1966 198 2059 δυνάμει
216 1968 451 2060 περιγεγόνασι
468 1977 536 2040 νῦν
555 1975 591 2039 ἐν
609 1967 725 2060 ἀρχαῖς
751 1966 974 2059 ἀκροωμένων
992 1975 1026 2038 οῖ

55 2075 115 2138 τοῦ
129 2068 237 2158 Ἰησοῦ
254 2074 415 2159 μαθηταί,
434 2074 489 2139 καὶ
501 2067 761 2159 όπωςἝλληνας
774 2065 856 2160 ὁμοῦ
869 2075 925 2140 καὶ
943 2078 1022 2159 βαρ-

18 2199 42 2238 εο
57 2167 181 2259 βάρους
200 2170 244 2251 ὡς
263 2174 336 2261 περὶ
350 2170 451 2260 λόγου
463 2180 548 2241 θεοῦ
566 2174 643 2261 περὶ
658 2175 762 2241 αὐτοῦ
774 2189 915 2262 φρονεῖν
934 2179 1023 2242 ἐπει-

57 2291 137 2357 σαν,
165 2268 254 2352 ὅπως
283 2301 318 2342 τε
343 2276 379 2341 ἐν
403 2274 518 2360 μέσαις
538 2271 612 2352 ιταῖς
635 2271 772 2343 πόλεσιν
795 2274 851 2341 καὶ
875 2271 940 2340 ἀνά
966 2270 1050 2353 τάςο

57 2370 165 2459 χώρας
184 2369 356 2459 εὐσεβείας
376 2370 450 2452 ένδς
462 2377 522 2442 τοῦ
540 2374 593 2442 ἐπὶ
609 2371 745 2443 πόντων
758 2375 843 2442 θεοῦ
860 2371 1023 2459 συνεστή-

57 2494 157 2542 σαντο
177 2479 401 2543 διδασκαλεῖα.
439 2478 488 2542 30.
510 2479 616 2542 καίτοι
634 2481 682 2554 τίς
700 2470 762 2542 οῦκ
776 2469 817 2540 ἀν
835 2471 1023 2561 θαυμάσειε

56 2574 138 2664 πρὸς
163 2574 283 2660 ἑαυτὸν
308 2572 577 2664 ἐπιλογισάμενος
600 2576 655 2643 καλ
675 2576 881 2662 ἐνθυμηθεὶς
899 2568 943 2654 ῦς
961 2571 1023 2642 οὐκ

10 2709 42 2752 ,τε
55 2674 274 2766 ἀνθρώπινον
297 2667 340 2764 ήν
362 2675 398 2746 τό
422 2674 500 2766 μηδ’
527 2674 643 2747 ἀλλοτε
667 2673 733 2745 ῦπό
752 2682 833 2765 μίαν
862 2672 924 2762 τήν
943 2671 1023 2745 Ῥω-

56 2786 164 2863 μαίων
176 2781 335 2867 γενέσθαι
346 2778 386 2848 τά
398 2788 537 2849 πλεῖστα
550 2783 607 2867 τής
620 2779 816 2866 οίκουμένης
831 2782 926 2864 ἔθνη,
946 2773 1018 2845 ἀλλ’

57 2876 121 2945 ἀπὸ
140 2883 207 2947 τῶν
225 2882 284 2948 τοῦ
296 2877 405 2967 Ἰησοῦ
423 2879 562 2970 χρόνων.
601 2884 651 2948 31.
671 2878 739 2968 ἅμα
758 2877 820 2967 γάρ
839 2885 878 2966 τῇ
899 2885 946 2958 είς
965 2876 1021 2947 ἀν-

55 2976 215 3067 θρώπους
233 2977 336 3049 αὐτοῦ
354 2980 532 3074 παραδόξῳ
552 2984 709 3070 ἐπιδημία
728 2983 783 3048 καὶ
800 2976 839 3048 τά
854 2975 1022 3067 Ῥωμαίων

55 3077 201 3169 ἀκμάσαι
229 3083 438 3170 συνηνέχθη,
469 3079 541 3150 τότε
570 3084 703 3168 πρῶτον
728 3077 926 3169 Αῦγοῦστου
955 3084 1023 3147 τῶν

15 3215 41 3256 30
55 3191 222 3252 πλείστων
236 3184 347 3252 ἐθνῦν
358 3180 639 3272 μοναρχήσαντος,
658 3179 736 3252 καθ’
755 3177 794 3251 δν
807 3177 1022 3267 Κλεοπάτρας

55 3333 258 3341 ῇ--υ-

123 3421 138 3467 3
158 3418 217 3466 ιω.
232 3419 271 3480 τι,
287 3418 327 3466 ιο.
