2326 3818
635 126 783 177 EL'SEBII

224 269 280 335 καὶ
298 267 373 354 μέλι
397 262 452 336 οἶα
466 272 599 354 νηπίοις
614 267 847 354 ἐπηγγέλλετο·
877 262 941 353 ἐγω
961 267 998 336 δὲ
1015 274 1163 356 βασιλεί·

224 364 381 457 οὐρανῶν
397 386 467 449 τοῖς
485 374 566 450 οἵοις
584 396 619 438 τε
636 384 758 458 χωρεῖν
777 371 937 455 προξενῶ.

303 474 351 539 74.
376 473 486 540 Ταῦτα
504 473 559 540 καὶ
576 467 617 540 τά
634 476 769 541 τοιαῦτα
787 468 874 557 δτῆς
892 476 1008 557 καινῆς
1027 469 1155 559 διαθήκ

226 569 321 659 λόγος
341 569 396 641 διά
413 575 471 660 τῆς
489 574 637 661 Χριστοῦ
655 577 873 652 διδασκαλίας
898 574 979 641 πάσι
997 569 1156 660 κατήγγει

222 689 291 756 τοῖς
310 681 455 745 ἔθνεσιν.
504 677 559 742 καὶ
577 678 682 742 ταῦτα
698 662 780 761 ήυιῖ
804 690 872 753 τοῖς
896 669 1001 743 αὐτοῦ
1024 685 1161 762 μαθητα

193 769 240 845 ιδ
259 774 401 866 Χριστὸς
419 778 480 845 τοῦ
497 777 583 845 θεοῦ
607 777 710 844 πᾶσιν
727 790 796 856 τοῖς
820 781 937 845 ἔθνεσι
955 778 1161 863 καταγγέλλε

222 875 386 967 παρήνει,
409 874 518 965 φήσας
540 870 787 966 “πορευθέντες
818 875 1052 965 μαθητεύσατε
1082 876 1131 947 πά

222 979 262 1049 τά
281 985 385 1067 ἔθνη,
405 975 619 1060 διδάσκοντες
637 975 758 1058 αὐτούς
775 996 890 1068 τηρεῖν
915 976 1023 1048 πάντα
1040 975 1104 1048 ὅσα
1123 983 1141 1049 έ

221 1077 381 1168 τειλάμην
398 1074 511 1167 ὖμῑν.”
553 1084 602 1149 75.
623 1075 645 1147 ά
661 1082 717 1149 καὶ
731 1083 835 1149 πᾶσιν
852 1075 1045 1165 άνθράποις
1054 1077 1160 1171 Ἕλλη

222 1184 337 1251 τεκαὶ
361 1179 544 1268 βαρβάροις
574 1179 756 1269 φυλάττειν
786 1178 993 1270 παραδιδοάς
1019 1186 1138 1267 σαφως

222 1285 305 1353 ποτέ
321 1288 411 1353 έστιν
428 1282 445 1352 ὁ
464 1280 723 1372 Χριστιανισμὸς
742 1286 913 1372 ἐξέφηνεν,
932 1290 1020 1364 τίνες
1037 1279 1076 1353 θ’
1096 1282 1143 1372 ῆμ

221 1388 277 1456 καὶ
301 1381 415 1468 ὁποῖος
438 1380 542 1455 ὁτῶν
559 1389 698 1456 τοιῶνδε
717 1381 826 1473 λόγων
849 1412 884 1454 τε
909 1387 964 1454 καὶ
982 1384 1142 1474 μαθημάτ
1152 1426 1163 1449 11

222 1487 438 1576 διδάσκαλος,
464 1485 562 1570 αὐτὸς
581 1486 599 1557 ὃ
618 1486 727 1577 σωτήρ
746 1489 802 1556 καὶ
821 1485 935 1575 κύριος
953 1484 1049 1575 ήμῶν
1064 1484 1144 1575 Ἰησ

220 1584 239 1659 ὁ
257 1588 400 1676 Χριστὸς
417 1594 476 1659 τοῦ
494 1593 592 1676 θεοῦ,
610 1584 628 1657 ὁ
647 1587 709 1676 τήν
727 1586 848 1675 καινήν
865 1586 991 1677 ταύτην
1009 1590 1064 1657 καὶ
1082 1614 1163 1661 παν

221 1718 319 1779 ρετον
329 1697 500 1759 πολιτείαν
514 1686 597 1759 καθ’
616 1687 696 1758 ὅλου
714 1693 774 1759 του
790 1688 1156 1778 κόσμουσυστησάμεν

222 1787 307 1861 ὥστε
335 1797 472 1861 τοιαῦτα
502 1788 692 1880 μανθάνειν
715 1792 771 1860 καὶ
794 1802 995 1880 φιλοσοφεῖν
1017 1790 1062 1881 μή
1086 1790 1163 1881 μόν

220 1891 365 1983 άνδρας,
385 1889 469 1962 άλλά
487 1895 542 1962 καὶ
561 1910 740 1980 γυναῖκας,
760 1901 941 1975 πλουσίους
959 1921 995 1963 τε
1013 1895 1068 1962 καὶ
1086 1897 1152 1964 πέν

219 2023 278 2075 τας
303 1997 358 2065 καὶ
379 1992 521 2074 δούλους
545 1990 612 2083 άμα
636 1993 822 2076 δεσπόταις.
868 2002 917 2064 76.
936 1997 992 2065 καὶ
1011 1994 1078 2085 μήν
1095 1991 1113 2065 ὁ
1132 2026 1151 2067 τ

220 2101 338 2182 καινῆς
355 2093 476 2184 ταύτης
494 2103 696 2184 νομοθεσίας
711 2096 912 2184 είσαγωγεὺς
925 2096 965 2166 τά
980 2094 1088 2166 πάντα
1106 2126 1163 2168 κα

218 2196 277 2267 τὸν
295 2200 447 2279 Μωσέως
471 2195 576 2286 νόμον
602 2201 751 2286 εἰσῆκται
774 2201 1067 2287 πεπολιτευμένος·
1096 2194 1163 2270 δκ

220 2297 301 2370 αὐτὸ
319 2298 505 2388 θαυμάζειν
528 2297 641 2388 άξιον,
667 2296 717 2370 ὅτι
742 2300 784 2389 δή
802 2303 880 2382 νέας
903 2308 1069 2381 πολιτείας
1088 2331 1163 2391 νομ

164 2427 204 2480 [ιε]
219 2405 321 2492 θέτης
338 2404 469 2492 μέλλων
493 2401 778 2492 καταστήσεσθαι,
805 2408 863 2490 τῆς
887 2401 970 2472 κατά
992 2402 1029 2472 τὸ
1048 2400 1163 2492 εὐαγγ

218 2516 291 2576 λιον
311 2502 416 2576 αὐτοῦ
434 2510 551 2593 καινῆς
562 2504 737 2593 διαθήκης,
756 2503 817 2593 οὐχ
832 2503 876 2585 ὡς
895 2501 999 2593 ἐχθρά
1017 2505 1073 2573 καὶ
1093 2508 1152 2575 ένα

215 2613 271 2675 τία
300 2607 340 2676 τά
364 2610 515 2687 Μωσέως
546 2604 773 2696 παρῃτήσατο·
811 2599 833 2693 ῆ
863 2603 927 2693 γάρ
951 2600 994 2675 άν
1023 2611 1156 2695 ένομίσ

217 2703 258 2775 τά
275 2710 415 2795 πολέμια
428 2715 552 2776 Μωσεί
568 2705 819 2796 διατάττεσθαι,
838 2705 925 2777 οὕτω
939 2735 974 2777 τε
988 2703 1030 2778 άν
1048 2712 1103 2777 καὶ
1122 2737 1159 2779 πι

166 2810 336 2896 (εεηρέσχεν
366 2813 423 2897 τῆς
453 2807 536 2877 κατά
559 2810 711 2888 Μωσέως
735 2812 882 2879 καὶτῶν
911 2815 1094 2899 προφητῶν
1117 2838 1154 2881 το

216 2904 331 2991 άθέοις
359 2909 569 3000 αίρεσιοέταις
600 2919 757 2999 πλείστης
787 2918 978 3001 δυσφημίας
1006 2907 1152 2982 ὑπόθεσι

215 3028 285 3093 τοῖς
299 3041 334 3082 τε
348 3016 385 3081 ἐκ
399 3018 574 3103 περιτομῆς
589 3009 728 3100 εὔλογον
740 3017 797 3102 τῆς
812 3009 885 3084 κατ’
902 3010 1006 3083 αὐτοῦ
1018 3035 1145 3085 συσκευ

216 3122 345 3204 αἰτίαν,
363 3123 398 3185 οἳ
414 3113 456 3203 δή
475 3110 518 3196 ιὸς
536 3114 713 3206 παραβάτη
732 3119 788 3186 καλ
812 3113 981 3212 άποστάτη
999 3121 1059 3185 τοῦ
1077 3114 1161 3204 νόμο

216 3217 277 3305 τήν
295 3217 378 3306 πρὸς
395 3216 546 3289 θάνατον
569 3217 750 3308 ἐπιβουλήν
768 3216 858 3312 αὐτῷ
882 3216 1163 3289 συνεσκευάσαντ

324 3369 418 3376 A.-

285 3451 299 3499 τ
317 3449 418 3501 Matth.
430 3453 472 3516 εε,
487 3454 527 3502 19.
