2326 3818
136 139 199 204 266
547 141 696 193 Ευευοῑι

136 283 232 350 θέσει
249 278 346 368 ἡλίου
365 283 420 350 καὶ
437 288 567 351 τελείου
585 277 695 369 φωτδς
709 278 835 370 λύχνου
852 277 945 362 τάξιν
964 283 1109 372 ἐπέχων.

130 377 225 452 “guse
241 383 278 451 δὲ
296 381 431 472 (φησίν)
451 385 635 464 ἐξαυατελοῦ
651 377 778 471 κέρας,”
796 381 857 451 τὸν
869 378 971 451 τόπον
990 389 1112 472 δηλῶν

136 490 221 553 ἔνθα
239 491 391 572 σημαίνει
410 482 468 553 τὸν
475 481 619 573 Χριστόν
632 481 915 571 νενυηθήσεσθαι.
940 487 991 553 27.
1009 481 1109 570 εύξα-

135 589 224 678 μένῳ
242 582 305 672 γὰρ
323 590 370 678 τῷ
384 588 497 673 Δαβὶδ
514 584 573 655 τδυ
590 582 693 655 τόπον
709 588 756 676 τῷ
769 581 931 672 πνεύματι
949 598 1110 675 προθεω·

68 692 234 776 μεηρήσαι
251 690 308 773 τῆς
326 688 488 773 γενέσεως
505 689 565 755 τοῦ
575 689 721 775 Χριστοῦ
734 683 884 774 φήσαντί
898 713 933 755 τε
946 680 1001 755 “el
1018 695 1135 761 eloe-⁶

135 785 295 875 λεύσομαι
314 793 360 865 είς
379 784 537 874 σκήνωμα
554 797 649 856 οίκου
667 815 749 875 μου,
770 793 802 856 εί
818 784 1029 909 ἀναβήσομαι
1050 794 1108 862 ἐπὶ

135 896 250 975 κλίνης
264 889 436 976 στρωμνῆς
449 915 525 974 μου,
545 894 576 957 εί
593 885 727 956 δύσω”
704 914 814 958 υπνον
826 904 895 967 τοῖς
912 883 1108 1015 ὀφθαλμοῖς

134 1018 199 1077 μου
228 990 283 1056 καὶ
310 1003 378 1068 τοῖς
407 985 585 1077 βλεφάροις
613 1016 679 1077 μου
708 986 899 1077 νυσταγμόν
929 989 1037 1058 παῦ’
1017 991 1108 1062 ανοί-
1152 990 1159 999 ’

135 1110 260 1158 παυσιν
282 1104 350 1170 τοϊς
374 1087 552 1177 κροτάφοις
575 1118 656 1179 μου,
682 1093 743 1170 ἕως
767 1080 808 1161 ού
827 1086 912 1177 εῦρω
935 1088 1039 1161 τόπον
1058 1098 1107 1188 τῷ

134 1196 259 1283 κυρίφ,
283 1189 445 1279 σκήνωμα
470 1219 516 1283 τφ
547 1195 620 1284 θεῷ
644 1188 782 1279 Ἰακοόβ”
814 1187 1042 1262 ἀποκαλύπτει
1066 1192 1143 1266 τδιο

133 1302 232 1360 θείου
245 1296 378 1418 πνεῦμα
389 1290 448 1362 τδυ
461 1260 502 1361 ἐύ
509 1293 663 1380 Βηθλεεμ
674 1289 784 1362 τόπον
818 1298 868 1363 28.
884 1289 935 1361 διδ
951 1297 1105 1383 ἐπιφέρει

134 1396 241 1481 λέγων
263 1391 337 1463 28.
339 1388 461 1462 ‘6606'
444 1390 634 1481 ηκούσαμεν
647 1389 753 1480 αῦτήυ
768 1390 826 1463 ἐν’
822 1391 981 1482 Εφραθά,
1001 1393 1105 1487 (αῦτη

108 1496 177 1562 ιδέ
194 1498 283 1564 ἐστιν
300 1493 321 1582 ή
342 1492 507 1582 Βηθλεέμ)
527 1492 667 1583 εὕρομεν
691 1490 798 1581 αῦτήν
822 1498 858 1565 ἐν
881 1510 949 1573 τοίς
973 1502 1105 1580 πεδίοις

132 1600 192 1665 τοῦ
212 1599 350 1685 δρυμοῦ.
395 1592 655 1683 είσελευσόμεθα
682 1602 729 1676 είς
753 1594 793 1664 τά
818 1593 1021 1683 σκηνώματα
1039 1596 1105 1667 αῦ-

133 1700 210 1782 τοῦ,
239 1694 515 1785 προσκυνήσομεν
541 1703 588 1774 είς
614 1695 672 1766 τὸν
695 1695 798 1766 τόπον
829 1686 870 1766 οῦ
900 1705 1047 1784 ἔστησαν
1070 1706 1139 1770 ocu

133 1794 235 1877 πόδες
253 1793 388 1866 αύτοῦ.”
429 1795 562 1877 είκότως
586 1787 648 1866 οῦν
669 1795 751 1885 μετά
768 1789 831 1885 τήν
848 1795 977 1867 τούτων
994 1804 1105 1886 φανέ-

133 1920 238 1985 ρωσιν
253 1899 395 1984 ἐπιλέγει
403 1895 497 1967 “suec
510 1901 690 1980 ἐξαυατελεῦ
707 1901 849 1992 κέρας
818 1906 864 1967 τοῦ
873 1900 998 1986 Δαβίδ,
1012 1895 1104 1988 ἡτοί-

133 2021 221 2086 μασα
244 1996 416 2090 λύχνον
385 2003 431 2066 τοῦ
438 2000 583 2091 Χριστῷ
599 1995 690 2087 μου,’
691 1996 773 2070 ’.29
793 1998 875 2088 τύχα
891 2011 970 2079 ίσως
990 2002 1099 2071 καὶ
1064 2030 1104 2072 το

134 2099 245 2166 ἐπὶ
205 2126 263 2184 της
277 2099 435 2220 Βηθλεέμ
458 2093 658 2187 ἀναληφθὲν
680 2129 726 2194 τῳ
715 2104 877 2194 Χριστῷ
901 2103 995 2189 στῦμα
1013 2099 1101 2174 καθ’

133 2193 285 2288 ἐτέραν’
265 2197 429 2271 νπόνοιαν
447 2209 637 2290 σημαίνων,
664 2203 778 2324 ἐπειδή
799 2201 854 2271 διὰ
870 2205 931 2272 τοῦ
948 2224 1102 2328 σωματος
1115 2234 1141 2275 το

133 2294 178 2381 οῦς
203 2304 249 2369 δι’
274 2298 473 2390 ὀστρακίνου
498 2300 640 2384 σκεύους
665 2300 863 2428 ἐνοικήσασα
895 2308 932 2373 ἐν
961 2331 1054 2373 αυτω
1078 2334 1101 2394 η

132 2409 211 2471 θεία
243 2399 438 2492 δύναμις
415 2433 460 2484 ως
492 2403 547 2473 διὰ
575 2401 700 2493 λύχνου
730 2404 788 2485 τὰς
817 2409 877 2474 τοῦ
910 2411 1011 2474 θείου
1042 2404 1137 2476 καὶ

107 2542 117 2569 e
132 2509 267 2591 λογικοῦ
285 2502 394 2592 φωτός
412 2502 628 2594 μαρμαρυγὰς
647 2512 694 2586 είς
707 2504 833 2586 πάντας
847 2506 1028 2594 ἐξέλαμψεν
1041 2503 1102 2577 ἀν-

132 2603 300 2692 θρύπους.

472 2784 549 2859 ’And
567 2793 627 2859 τοῦ
640 2788 753 2879 Ἀμώς.
1113 2842 1140 2884 5

131 2907 253 2995 Χριστός
262 2910 424 2983 ὀνομαστὶ
409 2913 464 2969 υπὸ
475 2918 525 2971 τοῦ
538 2918 612 2972 θεοῦ
620 2913 894 3004 uoetoeyy8666686093
903 2918 952 2972 καί
964 2917 1101 3000 πᾶσιμέτ

131 2973 296 3048 ἀνθρώποις
306 2980 521 3052 ηνωριζόμενος,
529 2982 560 3039 τὸ
571 2980 762 3048 Ἰουδαίῳνδ’
777 2983 894 3048 ἐθνος’
876 2983 1099 3053 ἀφοσιούμενος.

207 3105 289 3176 30.‘
291 3105 493 3197 ’Ἑτοιμύζου
515 3116 575 3180 τοῦ
598 3110 887 3180 ἐπικαλεῖσθαι
853 3139 912 3181 τον
937 3109 1021 3180 θεὸν
1037 3115 1101 3182 τοῦ

126 3203 274 3295 Ἰσραήλ,
314 3207 398 3278 διότι
430 3207 505 3280 ίδοῦ
536 3214 680 3299 στερεῶν
717 3209 862 3299 βροντήν
892 3214 948 3281 καὶ
978 3219 1100 3296 κτίζων

198 3439 231 3489 τε
248 3439 307 3490 ειη.
319 3441 345 3505 4,
360 3442 401 3494 12.
