2326 3818
147 108 210 171 498
547 106 697 160 υυοοοιι

149 246 253 336 νήσας
271 255 438 337 φαίνεται,
457 245 546 337 πλήν
562 243 647 318 ἀλλά
664 245 728 338 πρδ
745 253 813 318 τῶν
832 243 941 335 λόγων
958 252 1016 337 τῆς
1034 276 1121 341 προ-

150 355 302 438 φητείας·
329 348 410 438 μετὰ
433 347 496 437 γάρ
520 346 658 431 τούτους
682 344 785 419 οὐδέν
808 379 839 419 τι
865 353 1018 421 τοιούτου
1035 349 1119 423 οὐδὲ

149 453 225 542 περὶ
241 448 299 520 τδν
315 445 453 539 Ἰωσήφ,
478 440 566 539 ῆπού
582 478 621 538 γε
639 452 716 542 περὶ
734 447 792 520 τδν
806 447 952 538 Ἰούδαν,
980 450 1119 540 γεγονὸς

147 550 168 640 ῆ
188 556 317 640 ἱστορία
335 558 522 641 παρίστησι,
558 556 608 621 24.
628 554 684 621 καί
701 548 738 622 τδ
751 546 953 622 ’ἀναπεσὼν
973 553 1010 622 δὲ
1030 556 1119 624 ἐκοι-

147 650 258 741 μήθης
277 646 322 734 ἀς
340 653 426 722 λέων
444 655 500 722 καὶ
525 647 568 733 ἀς
587 649 753 741 σκύμνος”
780 659 929 742 μείζονος
947 648 990 723 ἀν
1009 655 1145 730 δέοιτοο

146 749 167 842 ῆ
185 752 268 824 κατὰ
285 752 343 824 τὸν
358 749 489 823 Ἰούδαν
506 759 661 842 θεωρίας.
687 749 771 822 ἀλλά
789 756 845 824 καὶ
862 751 898 824 τδ
912 753 994 843 μετά
1010 760 1118 827 ταῦτα

146 856 321 946 εἰρημένον
333 848 420 923 “obn
440 856 584 938 ἐκλείψει
602 851 714 944 ἀρχων
728 857 761 938 ἐξ
776 851 896 943 Ἰούδα,
915 851 994 927 ούδὲ
1012 854 1117 945 ῆμού-

146 983 244 1045 μενος
263 958 300 1024 ἐκ
316 956 384 1024 τάν
401 957 517 1044 μηρῶν
535 951 655 1044 αύτοῦ,
680 959 741 1036 ἕως
759 949 801 1026 ἀν
820 962 904 1047 ἔλθη
921 954 961 1025 τά
979 954 1118 1028 ἀποκεί-

118 1085 231 1145 ομενα
250 1051 357 1148 αύτῷ,
383 1057 438 1125 καὶ
457 1054 555 1138 αύτδς
579 1062 763 1147 προσδοκία
782 1054 914 1127 ἐθνών’“
941 1057 1020 1139 τούς
1037 1058 1114 1148 χρό-

146 1186 226 1238 νους
244 1162 456 1228 αἰνίττεσθαί
469 1185 525 1247 μοι
544 1162 640 1229 δοκεῖ
653 1162 712 1247 τῆς
738 1164 799 1229 τοῦ
817 1162 1115 1247 προφητευομένου
1130 1197 1157 1237 ιο

145 1265 339 1347 παρουσίας.
375 1257 452 1328 τόδε
469 1257 551 1349 γὰρ,
570 1262 692 1349 φησίν,
711 1257 774 1330 οὐκ
789 1266 891 1348 ἔσται,
911 1258 975 1330 ἔστ’
998 1254 1041 1330 ἀν
1058 1264 1117 1348 γέ-

144 1387 235 1429 νοιτο
257 1358 345 1430 τόδε.
388 1364 440 1431 25.
464 1355 545 1429 ούδὲ
569 1359 633 1451 μάρ
659 1359 822 1449 πρότερον
845 1358 1030 1431 παύσονται
1053 1369 1116 1432 τοῦ

141 1456 314 1531 Ἰουδαίων
333 1467 455 1541 ἔθνους
472 1457 629 1552 ἀρχοντες
653 1464 709 1531 καί
733 1459 912 1551 ἡγούμενοι
930 1456 949 1550 ῆ
968 1461 1029 1549 τῆν
1046 1467 1116 1534 τῶν

145 1565 257 1634 ἐθνῶν
288 1568 493 1651 προσδοκίαν
531 1565 646 1634 ἐλθεῖν
675 1565 731 1633 καὶ
763 1561 803 1633 τδι
833 1559 1036 1652 ἀποκείμενα
1067 1568 1116 1658 τῷ

144 1664 434 1758 προφητευομίνφ.
479 1666 583 1734 ταύτα
603 1664 640 1734 δὲ
657 1662 778 1754 ὁμοίως
795 1681 864 1745 τοῖς
884 1663 1114 1753 ἑβδομήκοντα
1128 1699 1155 1740 15

143 1767 199 1834 καί
225 1760 452 1835 ὁΘεοδοτίων
476 1762 700 1855 ἡρμήνευσεν·
734 1760 752 1834 ὁ
778 1765 815 1833 δὲ
829 1760 969 1844 Ἀκύλας
995 1770 1116 1837 τοῦτον

144 1866 283 1948 ἐξέδωκε
299 1858 359 1937 τδν
375 1863 499 1955 τρόπον
513 1858 597 1934 “ούκ
616 1860 836 1952 ἀναστήσεται
860 1871 1030 1953 σκῆπτρον
1047 1864 1114 1935 ἀπὸ

137 1963 267 2055 Ἰούδα,
287 1969 341 2035 καὶ
360 1960 616 2054 ἀκριβαζόμενος
633 1959 699 2032 ἀπδ
716 1962 838 2050 μεταξύ
862 1967 978 2036 ποδοῖν
996 1960 1113 2055 αὐτοῦ,

118 2070 205 2146 ιέως
231 2063 274 2136 ἀν
298 2073 383 2155 ἔλθη
407 2066 463 2132 καί
487 2061 579 2157 αὐτῷ
601 2061 753 2154 σύστημα
776 2059 900 2134 λαοῖν.”
949 2069 1000 2135 26.
1026 2071 1113 2137 ἔνθα

142 2167 323 2255 λεγομένου
340 2168 403 2235 τοῦ
414 2160 500 2234 “ούκ
514 2167 659 2249 ἐκλείψει
672 2163 785 2257 ἀρχων
799 2169 832 2248 ἐξ
846 2162 988 2254 Ἰούδα,”
1010 2165 1112 2238 πάλιν
1126 2203 1153 2243 νο

74 2043 128 2096 [νου]

141 2265 181 2338 ού
206 2270 283 2359 περὶ
306 2272 367 2337 τού
386 2263 520 2355 Ἰούδα,
538 2265 643 2338 αὐτοῦ
668 2264 710 2357 δῆ
734 2271 866 2338 ἐκείνου
892 2270 955 2337 τού
977 2266 1112 2357 πρώτου

140 2365 280 2462 ἀνδρδς,
305 2365 442 2442 ἀκούειν
466 2368 593 2458 δεήσει,
622 2365 735 2458 ὥσπερ
753 2365 833 2442 ούδδ
846 2367 883 2439 τὸ
896 2363 1049 2458 “Ἰούδα,
1074 2372 1112 2441 σὲ

140 2475 335 2544 αίνέσαισαν
353 2477 388 2542 οί
402 2467 546 2559 ἀδελφοί
563 2467 647 2542 σον”
666 2473 723 2542 καί
742 2469 780 2540 τά
809 2474 883 2558 ἑξῆς
904 2469 956 2539 ἐπ’
981 2474 1111 2543 ἐκεῖνον

139 2571 328 2665 ἀνεφέρετο.
371 2580 539 2652 πλείστοις
563 2570 597 2641 δ’
628 2562 689 2642 ούν
713 2571 844 2663 χρόνοις
874 2568 1030 2662 ἀρχοντες
1055 2576 1112 2643 καὶ

138 2672 317 2763 ῆμούμενοι
340 2676 399 2743 τού
413 2669 586 2745 Ἰουδαίων
603 2679 726 2754 ἔθνους
744 2676 967 2760 κατέστησαν,
992 2671 1055 2742 ούκ
1073 2676 1109 2743 ἐκ
1122 2705 1149 2747 νε

138 2778 196 2860 τῆς
221 2779 353 2843 ἐκείνου
378 2776 441 2843 τού
463 2768 587 2863 ἀνδρὸς
614 2779 781 2863 διαδοχῆς.
824 2779 875 2843 27.
896 2778 1024 2863 πρῶτος
1047 2774 1110 2863 μὲν

139 2871 202 2962 μάρ
212 2877 340 2963 Μωσῆς
354 2871 453 2955 αὐτὸς
466 2871 611 2963 ἡγήσατο
624 2876 685 2945 τού
698 2878 792 2965 λαοῦ,
810 2872 855 2965 μή
869 2878 906 2945 ἐκ
918 2878 980 2947 τού
989 2871 1109 2964 Ἰούδα,

138 2972 212 3043 ἀλλ’
242 2978 277 3045 ἐκ
306 2982 367 3047 τοῦ
391 2978 476 3047 Λευὶ
505 2974 669 3065 γεγονώς,
697 2976 767 3047 εἶτα
789 2973 915 3066 Ἰησοῦς
940 2979 976 3046 ἐκ
1000 2982 1110 3067 φυλῆς

135 3073 293 3167 Ἐφραίμ,
317 3075 395 3168 μεθ’
424 3073 464 3148 δν
486 3067 586 3168 ῆρξεν
610 3074 723 3149 αὐτοῖν
746 3075 914 3168 Δεββύρα
940 3080 975 3148 ἐκ
999 3082 1109 3167 φυλῆς

135 3175 294 3270 Ἐφραῒμ,
313 3181 369 3250 καί
387 3177 501 3269 Βαρδικ
520 3182 556 3250 ἐκ
573 3185 683 3268 φυλῆς
701 3180 921 3269 Νεφθαλείμ,
948 3175 1028 3269 μεθ’
1048 3176 1107 3261 οὓς
1120 3209 1147 3251 ιο

111 3280 275 3351 εΓεδεάν
299 3285 335 3352 ἐκ
358 3285 467 3372 φυλῆς
490 3283 678 3370 Μανασσῆ,
709 3288 822 3352 ἔπειτα
845 3278 863 3351 ὁ
887 3286 946 3350 τοῦ
971 3278 1108 3352 Γεδεοδν

138 3393 228 3468 παῖς,
246 3386 303 3453 καὶ
315 3379 387 3473 μετ’
396 3379 499 3455 αύτδν
514 3379 613 3455 Θωλά
623 3387 660 3455 ἐκ
672 3385 782 3475 φυλῆς
794 3385 852 3473 τῆς
865 3380 980 3472 αὐτῆς,
994 3388 1108 3454 ἔπειτα
