2326 3818
344 113 531 166 υυυοωεε.
544 112 677 164 υνΑΝσ.
696 114 743 164 1v.
763 115 803 165 ιε.
990 111 1052 176 269

312 336 390 409 Ἀπὸ
408 341 477 407 τῶν
490 332 648 426 Ἱερεμίου
665 333 814 427 θρήνων.
1066 381 1119 430 [190]

86 465 209 532 Χριστὸς
233 461 371 533 ὀνομαστὶ
393 460 447 518 ῦπό
469 457 618 518 Ἰουδαίων
642 458 898 533 ἐπιβουλευόμενος
921 465 970 518 καὶ
993 473 1054 528 τοῖς

367 530 484 586 ἔθνεσιν
498 527 763 600 ε’πιγινωσκόμενος.

158 653 322 746 ’Ἥνεῦμα
346 655 526 747 προσώπου
545 655 640 746 ήμῶν
658 654 798 742 Χριστός
822 653 935 744 κύριος
954 679 1055 726 συνε-

59 757 203 848 ελήφθη
228 763 265 828 ἐν
291 776 363 839 ταῖς
388 764 590 846 διαφθοραῖς
615 754 727 826 αῦτῶν
744 747 787 826 οῦ
805 768 941 846 εἴπομεν
960 762 996 826 ἐν
1014 764 1054 846 τή

88 864 164 952 σκιᾷ
184 857 304 948 αὐτοῦ,
325 858 491 949 ζησόμεθα
510 862 547 931 ἐν
563 876 632 940 τοῖς
651 854 822 928 ἔθνεοιν.”

162 967 213 1030 37.
236 967 281 1032 Ολ
302 964 476 1032 θεσπέσιοι
497 963 559 1031 τοῦ
583 963 667 1030 θεοῦ
690 965 858 1049 προφῆται
881 957 917 1028 τό
935 961 1056 1048 μέλλον

86 1071 170 1156 θείφ
202 1061 366 1152 πνεύματι
396 1065 605 1153 συνορῶντες
637 1058 795 1147 ζήσεσθαι
821 1062 883 1150 μὲν
916 1059 1055 1142 ἑαυτοῦς

86 1168 142 1233 καὶ
159 1162 236 1245 τοῦς
256 1167 385 1234 ἑαυτῶν
402 1161 521 1251 λόγους
539 1157 584 1244 ῶς
602 1155 644 1231 ἂν
662 1157 795 1243 ζεόντων
809 1159 1001 1251 ε’νεργήσειν
1020 1167 1057 1232 ἐν

49 1295 74 1334 ιο
87 1282 155 1345 τοῖς
174 1272 329 1351 ἔθνεσιν,
348 1261 423 1333 ἀλλ’
445 1262 508 1332 οῦκ
522 1268 560 1333 ἐν
572 1266 619 1355 τῷ
630 1257 770 1350 Ἰσραήλ,
791 1264 973 1347 ἐθέσπιζον.
998 1261 1084 1333 τόνι

88 1362 232 1452 Χριστόν
249 1363 351 1433 πόλιν
368 1362 543 1453 ὀνομαστὶ,
563 1361 608 1443 ῶς
626 1357 669 1432 ῦν
686 1360 790 1432 αὐτόν
806 1360 887 1432 ὄντα
905 1361 963 1432 τόν
977 1373 1055 1452 Χρι-
1070 1390 1127 1441 [121]

88 1463 166 1534 στόν
184 1462 262 1552 παρ’
289 1455 332 1534 οῦ
355 1466 410 1533 καὶ
433 1462 470 1533 τό
494 1463 702 1555 προφητικὸν
720 1461 832 1544 αὐτοῖς
855 1462 1056 1553 κεχορήγητο

88 1570 236 1654 πνεῦμα,
263 1564 567 1653 συλληφθήσεσθαι
594 1573 743 1653 ἔφασκον
769 1568 804 1634 ἐν
822 1581 894 1646 ταῖς
914 1571 1056 1653 διαφθο-

88 1683 161 1754 ραῖς
180 1663 300 1737 αὐτῶν.
342 1670 393 1736 38.
413 1673 532 1750 τίνων;
556 1660 578 1755 ή
598 1671 701 1754 δήλου
718 1663 768 1734 ότι
785 1670 851 1736 τῶν
870 1670 906 1735 ἐκ
924 1694 1057 1752 περιτο-

49 1797 74 1836 15
88 1771 150 1856 μής
170 1765 458 1855 ἐπιβουλευόντων
476 1763 582 1861 αῦτῶ;
606 1766 699 1856 τήρει
719 1767 757 1836 δὲ
774 1762 949 1837 κάνταῦθα
967 1763 1057 1848 ὅπως

87 1867 104 1938 ὁ
124 1868 220 1958 λόγος
243 1869 302 1940 τόν
325 1867 469 1960 Χριστόν
493 1866 713 1959 προαγορεύει
737 1867 1056 1958 συλληφθήσεσθαι,

87 1969 169 2061 ὅπερ
188 1969 250 2041 οῦκ
268 1966 312 2041 όιυ
329 1969 515 2061 ἐφαρμόσαι
533 1974 574 2060 τή
594 1970 810 2061 δευτέρα-τοῦ
828 1975 972 2060 Χριστοῦ
992 1997 1058 2039 πα-

88 2079 224 2161 ρουσία,
247 2069 291 2158 ἣν
315 2075 453 2153 ἔνδοξον
477 2079 615 2141 ἔσεσθαι
639 2073 695 2140 καὶ
713 2069 794 2160 μετὰ
813 2078 983 2157 βασιλείας
1003 2076 1058 2140 ἐν·

88 2173 172 2240 θέου
197 2170 483 2260 προκηρύττουσιν
509 2179 543 2242 ολ
567 2175 767 2262 προφητικολ
797 2170 897 2259 λόγοι.
942 2170 1057 2262 διόπερ

50 2301 76 2339 νο
90 2271 177 2353 εἰκὸς
194 2268 272 2351 τοῦς
291 2277 327 2340 ἐκ
351 2275 529 2360 περιτομῆς
547 2270 826 2360 ἀποσφάλλεσθαι
848 2271 888 2341 τῦ
906 2275 1058 2362 περὶτῆς

90 2376 247 2463 δευτέρας
271 2375 466 2460 ἐπιφανείας
491 2371 596 2442 αὐτοῦ
620 2371 664 2453 ῶς
689 2373 741 2440 ἐπὶ
767 2370 898 2459 πρῶτης
916 2369 1088 2460 ἆφίξεωςε

90 2470 374 2562 ἐκλαμβάνοντος,
405 2469 560 2562 οὐδαμῶς
590 2478 686 2542 τοῦτο
717 2476 970 2560 συγχωροῦντος
1000 2476 1060 2541 τοῦ

89 2573 205 2664 λόγου·
224 2580 274 2644 39.
287 2577 358 2645 ἐπεὶ
368 2573 413 2664 μή
428 2571 501 2644 οἷόν
515 2577 552 2644 τέ
565 2578 655 2644 ἐστιν
665 2569 753 2662 ὁμοῦ
765 2575 820 2642 καὶ
831 2572 914 2642 κατὰ
928 2571 964 2642 τὸ
978 2568 1059 2649 αῦτό

89 2681 226 2759 ἔνδοξον
244 2672 347 2759 αὐτόν
364 2678 420 2746 καλ
438 2674 560 2759 ἄδοξον
577 2671 821 2762 ὑποτίθεσθαι,
845 2677 900 2743 καὶ
925 2681 1059 2763 ἔντιμον

51 2802 76 2841 νε
89 2779 145 2845 καὶ
164 2781 318 2864 βασιλέα,
343 2781 398 2847 καὶ
425 2778 527 2847 πόλιν
545 2773 607 2846 οῦκ
631 2784 747 2865 ἔχοντα
772 2776 860 2858 εἶδος
878 2775 959 2846 οῦδὲ
978 2776 1059 2846 κόλ-

90 2885 164 2963 λος,
188 2874 260 2945 ἀλλ’
288 2875 405 2966 ἄτιμον
428 2876 518 2967 παρὰ
542 2876 619 2959 τοῦς
637 2875 731 2958 υίοῦς
756 2881 824 2946 τῶν
847 2874 1057 2966 ἆνθρῶπων·

90 2979 145 3046 καὶ
173 2967 273 3058 αὖθις
300 2986 434 3066 σωτῆρα
460 2981 516 3048 καὶ
543 2976 716 3068 λυτρωτήυ
741 2985 800 3048 τοῦ
826 2974 974 3068 Ἰσραήλ,
1002 2982 1058 3048 καὶ

89 3077 191 3148 πόλιν
210 3078 511 3169 ἐπιβουλευόμενον
534 3078 616 3169 πρός
634 3079 762 3167 αὐτῶν,
788 3082 843 3149 καὶ
869 3077 912 3159 ῶς
932 3077 1060 3168 πρόβα-

90 3209 147 3249 τον
167 3183 220 3249 ἐπὶ
239 3178 373 3268 σφαγήν
391 3178 557 3270 ἀγόμενον
574 3177 639 3251 ῶπό
654 3208 688 3250 τε
702 3187 769 3250 τῶν
784 3178 931 3269 ιἰυομιῶυ
946 3177 1058 3249 αὐτῶν

158 3414 174 3461 4
191 3413 248 3462 Jer.
263 3414 340 3463 Lam.
355 3415 379 3475 4,
394 3415 435 3462 20.
