<?xml version="1.0" encoding="UTF-8"?>
<!DOCTYPE html PUBLIC "-//W3C//DTD XHTML 1.0 Transitional//EN"
    "http://www.w3.org/TR/xhtml1/DTD/xhtml1-transitional.dtd">
<html xmlns="http://www.w3.org/1999/xhtml" xml:lang="en" lang="en">
 <head>
  <title>
</title>
<meta http-equiv="Content-Type" content="text/html;charset=utf-8" />
  <meta name='ocr-system' content='tesseract 3.04.00' />
  <meta name='ocr-capabilities' content='ocr_page ocr_carea ocr_par ocr_line ocrx_word'/>
</head>
<body>
  <div class='ocr_page' id='page_1' title='image "./eusebiicaesarie01dindgoog_0572.png"; bbox 0 0 2326 3818; ppageno 0'>
   <div class='ocr_carea' id='block_1_1' title="bbox 328 115 1054 180">
    <p class='ocr_par' dir='ltr' id='par_1_1' title="bbox 328 115 1054 180">
     <span class='ocr_line' id='line_1_1' title="bbox 328 115 1054 180; baseline 0.017 -12"><span class='ocrx_word' id='word_1_1' title='bbox 328 117 513 171; x_wconf 76' lang='grc' dir='ltr'><em>οωωοαοτ.</em></span> <span class='ocrx_word' id='word_1_2' title='bbox 532 118 665 170; x_wconf 66' lang='lat' dir='ltr'><em>mma.</em></span> <span class='ocrx_word' id='word_1_3' title='bbox 684 118 760 171; x_wconf 84' lang='lat' dir='ltr'>v111.</span> <span class='ocrx_word' id='word_1_4' title='bbox 781 119 804 172; x_wconf 89' lang='lat'><em>1.</em></span> <span class='ocrx_word' id='word_1_5' title='bbox 992 115 1054 180; x_wconf 75' lang='grc'><em>497</em></span> 
     </span>
    </p>
   </div>
   <div class='ocr_carea' id='block_1_2' title="bbox 61 251 1080 755">
    <p class='ocr_par' dir='ltr' id='par_1_2' title="bbox 61 251 1080 755">
     <span class='ocr_line' id='line_1_2' title="bbox 87 251 1055 346; baseline -0.003 -16"><span class='ocrx_word' id='word_1_6' title='bbox 87 257 169 330; x_wconf 81' lang='grc' dir='ltr'><em>κατὰ</em></span> <span class='ocrx_word' id='word_1_7' title='bbox 187 256 264 339; x_wconf 87' lang='grc' dir='ltr'><em>τούς</em></span> <span class='ocrx_word' id='word_1_8' title='bbox 283 254 487 346; x_wconf 72' lang='grc' dir='ltr'><strong><em>ὡρισμένους</em></strong></span> <span class='ocrx_word' id='word_1_9' title='bbox 511 251 652 346; x_wconf 87' lang='grc' dir='ltr'><em>χρόνους</em></span> <span class='ocrx_word' id='word_1_10' title='bbox 670 253 949 344; x_wconf 86' lang='grc' dir='ltr'><em>διαλελοιπότων,</em></span> <span class='ocrx_word' id='word_1_11' title='bbox 967 264 1055 346; x_wconf 78' lang='grc' dir='ltr'><em>πρω-</em></span> 
     </span>
     <span class='ocr_line' id='line_1_3' title="bbox 87 355 1056 448; baseline -0.001 -18"><span class='ocrx_word' id='word_1_12' title='bbox 87 389 142 441; x_wconf 90' lang='grc' dir='ltr'><em>τος</em></span> <span class='ocrx_word' id='word_1_13' title='bbox 159 359 221 448; x_wconf 68' lang='grc' dir='ltr'><em>μὲν</em></span> <span class='ocrx_word' id='word_1_14' title='bbox 239 355 450 446; x_wconf 75' lang='grc' dir='ltr'><em>Αὔγουστος,</em></span> <span class='ocrx_word' id='word_1_15' title='bbox 470 355 624 446; x_wconf 86' lang='grc' dir='ltr'><em>δεύτερος</em></span> <span class='ocrx_word' id='word_1_16' title='bbox 644 356 681 426; x_wconf 67' lang='grc' dir='ltr'><em>δὲ</em></span> <span class='ocrx_word' id='word_1_17' title='bbox 704 358 871 447; x_wconf 75' lang='grc' dir='ltr'><em>Τιβέριος,</em></span> <span class='ocrx_word' id='word_1_18' title='bbox 888 357 970 447; x_wconf 81' lang='grc' dir='ltr'><em>μετὰ</em></span> <span class='ocrx_word' id='word_1_19' title='bbox 988 361 1056 429; x_wconf 79' lang='grc' dir='ltr'><em>τῶν</em></span> 
     </span>
     <span class='ocr_line' id='line_1_4' title="bbox 87 454 1080 548; baseline -0.002 -18"><span class='ocrx_word' id='word_1_20' title='bbox 87 459 198 530; x_wconf 87' lang='grc' dir='ltr'><em>άλλων</em></span> <span class='ocrx_word' id='word_1_21' title='bbox 217 461 272 530; x_wconf 81' lang='grc' dir='ltr'><em>καὶ</em></span> <span class='ocrx_word' id='word_1_22' title='bbox 286 462 346 529; x_wconf 85' lang='grc' dir='ltr'><em>τού</em></span> <span class='ocrx_word' id='word_1_23' title='bbox 357 454 529 528; x_wconf 75' lang='grc' dir='ltr'><em>Ἰουδαίων</em></span> <span class='ocrx_word' id='word_1_24' title='bbox 542 455 1055 548; x_wconf 70' lang='grc' dir='ltr'><em>ἐθνουςᾶνηγορεύθησανβασι-</em></span> <span class='ocrx_word' id='word_1_25' title='bbox 1070 501 1080 528; x_wconf 74' lang='lat'>0</span> 
     </span>
     <span class='ocr_line' id='line_1_5' title="bbox 88 556 1056 650; baseline -0.002 -18"><span class='ocrx_word' id='word_1_26' title='bbox 88 572 172 650; x_wconf 82' lang='grc' dir='ltr'><em>λείς,</em></span> <span class='ocrx_word' id='word_1_27' title='bbox 192 566 277 632; x_wconf 78' lang='grc' dir='ltr'><em>οἵτε</em></span> <span class='ocrx_word' id='word_1_28' title='bbox 295 557 379 630; x_wconf 76' lang='grc' dir='ltr'><em>κατὰ</em></span> <span class='ocrx_word' id='word_1_29' title='bbox 395 556 534 639; x_wconf 79' lang='grc' dir='ltr'><em>τούτους</em></span> <span class='ocrx_word' id='word_1_30' title='bbox 556 562 616 646; x_wconf 81' lang='grc' dir='ltr'><em>τῆς</em></span> <span class='ocrx_word' id='word_1_31' title='bbox 629 556 793 640; x_wconf 77' lang='grc' dir='ltr'><em>Ἰουδαίας</em></span> <span class='ocrx_word' id='word_1_32' title='bbox 812 563 983 648; x_wconf 78' lang='grc' dir='ltr'><em>ἐπίτροποι</em></span> <span class='ocrx_word' id='word_1_33' title='bbox 1001 565 1056 630; x_wconf 87' lang='grc' dir='ltr'><em>καὶ</em></span> 
     </span>
     <span class='ocr_line' id='line_1_6' title="bbox 61 655 1056 755; baseline -0.004 -22"><span class='ocrx_word' id='word_1_34' title='bbox 61 660 278 755; x_wconf 82' lang='grc' dir='ltr'><em>ετετράρχαι,</em></span> <span class='ocrx_word' id='word_1_35' title='bbox 302 659 344 732; x_wconf 90' lang='grc' dir='ltr'><em>ού</em></span> <span class='ocrx_word' id='word_1_36' title='bbox 366 656 433 751; x_wconf 79' lang='grc' dir='ltr'><em>μὴν</em></span> <span class='ocrx_word' id='word_1_37' title='bbox 459 655 542 729; x_wconf 77' lang='grc' dir='ltr'><em>άλλόι</em></span> <span class='ocrx_word' id='word_1_38' title='bbox 560 662 616 730; x_wconf 79' lang='grc' dir='ltr'><em>καί</em></span> <span class='ocrx_word' id='word_1_39' title='bbox 628 657 796 751; x_wconf 74' lang='grc' dir='ltr'><em>Ἡρώδης,</em></span> <span class='ocrx_word' id='word_1_40' title='bbox 824 655 869 741; x_wconf 76' lang='grc' dir='ltr'><em>ὥς</em></span> <span class='ocrx_word' id='word_1_41' title='bbox 887 666 973 750; x_wconf 82' lang='grc' dir='ltr'><em>ἔφην</em></span> <span class='ocrx_word' id='word_1_42' title='bbox 992 659 1056 750; x_wconf 84' lang='grc' dir='ltr'><em>ἥδη</em></span> 
     </span>
    </p>
   </div>
   <div class='ocr_carea' id='block_1_3' title="bbox 49 756 1126 3573">
    <p class='ocr_par' dir='ltr' id='par_1_3' title="bbox 49 756 1126 3573">
     <span class='ocr_line' id='line_1_7' title="bbox 87 756 1056 854; baseline -0.003 -20"><span class='ocrx_word' id='word_1_43' title='bbox 87 767 143 835; x_wconf 78' lang='grc' dir='ltr'><em>καὶ</em></span> <span class='ocrx_word' id='word_1_44' title='bbox 167 762 346 854; x_wconf 87' lang='grc' dir='ltr'><em>πρότερον,</em></span> <span class='ocrx_word' id='word_1_45' title='bbox 372 760 412 832; x_wconf 90' lang='grc' dir='ltr'><em>ού</em></span> <span class='ocrx_word' id='word_1_46' title='bbox 437 759 617 851; x_wconf 77' lang='grc' dir='ltr'><em>προσήκων</em></span> <span class='ocrx_word' id='word_1_47' title='bbox 631 756 802 844; x_wconf 76' lang='grc' dir='ltr'><em>Ἰουδαίοις</em></span> <span class='ocrx_word' id='word_1_48' title='bbox 819 761 857 832; x_wconf 86' lang='grc' dir='ltr'><em>τὸ</em></span> <span class='ocrx_word' id='word_1_49' title='bbox 880 790 996 849; x_wconf 89' lang='grc' dir='ltr'><em>γενος,</em></span> <span class='ocrx_word' id='word_1_50' title='bbox 1020 759 1056 843; x_wconf 77' lang='grc' dir='ltr'><em>ὃς</em></span> 
     </span>
     <span class='ocr_line' id='line_1_8' title="bbox 87 858 1056 956; baseline -0.003 -21"><span class='ocrx_word' id='word_1_51' title='bbox 87 867 142 936; x_wconf 82' lang='grc' dir='ltr'><em>καλ</em></span> <span class='ocrx_word' id='word_1_52' title='bbox 170 863 269 947; x_wconf 82' lang='grc' dir='ltr'><em>αὐτὸς</em></span> <span class='ocrx_word' id='word_1_53' title='bbox 295 860 385 956; x_wconf 84' lang='grc' dir='ltr'><em>παρά</em></span> <span class='ocrx_word' id='word_1_54' title='bbox 397 861 567 953; x_wconf 79' lang='grc' dir='ltr'><em>Ῥωμαίων</em></span> <span class='ocrx_word' id='word_1_55' title='bbox 588 861 652 952; x_wconf 77' lang='grc' dir='ltr'><em>τὴν</em></span> <span class='ocrx_word' id='word_1_56' title='bbox 677 861 784 954; x_wconf 78' lang='grc' dir='ltr'><em>ἀρχὴν</em></span> <span class='ocrx_word' id='word_1_57' title='bbox 801 860 863 952; x_wconf 74' lang='grc' dir='ltr'><em>τὴν</em></span> <span class='ocrx_word' id='word_1_58' title='bbox 881 862 963 932; x_wconf 80' lang='grc' dir='ltr'><em>κατὰ</em></span> <span class='ocrx_word' id='word_1_59' title='bbox 978 858 1056 933; x_wconf 87' lang='grc' dir='ltr'><em>Ἰου-</em></span> 
     </span>
     <span class='ocr_line' id='line_1_9' title="bbox 89 961 450 1057; baseline -0.006 -21"><span class='ocrx_word' id='word_1_60' title='bbox 89 973 196 1037; x_wconf 89' lang='grc' dir='ltr'><em>δαίων</em></span> <span class='ocrx_word' id='word_1_61' title='bbox 214 970 434 1057; x_wconf 77' lang='grc' dir='ltr'><em>ἐγχειρίζεται.</em></span> <span class='ocrx_word' id='word_1_62' title='bbox 446 961 450 969; x_wconf 62' lang='grc'>’</span> 
     </span>
     <span class='ocr_line' id='line_1_10' title="bbox 163 1062 1056 1156; baseline -0.002 -18"><span class='ocrx_word' id='word_1_63' title='bbox 163 1073 213 1141; x_wconf 78' lang='lat'><em>20.</em></span> <span class='ocrx_word' id='word_1_64' title='bbox 245 1066 380 1138; x_wconf 80' lang='grc' dir='ltr'><em>Τούτου</em></span> <span class='ocrx_word' id='word_1_65' title='bbox 412 1063 493 1154; x_wconf 78' lang='grc' dir='ltr'><em>ἡμίν</em></span> <span class='ocrx_word' id='word_1_66' title='bbox 521 1068 818 1155; x_wconf 79' lang='grc' dir='ltr'><em>προτετηρημένων</em></span> <span class='ocrx_word' id='word_1_67' title='bbox 851 1063 964 1156; x_wconf 83' lang='grc' dir='ltr'><em>καιρός</em></span> <span class='ocrx_word' id='word_1_68' title='bbox 990 1062 1056 1154; x_wconf 81' lang='grc' dir='ltr'><em>ἤδη</em></span> 
     </span>
     <span class='ocr_line' id='line_1_11' title="bbox 49 1164 1056 1258; baseline 0.002 -23"><span class='ocrx_word' id='word_1_69' title='bbox 49 1197 73 1236; x_wconf 90' lang='grc' dir='ltr'><em>ω</em></span> <span class='ocrx_word' id='word_1_70' title='bbox 87 1180 183 1240; x_wconf 80' lang='grc' dir='ltr'><em>καλεῖ</em></span> <span class='ocrx_word' id='word_1_71' title='bbox 204 1175 262 1258; x_wconf 82' lang='grc' dir='ltr'><em>τῆς</em></span> <span class='ocrx_word' id='word_1_72' title='bbox 288 1175 335 1249; x_wconf 83' lang='grc' dir='ltr'><em>είς</em></span> <span class='ocrx_word' id='word_1_73' title='bbox 361 1164 423 1255; x_wconf 74' lang='grc' dir='ltr'><em>τὴν</em></span> <span class='ocrx_word' id='word_1_74' title='bbox 453 1172 659 1256; x_wconf 90' lang='grc' dir='ltr'><em>προφητείαν</em></span> <span class='ocrx_word' id='word_1_75' title='bbox 682 1174 830 1257; x_wconf 89' lang='grc' dir='ltr'><em>θεωρίας</em></span> <span class='ocrx_word' id='word_1_76' title='bbox 861 1165 1056 1257; x_wconf 73' lang='grc' dir='ltr'><em>ἐφάψασθαι</em></span> 
     </span>
     <span class='ocr_line' id='line_1_12' title="bbox 83 1262 1056 1357; baseline -0.002 -16"><span class='ocrx_word' id='word_1_77' title='bbox 83 1265 214 1357; x_wconf 65' lang='grc' dir='ltr'><em>ΗΙούδα,</em></span> <span class='ocrx_word' id='word_1_78' title='bbox 235 1270 272 1341; x_wconf 73' lang='grc' dir='ltr'><em>σὲ</em></span> <span class='ocrx_word' id='word_1_79' title='bbox 290 1271 486 1339; x_wconf 82' lang='grc' dir='ltr'><em>αίνέσαισαν</em></span> <span class='ocrx_word' id='word_1_80' title='bbox 504 1271 538 1336; x_wconf 90' lang='grc' dir='ltr'><em>οί</em></span> <span class='ocrx_word' id='word_1_81' title='bbox 553 1262 698 1357; x_wconf 81' lang='grc' dir='ltr'><em>ἀδελφοί</em></span> <span class='ocrx_word' id='word_1_82' title='bbox 713 1265 807 1338; x_wconf 87' lang='grc' dir='ltr'><em>σου.”</em></span> <span class='ocrx_word' id='word_1_83' title='bbox 839 1267 971 1338; x_wconf 72' lang='grc' dir='ltr'><em>δυόδεκα</em></span> <span class='ocrx_word' id='word_1_84' title='bbox 989 1275 1056 1339; x_wconf 78' lang='grc' dir='ltr'><em>τῶν</em></span> 
     </span>
     <span class='ocr_line' id='line_1_13' title="bbox 87 1365 1056 1462; baseline -0.004 -21"><span class='ocrx_word' id='word_1_85' title='bbox 87 1368 175 1441; x_wconf 79' lang='grc' dir='ltr'><em>ὅλων</em></span> <span class='ocrx_word' id='word_1_86' title='bbox 188 1366 410 1462; x_wconf 75' lang='grc' dir='ltr'><em>ὑπαρχόντων</em></span> <span class='ocrx_word' id='word_1_87' title='bbox 423 1374 556 1439; x_wconf 85' lang='grc' dir='ltr'><em>παίδων</em></span> <span class='ocrx_word' id='word_1_88' title='bbox 570 1372 616 1461; x_wconf 78' lang='grc' dir='ltr'><em>τῷ</em></span> <span class='ocrx_word' id='word_1_89' title='bbox 631 1366 747 1458; x_wconf 71' lang='grc' dir='ltr'><em>Ἰακώβ</em></span> <span class='ocrx_word' id='word_1_90' title='bbox 761 1370 914 1459; x_wconf 78' lang='grc' dir='ltr'><em>τέταρτος</em></span> <span class='ocrx_word' id='word_1_91' title='bbox 929 1365 1056 1450; x_wconf 85' lang='grc' dir='ltr'><em>Ἰούδας</em></span> 
     </span>
     <span class='ocr_line' id='line_1_14' title="bbox 88 1462 1056 1561; baseline -0.003 -19"><span class='ocrx_word' id='word_1_92' title='bbox 88 1462 147 1561; x_wconf 81' lang='grc' dir='ltr'><em>ἦν,</em></span> <span class='ocrx_word' id='word_1_93' title='bbox 166 1470 211 1554; x_wconf 78' lang='grc' dir='ltr'><em>τός</em></span> <span class='ocrx_word' id='word_1_94' title='bbox 229 1473 285 1542; x_wconf 81' lang='grc' dir='ltr'><em>καὶ</em></span> <span class='ocrx_word' id='word_1_95' title='bbox 297 1469 492 1559; x_wconf 78' lang='grc' dir='ltr'><em>φθάσαντες</em></span> <span class='ocrx_word' id='word_1_96' title='bbox 507 1467 697 1560; x_wconf 81' lang='grc' dir='ltr'><em>εἰρήκαμεν,</em></span> <span class='ocrx_word' id='word_1_97' title='bbox 717 1467 764 1553; x_wconf 79' lang='grc' dir='ltr'><em>εἷς</em></span> <span class='ocrx_word' id='word_1_98' title='bbox 778 1472 833 1541; x_wconf 78' lang='grc' dir='ltr'><em>καὶ</em></span> <span class='ocrx_word' id='word_1_99' title='bbox 848 1465 947 1549; x_wconf 86' lang='grc' dir='ltr'><em>αύτός</em></span> <span class='ocrx_word' id='word_1_100' title='bbox 965 1467 1056 1558; x_wconf 87' lang='grc' dir='ltr'><em>άρχί·</em></span> 
     </span>
     <span class='ocr_line' id='line_1_15' title="bbox 87 1568 1085 1663; baseline -0.004 -21"><span class='ocrx_word' id='word_1_101' title='bbox 87 1583 193 1661; x_wconf 91' lang='grc' dir='ltr'><em>φυλος</em></span> <span class='ocrx_word' id='word_1_102' title='bbox 211 1577 271 1643; x_wconf 81' lang='grc' dir='ltr'><em>τού</em></span> <span class='ocrx_word' id='word_1_103' title='bbox 283 1569 447 1663; x_wconf 77' lang='grc' dir='ltr'><em>Ἑβραίων</em></span> <span class='ocrx_word' id='word_1_104' title='bbox 465 1577 596 1653; x_wconf 78' lang='grc' dir='ltr'><em>ἔθνους.</em></span> <span class='ocrx_word' id='word_1_105' title='bbox 633 1575 684 1642; x_wconf 82' lang='lat'><em>21.</em></span> <span class='ocrx_word' id='word_1_106' title='bbox 704 1568 777 1641; x_wconf 87' lang='grc' dir='ltr'><em>άλλ’</em></span> <span class='ocrx_word' id='word_1_107' title='bbox 798 1568 848 1642; x_wconf 84' lang='grc' dir='ltr'><em>ότι</em></span> <span class='ocrx_word' id='word_1_108' title='bbox 865 1597 904 1659; x_wconf 84' lang='grc' dir='ltr'><em>γε</em></span> <span class='ocrx_word' id='word_1_109' title='bbox 918 1568 980 1641; x_wconf 85' lang='grc' dir='ltr'><em>οὐκ</em></span> <span class='ocrx_word' id='word_1_110' title='bbox 999 1568 1085 1639; x_wconf 58' lang='lat' dir='ltr'><em>acb-&lt;1</em></span> 
     </span>
     <span class='ocr_line' id='line_1_16' title="bbox 50 1668 1056 1764; baseline 0.001 -23"><span class='ocrx_word' id='word_1_111' title='bbox 50 1702 75 1742; x_wconf 83' lang='grc' dir='ltr'><em>ιι</em></span> <span class='ocrx_word' id='word_1_112' title='bbox 87 1673 146 1745; x_wconf 89' lang='grc' dir='ltr'><em>τὸν</em></span> <span class='ocrx_word' id='word_1_113' title='bbox 164 1678 293 1746; x_wconf 79' lang='grc' dir='ltr'><em>ἐκείνου</em></span> <span class='ocrx_word' id='word_1_114' title='bbox 320 1671 407 1764; x_wconf 82' lang='grc' dir='ltr'><em>ἑάρα</em></span> <span class='ocrx_word' id='word_1_115' title='bbox 430 1670 490 1743; x_wconf 87' lang='grc' dir='ltr'><em>τόν</em></span> <span class='ocrx_word' id='word_1_116' title='bbox 511 1668 620 1763; x_wconf 73' lang='grc' dir='ltr'><em>ἄνδρα</em></span> <span class='ocrx_word' id='word_1_117' title='bbox 644 1669 684 1741; x_wconf 86' lang='grc' dir='ltr'><em>τά</em></span> <span class='ocrx_word' id='word_1_118' title='bbox 703 1668 747 1754; x_wconf 73' lang='grc' dir='ltr'><em>οδς</em></span> <span class='ocrx_word' id='word_1_119' title='bbox 769 1670 851 1764; x_wconf 87' lang='grc' dir='ltr'><em>πρός</em></span> <span class='ocrx_word' id='word_1_120' title='bbox 870 1669 973 1742; x_wconf 86' lang='grc' dir='ltr'><em>αύτόν</em></span> <span class='ocrx_word' id='word_1_121' title='bbox 989 1669 1056 1742; x_wconf 84' lang='grc' dir='ltr'><em>ὑπὸ</em></span> 
     </span>
     <span class='ocr_line' id='line_1_17' title="bbox 88 1769 1058 1866; baseline -0.002 -21"><span class='ocrx_word' id='word_1_122' title='bbox 88 1773 288 1866; x_wconf 79' lang='grc' dir='ltr'><em>τοῦπατρὸς</em></span> <span class='ocrx_word' id='word_1_123' title='bbox 316 1776 473 1866; x_wconf 76' lang='grc' dir='ltr'><em>εἰρημένα</em></span> <span class='ocrx_word' id='word_1_124' title='bbox 497 1773 601 1861; x_wconf 67' lang='grc' dir='ltr'><em>σαφὲς</em></span> <span class='ocrx_word' id='word_1_125' title='bbox 625 1769 812 1862; x_wconf 78' lang='grc' dir='ltr'><em>διαγένοιτο</em></span> <span class='ocrx_word' id='word_1_126' title='bbox 835 1791 903 1857; x_wconf 78' lang='grc' dir='ltr'><em>τοῖς</em></span> <span class='ocrx_word' id='word_1_127' title='bbox 923 1772 1058 1862; x_wconf 77' lang='grc' dir='ltr'><em>ἐπιστη-</em></span> 
     </span>
     <span class='ocr_line' id='line_1_18' title="bbox 87 1874 1057 1967; baseline -0.002 -20"><span class='ocrx_word' id='word_1_128' title='bbox 87 1900 165 1949; x_wconf 93' lang='grc' dir='ltr'><em>σασι</em></span> <span class='ocrx_word' id='word_1_129' title='bbox 177 1895 248 1960; x_wconf 79' lang='grc' dir='ltr'><em>ταῖς</em></span> <span class='ocrx_word' id='word_1_130' title='bbox 262 1880 369 1962; x_wconf 73' lang='grc' dir='ltr'><em>λέξεσι</em></span> <span class='ocrx_word' id='word_1_131' title='bbox 381 1880 440 1966; x_wconf 74' lang='grc' dir='ltr'><em>τῆς</em></span> <span class='ocrx_word' id='word_1_132' title='bbox 450 1883 547 1957; x_wconf 88' lang='grc' dir='ltr'><em>θείας</em></span> <span class='ocrx_word' id='word_1_133' title='bbox 561 1880 703 1967; x_wconf 78' lang='grc' dir='ltr'><em>γραφῆς,</em></span> <span class='ocrx_word' id='word_1_134' title='bbox 722 1883 854 1966; x_wconf 76' lang='grc' dir='ltr'><em>πρῶτον</em></span> <span class='ocrx_word' id='word_1_135' title='bbox 867 1881 925 1946; x_wconf 85' lang='grc' dir='ltr'><em>τοῦ</em></span> <span class='ocrx_word' id='word_1_136' title='bbox 939 1874 1057 1963; x_wconf 76' lang='grc' dir='ltr'><em>Ἰακώβ</em></span> 
     </span>
     <span class='ocr_line' id='line_1_19' title="bbox 87 1973 1057 2071; baseline -0.004 -21"><span class='ocrx_word' id='word_1_137' title='bbox 87 1979 170 2071; x_wconf 76' lang='grc' dir='ltr'><em>πρὸς</em></span> <span class='ocrx_word' id='word_1_138' title='bbox 187 1980 264 2061; x_wconf 86' lang='grc' dir='ltr'><em>τούς</em></span> <span class='ocrx_word' id='word_1_139' title='bbox 282 1977 378 2060; x_wconf 86' lang='grc' dir='ltr'><em>υίούς</em></span> <span class='ocrx_word' id='word_1_140' title='bbox 394 1981 511 2067; x_wconf 80' lang='grc' dir='ltr'><em>φωνῆς</em></span> <span class='ocrx_word' id='word_1_141' title='bbox 538 1975 700 2066; x_wconf 78' lang='grc' dir='ltr'><em>λεγούσης</em></span> <span class='ocrx_word' id='word_1_142' title='bbox 713 1973 872 2048; x_wconf 81' lang='grc' dir='ltr'><em>“ίκάλεσε</em></span> <span class='ocrx_word' id='word_1_143' title='bbox 890 1979 927 2048; x_wconf 68' lang='grc' dir='ltr'><em>δὲ</em></span> <span class='ocrx_word' id='word_1_144' title='bbox 941 1974 1057 2064; x_wconf 81' lang='grc' dir='ltr'><em>Ἰακύβ</em></span> 
     </span>
     <span class='ocr_line' id='line_1_20' title="bbox 87 2075 1057 2170; baseline -0.002 -19"><span class='ocrx_word' id='word_1_145' title='bbox 87 2078 166 2162; x_wconf 84' lang='grc' dir='ltr'><em>τούς</em></span> <span class='ocrx_word' id='word_1_146' title='bbox 183 2079 280 2161; x_wconf 82' lang='grc' dir='ltr'><em>υίούς</em></span> <span class='ocrx_word' id='word_1_147' title='bbox 298 2080 414 2166; x_wconf 86' lang='grc' dir='ltr'><em>αύτού,</em></span> <span class='ocrx_word' id='word_1_148' title='bbox 432 2083 487 2149; x_wconf 82' lang='grc' dir='ltr'><em>καί</em></span> <span class='ocrx_word' id='word_1_149' title='bbox 506 2079 589 2166; x_wconf 79' lang='grc' dir='ltr'><em>εἷπε,</em></span> <span class='ocrx_word' id='word_1_150' title='bbox 608 2077 801 2169; x_wconf 80' lang='grc' dir='ltr'><em>συνάχθητε</em></span> <span class='ocrx_word' id='word_1_151' title='bbox 816 2083 871 2150; x_wconf 81' lang='grc' dir='ltr'><em>καὶ</em></span> <span class='ocrx_word' id='word_1_152' title='bbox 884 2075 1057 2170; x_wconf 83' lang='grc' dir='ltr'><em>άναγγελιό</em></span> 
     </span>
     <span class='ocr_line' id='line_1_21' title="bbox 49 2176 1055 2271; baseline 0.003 -23"><span class='ocrx_word' id='word_1_153' title='bbox 49 2209 75 2249; x_wconf 77' lang='grc' dir='ltr'><em>το</em></span> <span class='ocrx_word' id='word_1_154' title='bbox 87 2178 182 2268; x_wconf 77' lang='grc' dir='ltr'><em>ὑμῖν,</em></span> <span class='ocrx_word' id='word_1_155' title='bbox 201 2189 236 2249; x_wconf 89' lang='grc' dir='ltr'><em>τί</em></span> <span class='ocrx_word' id='word_1_156' title='bbox 250 2179 332 2269; x_wconf 84' lang='grc' dir='ltr'><em>ύμῖν</em></span> <span class='ocrx_word' id='word_1_157' title='bbox 349 2177 573 2267; x_wconf 80' lang='grc' dir='ltr'><em>ἀπαντήσεται</em></span> <span class='ocrx_word' id='word_1_158' title='bbox 589 2176 643 2259; x_wconf 80' lang='grc' dir='ltr'><em>ἐπ’</em></span> <span class='ocrx_word' id='word_1_159' title='bbox 664 2179 804 2268; x_wconf 79' lang='grc' dir='ltr'><em>ἐσχάτου</em></span> <span class='ocrx_word' id='word_1_160' title='bbox 824 2186 891 2251; x_wconf 78' lang='grc' dir='ltr'><em>τῶν</em></span> <span class='ocrx_word' id='word_1_161' title='bbox 904 2176 1055 2271; x_wconf 79' lang='grc' dir='ltr'><em>ἡμερῶν·</em></span> 
     </span>
     <span class='ocr_line' id='line_1_22' title="bbox 87 2277 1057 2370; baseline 0.002 -22"><span class='ocrx_word' id='word_1_162' title='bbox 87 2277 296 2370; x_wconf 84' lang='grc' dir='ltr'><em>άθροίσθητε</em></span> <span class='ocrx_word' id='word_1_163' title='bbox 331 2282 387 2350; x_wconf 80' lang='grc' dir='ltr'><em>καὶ</em></span> <span class='ocrx_word' id='word_1_164' title='bbox 422 2278 587 2350; x_wconf 87' lang='grc' dir='ltr'><em>ιἰκούσατε</em></span> <span class='ocrx_word' id='word_1_165' title='bbox 623 2282 691 2350; x_wconf 79' lang='grc' dir='ltr'><em>υίολ</em></span> <span class='ocrx_word' id='word_1_166' title='bbox 718 2279 835 2370; x_wconf 77' lang='grc' dir='ltr'><em>Ἰακοδβ</em></span> <span class='ocrx_word' id='word_1_167' title='bbox 847 2336 855 2369; x_wconf 93' lang='grc'><em>,</em></span> <span class='ocrx_word' id='word_1_168' title='bbox 893 2279 1057 2351; x_wconf 88' lang='grc' dir='ltr'><em>άκούσατε</em></span> 
     </span>
     <span class='ocr_line' id='line_1_23' title="bbox 84 2374 1058 2473; baseline -0.003 -21"><span class='ocrx_word' id='word_1_169' title='bbox 84 2377 213 2473; x_wconf 80' lang='grc' dir='ltr'><em>Ἰσραὴλ</em></span> <span class='ocrx_word' id='word_1_170' title='bbox 231 2383 291 2451; x_wconf 81' lang='grc' dir='ltr'><em>τοῦ</em></span> <span class='ocrx_word' id='word_1_171' title='bbox 308 2377 431 2466; x_wconf 86' lang='grc' dir='ltr'><em>πατρός</em></span> <span class='ocrx_word' id='word_1_172' title='bbox 447 2374 576 2468; x_wconf 79' lang='grc' dir='ltr'><em>ύμύν.”</em></span> <span class='ocrx_word' id='word_1_173' title='bbox 613 2386 665 2449; x_wconf 79' lang='grc'><em>22.</em></span> <span class='ocrx_word' id='word_1_174' title='bbox 684 2384 799 2468; x_wconf 71' lang='grc' dir='ltr'><em>σαφεῖς</em></span> <span class='ocrx_word' id='word_1_175' title='bbox 813 2381 877 2469; x_wconf 89' lang='grc' dir='ltr'><em>γάρ</em></span> <span class='ocrx_word' id='word_1_176' title='bbox 896 2385 1058 2468; x_wconf 81' lang='grc' dir='ltr'><em>ἐπαγγέλ-</em></span> 
     </span>
     <span class='ocr_line' id='line_1_24' title="bbox 89 2476 1057 2572; baseline -0.003 -20"><span class='ocrx_word' id='word_1_177' title='bbox 89 2492 179 2553; x_wconf 90' lang='grc' dir='ltr'><em>λεται</em></span> <span class='ocrx_word' id='word_1_178' title='bbox 197 2480 422 2572; x_wconf 84' lang='grc' dir='ltr'><em>προφητεύειν</em></span> <span class='ocrx_word' id='word_1_179' title='bbox 446 2476 558 2562; x_wconf 83' lang='grc' dir='ltr'><em>αύτοῖς</em></span> <span class='ocrx_word' id='word_1_180' title='bbox 575 2480 615 2551; x_wconf 82' lang='grc' dir='ltr'><em>τά</em></span> <span class='ocrx_word' id='word_1_181' title='bbox 638 2481 799 2570; x_wconf 78' lang='grc' dir='ltr'><em>μέλλοντα</em></span> <span class='ocrx_word' id='word_1_182' title='bbox 818 2478 930 2562; x_wconf 73' lang='grc' dir='ltr'><em>αὐτοῖς</em></span> <span class='ocrx_word' id='word_1_183' title='bbox 948 2479 1057 2550; x_wconf 86' lang='grc' dir='ltr'><em>άπαν-</em></span> 
     </span>
     <span class='ocr_line' id='line_1_25' title="bbox 87 2579 1057 2674; baseline -0.003 -21"><span class='ocrx_word' id='word_1_184' title='bbox 87 2582 252 2673; x_wconf 81' lang='grc' dir='ltr'><em>τήσεσθαι</em></span> <span class='ocrx_word' id='word_1_185' title='bbox 283 2599 421 2674; x_wconf 76' lang='grc' dir='ltr'><em>μακροῖς</em></span> <span class='ocrx_word' id='word_1_186' title='bbox 451 2580 592 2673; x_wconf 83' lang='grc' dir='ltr'><em>ὕστερον</em></span> <span class='ocrx_word' id='word_1_187' title='bbox 623 2581 754 2674; x_wconf 85' lang='grc' dir='ltr'><em>χρόνοις</em></span> <span class='ocrx_word' id='word_1_188' title='bbox 784 2583 857 2664; x_wconf 77' lang='grc' dir='ltr'><em>καὶ,</em></span> <span class='ocrx_word' id='word_1_189' title='bbox 889 2579 932 2662; x_wconf 81' lang='grc' dir='ltr'><em>ὡς</em></span> <span class='ocrx_word' id='word_1_190' title='bbox 958 2579 1057 2662; x_wconf 84' lang='grc' dir='ltr'><em>αὐτός</em></span> 
     </span>
     <span class='ocr_line' id='line_1_26' title="bbox 50 2681 1057 2778; baseline -0.002 -25"><span class='ocrx_word' id='word_1_191' title='bbox 50 2713 76 2754; x_wconf 82' lang='grc' dir='ltr'><em>ω</em></span> <span class='ocrx_word' id='word_1_192' title='bbox 89 2707 211 2775; x_wconf 91' lang='grc' dir='ltr'><em>φησιν,</em></span> <span class='ocrx_word' id='word_1_193' title='bbox 238 2682 290 2756; x_wconf 79' lang='grc' dir='ltr'><em>ἐπ’</em></span> <span class='ocrx_word' id='word_1_194' title='bbox 318 2683 455 2776; x_wconf 79' lang='grc' dir='ltr'><em>ἐσχάτου</em></span> <span class='ocrx_word' id='word_1_195' title='bbox 478 2688 546 2755; x_wconf 75' lang='grc' dir='ltr'><em>τῶν</em></span> <span class='ocrx_word' id='word_1_196' title='bbox 569 2682 712 2778; x_wconf 78' lang='grc' dir='ltr'><em>ἡμερῶν.</em></span> <span class='ocrx_word' id='word_1_197' title='bbox 757 2686 812 2755; x_wconf 79' lang='grc' dir='ltr'><em>καί</em></span> <span class='ocrx_word' id='word_1_198' title='bbox 831 2681 938 2764; x_wconf 87' lang='grc' dir='ltr'><em>άλλως</em></span> <span class='ocrx_word' id='word_1_199' title='bbox 964 2684 1000 2753; x_wconf 70' lang='grc' dir='ltr'><em>δὲ</em></span> <span class='ocrx_word' id='word_1_200' title='bbox 1018 2681 1057 2752; x_wconf 85' lang='grc' dir='ltr'><em>τά</em></span> 
     </span>
     <span class='ocr_line' id='line_1_27' title="bbox 89 2780 1057 2878; baseline -0.001 -22"><span class='ocrx_word' id='word_1_201' title='bbox 89 2786 134 2868; x_wconf 75' lang='grc' dir='ltr'><em>ὡς</em></span> <span class='ocrx_word' id='word_1_202' title='bbox 152 2785 235 2878; x_wconf 82' lang='grc' dir='ltr'><em>πρός</em></span> <span class='ocrx_word' id='word_1_203' title='bbox 252 2784 311 2857; x_wconf 85' lang='grc' dir='ltr'><em>τόν</em></span> <span class='ocrx_word' id='word_1_204' title='bbox 324 2785 457 2857; x_wconf 88' lang='grc' dir='ltr'><em>Ἰούδαν</em></span> <span class='ocrx_word' id='word_1_205' title='bbox 476 2791 634 2877; x_wconf 80' lang='grc' dir='ltr'><em>εἰρημένα</em></span> <span class='ocrx_word' id='word_1_206' title='bbox 652 2782 714 2858; x_wconf 92' lang='grc' dir='ltr'><em>ούκ</em></span> <span class='ocrx_word' id='word_1_207' title='bbox 732 2780 774 2856; x_wconf 83' lang='grc' dir='ltr'><em>άν</em></span> <span class='ocrx_word' id='word_1_208' title='bbox 794 2785 938 2875; x_wconf 83' lang='grc' dir='ltr'><em>εὐλόγως</em></span> <span class='ocrx_word' id='word_1_209' title='bbox 957 2789 1057 2874; x_wconf 81' lang='grc' dir='ltr'><em>ἐφαρ-</em></span> 
     </span>
     <span class='ocr_line' id='line_1_28' title="bbox 88 2884 1058 2981; baseline 0.001 -25"><span class='ocrx_word' id='word_1_210' title='bbox 88 2884 201 2975; x_wconf 87' lang='grc' dir='ltr'><em>μόσειε</em></span> <span class='ocrx_word' id='word_1_211' title='bbox 218 2894 264 2980; x_wconf 80' lang='grc' dir='ltr'><em>τῷ</em></span> <span class='ocrx_word' id='word_1_212' title='bbox 289 2885 410 2980; x_wconf 81' lang='grc' dir='ltr'><em>πρύτφ</em></span> <span class='ocrx_word' id='word_1_213' title='bbox 430 2891 546 2981; x_wconf 79' lang='grc' dir='ltr'><em>ἐκείνῳ</em></span> <span class='ocrx_word' id='word_1_214' title='bbox 564 2887 674 2980; x_wconf 89' lang='grc' dir='ltr'><em>άνδρί.</em></span> <span class='ocrx_word' id='word_1_215' title='bbox 712 2893 762 2958; x_wconf 80' lang='grc'><em>23.</em></span> <span class='ocrx_word' id='word_1_216' title='bbox 783 2884 825 2959; x_wconf 90' lang='grc' dir='ltr'><em>ού</em></span> <span class='ocrx_word' id='word_1_217' title='bbox 843 2885 908 2978; x_wconf 85' lang='grc' dir='ltr'><em>γάρ</em></span> <span class='ocrx_word' id='word_1_218' title='bbox 929 2893 1058 2959; x_wconf 76' lang='grc' dir='ltr'><em>ἐκεῖνον</em></span> 
     </span>
     <span class='ocr_line' id='line_1_29' title="bbox 88 2984 1058 3084; baseline 0 -26"><span class='ocrx_word' id='word_1_219' title='bbox 88 2986 147 3058; x_wconf 83' lang='grc' dir='ltr'><em>τὸν</em></span> <span class='ocrx_word' id='word_1_220' title='bbox 161 2984 292 3058; x_wconf 90' lang='grc' dir='ltr'><em>Ἰούδαν</em></span> <span class='ocrx_word' id='word_1_221' title='bbox 310 2985 435 3078; x_wconf 83' lang='grc' dir='ltr'><em>ᾔνεσαν</em></span> <span class='ocrx_word' id='word_1_222' title='bbox 453 2994 488 3059; x_wconf 82' lang='grc' dir='ltr'><em>οί</em></span> <span class='ocrx_word' id='word_1_223' title='bbox 503 2985 660 3079; x_wconf 88' lang='grc' dir='ltr'><em>άδελφοί·</em></span> <span class='ocrx_word' id='word_1_224' title='bbox 695 2991 748 3060; x_wconf 84' lang='grc' dir='ltr'><em>ἐπὶ</em></span> <span class='ocrx_word' id='word_1_225' title='bbox 767 2997 852 3084; x_wconf 79' lang='grc' dir='ltr'><em>ποίῳ</em></span> <span class='ocrx_word' id='word_1_226' title='bbox 871 2987 933 3081; x_wconf 89' lang='grc' dir='ltr'><em>γάρ</em></span> <span class='ocrx_word' id='word_1_227' title='bbox 953 2986 1058 3060; x_wconf 79' lang='grc' dir='ltr'><em>αὐτοῦ</em></span> 
     </span>
     <span class='ocr_line' id='line_1_30' title="bbox 89 3087 1058 3182; baseline -0.001 -22"><span class='ocrx_word' id='word_1_228' title='bbox 89 3087 322 3180; x_wconf 76' lang='grc' dir='ltr'><em>κατορθώματι</em></span> <span class='ocrx_word' id='word_1_229' title='bbox 344 3097 442 3161; x_wconf 83' lang='grc' dir='ltr'><em>τοῦτο</em></span> <span class='ocrx_word' id='word_1_230' title='bbox 470 3094 631 3180; x_wconf 79' lang='grc' dir='ltr'><em>ἐποίησαν</em></span> <span class='ocrx_word' id='word_1_231' title='bbox 653 3087 712 3177; x_wconf 82' lang='grc' dir='ltr'><em>άν;</em></span> <span class='ocrx_word' id='word_1_232' title='bbox 743 3089 824 3163; x_wconf 74' lang='grc' dir='ltr'><em>οὐδὲ</em></span> <span class='ocrx_word' id='word_1_233' title='bbox 847 3090 913 3182; x_wconf 78' lang='grc' dir='ltr'><em>μὴν</em></span> <span class='ocrx_word' id='word_1_234' title='bbox 941 3096 1058 3182; x_wconf 81' lang='grc' dir='ltr'><em>ἐκείνῳ</em></span> 
     </span>
     <span class='ocr_line' id='line_1_31' title="bbox 51 3186 1058 3284; baseline -0.004 -20"><span class='ocrx_word' id='word_1_235' title='bbox 51 3190 349 3284; x_wconf 79' lang='grc' dir='ltr'><em>ωπροσεκύνησαν</em></span> <span class='ocrx_word' id='word_1_236' title='bbox 371 3197 407 3262; x_wconf 88' lang='grc' dir='ltr'><em>οί</em></span> <span class='ocrx_word' id='word_1_237' title='bbox 428 3195 496 3264; x_wconf 80' lang='grc' dir='ltr'><em>υίολ</em></span> <span class='ocrx_word' id='word_1_238' title='bbox 520 3197 580 3263; x_wconf 83' lang='grc' dir='ltr'><em>τοῦ</em></span> <span class='ocrx_word' id='word_1_239' title='bbox 606 3190 737 3284; x_wconf 83' lang='grc' dir='ltr'><em>πατρός.</em></span> <span class='ocrx_word' id='word_1_240' title='bbox 782 3197 909 3283; x_wconf 82' lang='grc' dir='ltr'><em>μάλλον</em></span> <span class='ocrx_word' id='word_1_241' title='bbox 928 3190 958 3262; x_wconf 90' lang='grc' dir='ltr'><em>δ’</em></span> <span class='ocrx_word' id='word_1_242' title='bbox 981 3186 1058 3260; x_wconf 81' lang='grc' dir='ltr'><em>άνό</em></span> 
     </span>
     <span class='ocr_line' id='line_1_32' title="bbox 90 3291 1126 3389; baseline 0 -26"><span class='ocrx_word' id='word_1_243' title='bbox 90 3292 186 3382; x_wconf 90' lang='grc' dir='ltr'><em>λόγος</em></span> <span class='ocrx_word' id='word_1_244' title='bbox 208 3293 371 3386; x_wconf 81' lang='grc' dir='ltr'><em>ἥρμοσεν,</em></span> <span class='ocrx_word' id='word_1_245' title='bbox 396 3300 427 3365; x_wconf 86' lang='grc' dir='ltr'><em>εί</em></span> <span class='ocrx_word' id='word_1_246' title='bbox 448 3299 494 3389; x_wconf 76' lang='grc' dir='ltr'><em>τῷ</em></span> <span class='ocrx_word' id='word_1_247' title='bbox 509 3291 629 3385; x_wconf 77' lang='grc' dir='ltr'><em>Ἰωσὴφ</em></span> <span class='ocrx_word' id='word_1_248' title='bbox 648 3305 758 3385; x_wconf 79' lang='grc' dir='ltr'><em>εἴρητο</em></span> <span class='ocrx_word' id='word_1_249' title='bbox 765 3348 775 3383; x_wconf 88' lang='grc'><em>,</em></span> <span class='ocrx_word' id='word_1_250' title='bbox 801 3291 915 3382; x_wconf 73' lang='grc' dir='ltr'><em>ἐπειδὴ</em></span> <span class='ocrx_word' id='word_1_251' title='bbox 939 3296 1057 3363; x_wconf 81' lang='grc' dir='ltr'><em>τοῦτον</em></span> <span class='ocrx_word' id='word_1_252' title='bbox 1072 3321 1126 3372; x_wconf 77' lang='grc' dir='ltr'><em>[ειη</em></span> 
     </span>
     <span class='ocr_line' id='line_1_33' title="bbox 89 3391 1059 3488; baseline 0.001 -24"><span class='ocrx_word' id='word_1_253' title='bbox 89 3392 157 3484; x_wconf 75' lang='grc' dir='ltr'><em>ἅμα</em></span> <span class='ocrx_word' id='word_1_254' title='bbox 174 3412 243 3478; x_wconf 82' lang='grc' dir='ltr'><em>τοῖς</em></span> <span class='ocrx_word' id='word_1_255' title='bbox 261 3405 388 3480; x_wconf 76' lang='grc' dir='ltr'><em>λοιποῖς</em></span> <span class='ocrx_word' id='word_1_256' title='bbox 407 3391 565 3487; x_wconf 85' lang='grc' dir='ltr'><em>άδελφοῑς</em></span> <span class='ocrx_word' id='word_1_257' title='bbox 583 3399 638 3467; x_wconf 77' lang='grc' dir='ltr'><em>καὶ</em></span> <span class='ocrx_word' id='word_1_258' title='bbox 656 3393 754 3479; x_wconf 80' lang='grc' dir='ltr'><em>αὐτὸς</em></span> <span class='ocrx_word' id='word_1_259' title='bbox 769 3394 896 3479; x_wconf 86' lang='grc' dir='ltr'><em>Ἰούδας</em></span> <span class='ocrx_word' id='word_1_260' title='bbox 914 3419 1059 3488; x_wconf 88' lang='grc' dir='ltr'><em>προσκυ·</em></span> 
     </span>
     <span class='ocr_line' id='line_1_34' title="bbox 139 3511 897 3573; baseline 0.001 -14"><span class='ocrx_word' id='word_1_261' title='bbox 139 3525 279 3564; x_wconf 76' lang='grc' dir='ltr'><em>ευτιιοιοε</em></span> <span class='ocrx_word' id='word_1_262' title='bbox 299 3528 347 3567; x_wconf 84' lang='lat'>111.</span> <span class='ocrx_word' id='word_1_263' title='bbox 855 3511 897 3573; x_wconf 77' lang='lat'><em>32</em></span> 
     </span>
    </p>
   </div>
   <div class='ocr_carea' id='block_1_4' title="bbox 0 0 1170 3818">
    <p class='ocr_par' dir='ltr' id='par_1_4' title="bbox 0 0 1170 3818">
     <span class='ocr_line' id='line_1_35' title="bbox 0 0 1170 3818; baseline 0 0"><span class='ocrx_word' id='word_1_264' title='bbox 0 0 1170 3818; x_wconf 95' lang='lat' dir='ltr'><em> </em></span> 
     </span>
    </p>
   </div>
  </div>
 </body>
</html>
