2326 3818
328 116 776 168 οευουευ.ονιασ.νιι.
972 115 1031 179 351

392 333 471 407 Ἀπό
494 341 634 424 Ψαλμοῦ
652 336 703 421 ιζ’.
1046 363 1099 413 (ιιε)

69 467 143 521 Θεοῦ
162 466 204 528 είς
222 461 395 534 ἀνθρώπους
412 459 539 587 ἀφίξεμὲ
556 462 678 546 θήλωσις
695 464 743 519 καὶ
761 461 808 519 ἐπὶ
825 462 916 534 ταότη
934 471 1031 535 κλῆσις

538 553 605 587 WW·

144 658 166 728 Ι.
181 656 272 729 “Kal
290 665 421 728 ἔκλινεν
443 653 608 749 οάρανοός
632 658 688 726 καὶ
712 658 853 747 κατέβη,
881 660 937 727 καὶ
955 658 1034 746 γνό-

40 788 130 847 εφος
146 755 213 830 όπό
230 757 309 842 τούς
326 756 485 841 πόδας’
445 762 566 848 αυτου,
585 761 641 828 καὶ
660 760 761 847 ἐπέβη
777 762 830 828 ἐπὶ
849 762 1032 850 Χερουβὶμ,

66 864 123 930 καλ
140 859 325 949 ἐπετάσθη,
345 857 512 949 ἐπετάσθη
530 862 585 930 ἐπὶ
602 858 777 960 πτερύγων
800 856 950 986 ἀνίμων,
977 864 1060 931 καὶυ
1143 934 1149 940 ,

66 969 162 1086 ἔθετο
176 961 292 1045 σκότος
306 958 507 1052 ἀποκρυφὴυ
520 957 636 1049 αὑτοῦ,
650 960 763 1055 κύκλῳ
776 960 880 1032 αὐτοῦ
893 959 913 1052 ἡ
927 961 1033 1052 σκηνὴ

65 1061 203 1134 αὐτοῦ.”

140 1170 169 1233 2.
191 1163 353 1252 Ἡγοῠμαι
379 1161 434 1232 διὰ
451 1160 581 1231 τούτων
599 1158 756 1251 α”ντικρυς
779 1168 864 1232 θεοῦ
882 1164 1032 1236 κάθοδον

26 1301 51 1339 ιο
64 1261 254 1353 οὐρανόθεν
272 1270 514 1353 παρίστασθαι·
542 1262 712 1351 προειπάν
729 1259 792 1353 γάρ
811 1264 934 1345 πολλάς
951 1278 1032 1336 θεο-

64 1373 179 1449 λογίας
197 1368 341 1451 ἐπιλέγει
366 1361 407 1433 τά
431 1368 613 1452 ἐκκείμενα.
650 1367 698 1456 τῷ
715 1364 752 1433 δὲ
776 1366 886 1451 λέγειν
904 1374 1032 1436 κλίνειν

65 1462 168 1536 αὐτὸν
179 1462 346 1556 οὕρανοάς
364 1466 420 1534 καὶ
432 1467 695 1552 κατεληλυθέναι
709 1472 862 1553 σημαίνει
876 1465 938 1554 τὴν
949 1465 1030 1536 ὑπο-

64 1566 186 1656 στολὴν
197 1572 256 1655 της
270 1568 392 1636 ἐνθέου
406 1564 514 1654 δόξης,
533 1561 578 1653 ἣν
593 1563 612 1634 ό
629 1577 724 1646 θεῖος
739 1562 920 1649 ἀπόστολος
931 1595 1032 1657 παρι-

64 1669 144 1750 στάς
162 1675 276 1756 ἔλεγεν
289 1664 349 1749 “ὸ“ς
367 1671 404 1737 ἐν
422 1672 535 1757 μορφῇ
553 1671 638 1737 θεοῦ
655 1665 827 1757 ὑπάρχων,
847 1665 907 1758 οόγ
925 1668 1030 1757 ἀρυτα-

23 1803 49 1842 15
63 1767 148 1858 γμόν
165 1765 311 1860 ἡγήσατο
328 1767 364 1839 τό
381 1767 470 1838 ἐἶναι
489 1778 543 1838 ίσα
561 1772 643 1861 θεῷ,
662 1764 737 1837 ἀλλ’
756 1764 859 1841 αὐτόν
877 1774 1030 1859 ἐκένωσε,

62 1873 196 1962 μορφὴν
220 1869 345 1940 δούλου
368 1863 514 1958 λαβάν.”
556 1871 612 1938 καὶ
635 1866 672 1939 τό
686 1865 813 1959 “ἐπε’βη
838 1872 875 1941 δὲ
894 1875 947 1941 ἐπὶ
966 1884 1031 1942 Χε-

63 1976 184 2062 ρουβὶμ
203 1975 258 2042 καὶ
278 1966 467 2060 εἰτετάσθη”
487 1977 700 2040 αἰνίττεσθαί
713 2000 769 2061 μοι
788 1977 882 2043 δοκεῖ
897 1973 959 2060 την
977 1977 1055 2043 ἐπὶν

62 2070 123 2160 τὴν
146 2078 205 2143 τοῦ
229 2078 314 2143 θεοῦ
340 2070 440 2154 δόξαν
471 2066 756 2161 ἀποκατάστασιν,
786 2068 828 2160 ἣν
854 2083 1030 2162 πεποίηται

62 2173 252 2261 ἀγγελικαλς
275 2177 331 2244 καί
352 2180 463 2255 θείαις
489 2171 650 2262 δυνάμεσι
675 2173 975 2264 δορυφορούμενος.
1012 2174 1030 2244 ὃ

20 2306 49 2347 νο
63 2278 119 2344 καὶ
137 2271 217 2345 αὐτό
237 2279 429 2362 δηλοῦσθαί
446 2304 501 2364 μοι
520 2280 614 2344 δοκεῖ
631 2272 687 2344 διά
699 2282 760 2345 τοῦ
769 2273 962 2364 “gandava
977 2280 1029 2346 ἐπὶ

62 2375 238 2466 πτερύγων
261 2371 427 2464 ἀνέμων.”
476 2382 505 2446 3.
530 2374 566 2446 τό
586 2377 623 2445 δὲ
641 2373 762 2458 σκότος’
774 2388 951 2447 τεθεῖσθαι
969 2377 1030 2464 την

62 2475 264 2568 ἀποκρυφὴν
281 2473 384 2547 αὐτοῦ
402 2479 457 2547 καὶ
476 2475 606 2566 γνόφου
623 2475 689 2545 ὑπὸ
708 2473 785 2557 τοός
803 2477 908 2559 πόδας
927 2477 1029 2548 αὐτοῦ

61 2583 222 2701 λέγεσθαι
243 2577 487 2670 παραστατικὸν
501 2575 543 2649 ἀν
557 2588 609 2666 εἴη
622 2581 680 2668 τῆς
693 2586 841 2699 κρυφίου
855 2581 910 2648 καλ
928 2577 1029 2667 ἀπορ-

62 2681 163 2770 ρήτου
187 2688 394 2770 οἰκονομίας,
415 2678 499 2805 μαθ’
525 2675 569 2767 ἣν
593 2682 697 2749 ταῦτα
722 2678 830 2750 πάντα
855 2677 943 2770 αὐτῶ
964 2683 1028 2747 ε’τε-

20 2792 159 2854 ιελεῐτο.
196 2781 307 2877 κόκλφ
326 2778 423 2853 δὲ’
381 2786 484 2853 αυτοῦ
502 2779 522 2869 ἡ
541 2780 647 2869 σκηνὴ
662 2778 766 2850 αὐτοῦ
778 2787 853 2851 τίνα
871 2783 1029 2866 λέγεσθαι

61 2882 222 2975 προσήκει
250 2902 342 2956 νοειν
372 2914 392 2973 η
416 2912 478 2970 την
501 2880 602 2968 ἀγίαν
630 2875 736 2950 αὐτοῦ
762 2883 818 2950 καὶ
844 2880 1029 2967 καθολικὴν

62 2989 298 3075 ἐκκλησίαν,ε
283 2999 348 3057 εἴτε
371 3014 433 3073 την
458 2984 587 3069 ἐπίσης
611 2987 672 3103 γῆς
700 2992 765 3050 είτε
789 2977 850 3068 την
875 2985 911 3050 ἐν
930 2977 1028 3067 οόρα

60 3104 233 3173 νοῑς;ε
169 3094 198 3158 4.
219 3091 292 3176 ἑξῆς
311 3082 348 3156 δὲ
365 3084 447 3155 κατὰ
465 3082 524 3153 τὸν
542 3079 644 3151 αυτόν
666 3080 805 3171 Ψαλμόν
827 3085 991 3151 τελευτῶν
1009 3075 1054 3145 ὁσ

60 3185 196 3276 λόγος
181 3193 264 3278 ομοῦ
288 3217 350 3276 τηυ
373 3193 574 3275 παραίτησιν
597 3211 657 3252 του
681 3186 843 3270 προτέρου
867 3182 950 3249 λαου
973 3183 1027 3247 καὶ

130 3422 301 3480 ιὴπκο
407 3417 604 3486 ιιφκησ
