<?xml version="1.0" encoding="UTF-8"?>
<!DOCTYPE html PUBLIC "-//W3C//DTD XHTML 1.0 Transitional//EN"
    "http://www.w3.org/TR/xhtml1/DTD/xhtml1-transitional.dtd">
<html xmlns="http://www.w3.org/1999/xhtml" xml:lang="en" lang="en">
 <head>
  <title>
</title>
<meta http-equiv="Content-Type" content="text/html;charset=utf-8" />
  <meta name='ocr-system' content='tesseract 3.04.00' />
  <meta name='ocr-capabilities' content='ocr_page ocr_carea ocr_par ocr_line ocrx_word'/>
</head>
<body>
  <div class='ocr_page' id='page_1' title='image "./eusebiicaesarie01dindgoog/eusebiicaesarie01dindgoog_0141.png"; bbox 0 0 2326 3818; ppageno 0'>
   <div class='ocr_carea' id='block_1_1' title="bbox 113 139 669 205">
    <p class='ocr_par' dir='ltr' id='par_1_1' title="bbox 113 139 669 205">
     <span class='ocr_line' id='line_1_1' title="bbox 113 139 669 205; baseline 0.009 -18"><span class='ocrx_word' id='word_1_1' title='bbox 113 141 156 205; x_wconf 60' lang='grc' dir='ltr'><em>μ</em></span> <span class='ocrx_word' id='word_1_2' title='bbox 520 139 669 192; x_wconf 63' lang='lat' dir='ltr'><em>mmm</em></span> 
     </span>
    </p>
   </div>
   <div class='ocr_carea' id='block_1_2' title="bbox 68 277 1105 812">
    <p class='ocr_par' dir='ltr' id='par_1_2' title="bbox 113 277 1079 579">
     <span class='ocr_line' id='line_1_2' title="bbox 115 277 1079 370; baseline 0.002 -20"><span class='ocrx_word' id='word_1_3' title='bbox 115 287 242 363; x_wconf 87' lang='grc' dir='ltr'><em>δίκαιος</em></span> <span class='ocrx_word' id='word_1_4' title='bbox 260 281 315 350; x_wconf 84' lang='grc' dir='ltr'><em>καὶ</em></span> <span class='ocrx_word' id='word_1_5' title='bbox 333 277 460 367; x_wconf 82' lang='grc' dir='ltr'><em>σῶζων,</em></span> <span class='ocrx_word' id='word_1_6' title='bbox 479 277 580 364; x_wconf 74' lang='grc' dir='ltr'><em>αὐτὸς</em></span> <span class='ocrx_word' id='word_1_7' title='bbox 595 284 699 370; x_wconf 81' lang='grc' dir='ltr'><em>πρᾶος</em></span> <span class='ocrx_word' id='word_1_8' title='bbox 725 283 781 351; x_wconf 81' lang='grc' dir='ltr'><em>καὶ</em></span> <span class='ocrx_word' id='word_1_9' title='bbox 800 279 1006 369; x_wconf 73' lang='grc' dir='ltr'><em>ἐπιβεβηκώς</em></span> <span class='ocrx_word' id='word_1_10' title='bbox 1025 284 1079 352; x_wconf 81' lang='grc' dir='ltr'><em>ἐπὶ</em></span> 
     </span>
     <span class='ocr_line' id='line_1_3' title="bbox 113 377 1079 472; baseline 0.001 -20"><span class='ocrx_word' id='word_1_11' title='bbox 113 377 293 469; x_wconf 75' lang='grc' dir='ltr'>ὑποζύγιον</span> <span class='ocrx_word' id='word_1_12' title='bbox 311 411 353 451; x_wconf 91' lang='grc' dir='ltr'><em>κα</em></span> <span class='ocrx_word' id='word_1_13' title='bbox 356 385 498 452; x_wconf 78' lang='grc' dir='ltr'><em>λπῶλον</em></span> <span class='ocrx_word' id='word_1_14' title='bbox 515 383 611 470; x_wconf 80' lang='grc' dir='ltr'><em>νέον,</em></span> <span class='ocrx_word' id='word_1_15' title='bbox 628 385 685 452; x_wconf 83' lang='grc' dir='ltr'><em>καὶ</em></span> <span class='ocrx_word' id='word_1_16' title='bbox 703 379 970 472; x_wconf 78' lang='grc' dir='ltr'><em>ίξολοθρεόσει”</em></span> <span class='ocrx_word' id='word_1_17' title='bbox 949 412 1079 472; x_wconf 87' lang='grc' dir='ltr'><em>αρματα</em></span> 
     </span>
     <span class='ocr_line' id='line_1_4' title="bbox 114 479 1080 587; baseline 0 -34"><span class='ocrx_word' id='word_1_18' title='bbox 114 479 171 566; x_wconf 82' lang='grc' dir='ltr'><em>ἐξ’</em></span> <span class='ocrx_word' id='word_1_19' title='bbox 167 491 281 574; x_wconf 79' lang='grc' dir='ltr'><em>Εφραλ·</em></span> <span class='ocrx_word' id='word_1_20' title='bbox 279 513 313 572; x_wconf 93' lang='grc' dir='ltr'><em>μ,</em></span> <span class='ocrx_word' id='word_1_21' title='bbox 266 487 422 554; x_wconf 72' lang='grc' dir='ltr'><em>λ”καὶ</em></span> <span class='ocrx_word' id='word_1_22' title='bbox 406 511 509 555; x_wconf 92' lang='grc' dir='ltr'><em>ιππον</em></span> <span class='ocrx_word' id='word_1_23' title='bbox 524 484 578 567; x_wconf 72' lang='grc' dir='ltr'><em>ἐξ’</em></span> <span class='ocrx_word' id='word_1_24' title='bbox 579 483 797 587; x_wconf 79' lang='grc' dir='ltr'><em>Ιερουσαλὴμ,</em></span> <span class='ocrx_word' id='word_1_25' title='bbox 812 487 896 553; x_wconf 82' lang='grc' dir='ltr'><em>καὶέ</em></span> <span class='ocrx_word' id='word_1_26' title='bbox 881 483 1080 574; x_wconf 86' lang='grc' dir='ltr'><em>ἐξολοθρεό-</em></span> 
     </span>
    </p>

    <p class='ocr_par' dir='ltr' id='par_1_3' title="bbox 68 578 1105 779">
     <span class='ocr_line' id='line_1_5' title="bbox 68 578 1078 718; baseline 0.003 -64"><span class='ocrx_word' id='word_1_27' title='bbox 68 669 71 676; x_wconf 92' lang='lat'>.</span> <span class='ocrx_word' id='word_1_28' title='bbox 113 608 164 654; x_wconf 89' lang='grc' dir='ltr'><em>σει</em></span> <span class='ocrx_word' id='word_1_29' title='bbox 181 584 276 669; x_wconf 82' lang='grc' dir='ltr'><em>τόξον</em></span> <span class='ocrx_word' id='word_1_30' title='bbox 293 583 487 675; x_wconf 91' lang='grc' dir='ltr'><em>πολεμικόν</em></span> <span class='ocrx_word' id='word_1_31' title='bbox 508 586 565 655; x_wconf 77' lang='grc' dir='ltr'><em>καὶ</em></span> <span class='ocrx_word' id='word_1_32' title='bbox 584 590 714 674; x_wconf 76' lang='grc' dir='ltr'><em>πλῆθος</em></span> <span class='ocrx_word' id='word_1_33' title='bbox 733 578 866 677; x_wconf 79' lang='grc' dir='ltr'><em>εἰρήνης</em></span> <span class='ocrx_word' id='word_1_34' title='bbox 896 588 929 669; x_wconf 82' lang='grc' dir='ltr'><em>ἐξ</em></span> <span class='ocrx_word' id='word_1_35' title='bbox 954 588 1078 718; x_wconf 81' lang='grc' dir='ltr'><em>ἐθνῶν,</em></span> 
     </span>
     <span class='ocr_line' id='line_1_6' title="bbox 112 685 1105 812; baseline 0 -56"><span class='ocrx_word' id='word_1_36' title='bbox 112 689 169 756; x_wconf 85' lang='grc' dir='ltr'><em>καὶ</em></span> <span class='ocrx_word' id='word_1_37' title='bbox 187 686 374 779; x_wconf 83' lang='grc' dir='ltr'><em>κατάρξει’</em></span> <span class='ocrx_word' id='word_1_38' title='bbox 357 685 422 757; x_wconf 86' lang='grc' dir='ltr'><em>από</em></span> <span class='ocrx_word' id='word_1_39' title='bbox 448 685 658 812; x_wconf 78' lang='grc' dir='ltr'><em>θαλάσσης”</em></span> <span class='ocrx_word' id='word_1_40' title='bbox 639 714 701 767; x_wconf 85' lang='grc' dir='ltr'><em>εως</em></span> <span class='ocrx_word' id='word_1_41' title='bbox 719 685 908 776; x_wconf 76' lang='grc' dir='ltr'><em>θαλάσσης,</em></span> <span class='ocrx_word' id='word_1_42' title='bbox 932 690 989 757; x_wconf 75' lang='grc' dir='ltr'><em>καὶ</em></span> <span class='ocrx_word' id='word_1_43' title='bbox 1012 686 1105 758; x_wconf 81' lang='grc' dir='ltr'><em>άπὸε</em></span> 
     </span>
    </p>
   </div>
   <div class='ocr_carea' id='block_1_3' title="bbox 113 783 616 879">
    <p class='ocr_par' dir='ltr' id='par_1_4' title="bbox 113 783 616 879">
     <span class='ocr_line' id='line_1_7' title="bbox 113 783 616 879; baseline -0.002 -20"><span class='ocrx_word' id='word_1_44' title='bbox 113 793 272 879; x_wconf 76' lang='grc' dir='ltr'><em>ποταμῶν</em></span> <span class='ocrx_word' id='word_1_45' title='bbox 290 786 335 858; x_wconf 91' lang='grc' dir='ltr'><em>δι’</em></span> <span class='ocrx_word' id='word_1_46' title='bbox 359 791 510 876; x_wconf 77' lang='grc' dir='ltr'><em>ἐκβολῶν</em></span> <span class='ocrx_word' id='word_1_47' title='bbox 526 783 616 876; x_wconf 78' lang='grc' dir='ltr'><em>γῆς.”</em></span> 
     </span>
    </p>
   </div>
   <div class='ocr_carea' id='block_1_4' title="bbox 374 894 1156 1047">
    <p class='ocr_par' dir='ltr' id='par_1_5' title="bbox 374 894 1156 1047">
     <span class='ocr_line' id='line_1_8' title="bbox 374 894 1156 1047; baseline 0.001 -21"><span class='ocrx_word' id='word_1_48' title='bbox 374 953 439 1027; x_wconf 91' lang='grc' dir='ltr'><em>κθ.</em></span> <span class='ocrx_word' id='word_1_49' title='bbox 457 952 535 1028; x_wconf 86' lang='grc' dir='ltr'><em>Ἀπό</em></span> <span class='ocrx_word' id='word_1_50' title='bbox 552 984 612 1028; x_wconf 87' lang='grc' dir='ltr'><em>του</em></span> <span class='ocrx_word' id='word_1_51' title='bbox 597 961 821 1047; x_wconf 83' lang='grc' dir='ltr'><em>Μαλαχίου</em></span> <span class='ocrx_word' id='word_1_52' title='bbox 1130 894 1156 948; x_wconf 49' lang='grc'>1</span> 
     </span>
    </p>
   </div>
   <div class='ocr_carea' id='block_1_5' title="bbox 112 1078 1117 1290">
    <p class='ocr_par' dir='ltr' id='par_1_6' title="bbox 112 1078 1117 1290">
     <span class='ocr_line' id='line_1_9' title="bbox 112 1078 1078 1168; baseline 0.001 -28"><span class='ocrx_word' id='word_1_53' title='bbox 112 1085 290 1168; x_wconf 86' lang='grc' dir='ltr'><em>Παραίτηοις</em></span> <span class='ocrx_word' id='word_1_54' title='bbox 303 1103 354 1138; x_wconf 87' lang='grc' dir='ltr'><em>του</em></span> <span class='ocrx_word' id='word_1_55' title='bbox 341 1078 514 1139; x_wconf 78' lang='grc' dir='ltr'><em>Ἰουδαίων</em></span> <span class='ocrx_word' id='word_1_56' title='bbox 527 1082 643 1151; x_wconf 76' lang='grc' dir='ltr'><em>ἔθνους,</em></span> <span class='ocrx_word' id='word_1_57' title='bbox 660 1084 760 1138; x_wconf 72' lang='grc' dir='ltr'><em>μαλ’</em></span> <span class='ocrx_word' id='word_1_58' title='bbox 726 1105 777 1154; x_wconf 84' lang='grc' dir='ltr'><em>της</em></span> <span class='ocrx_word' id='word_1_59' title='bbox 794 1080 869 1139; x_wconf 85' lang='grc' dir='ltr'><em>κατά</em></span> <span class='ocrx_word' id='word_1_60' title='bbox 881 1086 934 1140; x_wconf 87' lang='grc' dir='ltr'><em>τόν</em></span> <span class='ocrx_word' id='word_1_61' title='bbox 951 1084 1078 1149; x_wconf 82' lang='grc' dir='ltr'><em>Μωσέως</em></span> 
     </span>
     <span class='ocr_line' id='line_1_10' title="bbox 112 1126 1077 1234; baseline 0.002 -27"><span class='ocrx_word' id='word_1_62' title='bbox 112 1150 202 1221; x_wconf 88' lang='grc' dir='ltr'><em>νόμον</em></span> <span class='ocrx_word' id='word_1_63' title='bbox 214 1154 376 1221; x_wconf 77' lang='grc' dir='ltr'><em>σωματικῆς</em></span> <span class='ocrx_word' id='word_1_64' title='bbox 389 1147 485 1208; x_wconf 72' lang='grc' dir='ltr'><em>αὐτῶν</em></span> <span class='ocrx_word' id='word_1_65' title='bbox 498 1126 689 1221; x_wconf 81' lang='grc' dir='ltr'><em>θρησκείάς”</em></span> <span class='ocrx_word' id='word_1_66' title='bbox 669 1169 798 1221; x_wconf 86' lang='grc' dir='ltr'><em>αρνησις,</em></span> <span class='ocrx_word' id='word_1_67' title='bbox 812 1155 864 1234; x_wconf 84' lang='grc' dir='ltr'><em>τῆς</em></span> <span class='ocrx_word' id='word_1_68' title='bbox 882 1149 932 1207; x_wconf 87' lang='grc' dir='ltr'><em>διά</em></span> <span class='ocrx_word' id='word_1_69' title='bbox 951 1157 1077 1222; x_wconf 79' lang='grc' dir='ltr'><em>Χριστον</em></span> 
     </span>
     <span class='ocr_line' id='line_1_11' title="bbox 159 1217 1117 1290; baseline 0.003 -16"><span class='ocrx_word' id='word_1_70' title='bbox 159 1222 230 1276; x_wconf 80' lang='grc' dir='ltr'><em>πᾶσι</em></span> <span class='ocrx_word' id='word_1_71' title='bbox 242 1227 301 1282; x_wconf 81' lang='grc' dir='ltr'><em>τοῖς</em></span> <span class='ocrx_word' id='word_1_72' title='bbox 315 1217 415 1275; x_wconf 79' lang='grc' dir='ltr'><em>ἔθνεσι</em></span> <span class='ocrx_word' id='word_1_73' title='bbox 426 1222 648 1290; x_wconf 75' lang='grc' dir='ltr'><em>παραδοθείσης</em></span> <span class='ocrx_word' id='word_1_74' title='bbox 660 1222 857 1290; x_wconf 77' lang='grc' dir='ltr'><em>πνευματικῆς</em></span> <span class='ocrx_word' id='word_1_75' title='bbox 870 1225 1011 1289; x_wconf 82' lang='grc' dir='ltr'><em>λατρείας.</em></span> <span class='ocrx_word' id='word_1_76' title='bbox 1090 1234 1117 1273; x_wconf 85' lang='grc'><em>10</em></span> 
     </span>
    </p>
   </div>
   <div class='ocr_carea' id='block_1_6' title="bbox 58 1323 1115 1928">
    <p class='ocr_par' dir='ltr' id='par_1_7' title="bbox 58 1323 1115 1928">
     <span class='ocr_line' id='line_1_12' title="bbox 58 1323 1079 1419; baseline 0.008 -25"><span class='ocrx_word' id='word_1_77' title='bbox 58 1344 100 1395; x_wconf 72' lang='grc'><strong>(56)</strong></span> <span class='ocrx_word' id='word_1_78' title='bbox 186 1323 293 1400; x_wconf 66' lang='lat'>“0621</span> <span class='ocrx_word' id='word_1_79' title='bbox 317 1337 387 1399; x_wconf 80' lang='grc' dir='ltr'><em>ἔστι</em></span> <span class='ocrx_word' id='word_1_80' title='bbox 410 1357 475 1418; x_wconf 89' lang='grc' dir='ltr'><em>μου</em></span> <span class='ocrx_word' id='word_1_81' title='bbox 498 1331 630 1419; x_wconf 86' lang='grc' dir='ltr'><em>θέλημα</em></span> <span class='ocrx_word' id='word_1_82' title='bbox 655 1332 693 1399; x_wconf 78' lang='grc' dir='ltr'><em>ἐν</em></span> <span class='ocrx_word' id='word_1_83' title='bbox 715 1324 816 1419; x_wconf 82' lang='grc' dir='ltr'><em>ὑμῖν,</em></span> <span class='ocrx_word' id='word_1_84' title='bbox 852 1327 1007 1418; x_wconf 79' lang='grc' dir='ltr'><em>λέγει’</em></span> <span class='ocrx_word' id='word_1_85' title='bbox 963 1359 1079 1419; x_wconf 87' lang='grc' dir='ltr'><em>κυριος</em></span> 
     </span>
     <span class='ocr_line' id='line_1_13' title="bbox 112 1424 1080 1521; baseline 0.004 -20"><span class='ocrx_word' id='word_1_86' title='bbox 112 1424 361 1521; x_wconf 88' lang='grc' dir='ltr'><em>παντοκράτωρ,</em></span> <span class='ocrx_word' id='word_1_87' title='bbox 386 1433 443 1501; x_wconf 83' lang='grc' dir='ltr'><em>καὶ</em></span> <span class='ocrx_word' id='word_1_88' title='bbox 474 1436 603 1503; x_wconf 81' lang='grc' dir='ltr'><em>θυσίαν</em></span> <span class='ocrx_word' id='word_1_89' title='bbox 630 1426 671 1500; x_wconf 85' lang='grc' dir='ltr'><em>οό</em></span> <span class='ocrx_word' id='word_1_90' title='bbox 704 1433 925 1521; x_wconf 84' lang='grc' dir='ltr'><em>προσδίξομαι</em></span> <span class='ocrx_word' id='word_1_91' title='bbox 957 1435 1080 1505; x_wconf 82' lang='grc' dir='ltr'><em>ἐκτῶν</em></span> 
     </span>
     <span class='ocr_line' id='line_1_14' title="bbox 111 1529 1079 1627; baseline 0.002 -25"><span class='ocrx_word' id='word_1_92' title='bbox 111 1538 233 1623; x_wconf 84' lang='grc' dir='ltr'><em>χειρῶν</em></span> <span class='ocrx_word' id='word_1_93' title='bbox 253 1529 358 1623; x_wconf 79' lang='grc' dir='ltr'><em>ὑμῶν.</em></span> <span class='ocrx_word' id='word_1_94' title='bbox 402 1530 487 1603; x_wconf 89' lang='grc' dir='ltr'><em>διότι</em></span> <span class='ocrx_word' id='word_1_95' title='bbox 504 1529 560 1604; x_wconf 80' lang='grc' dir='ltr'><em>ἀπ’</em></span> <span class='ocrx_word' id='word_1_96' title='bbox 582 1529 756 1606; x_wconf 87' lang='grc' dir='ltr'><em>άνατολῶν</em></span> <span class='ocrx_word' id='word_1_97' title='bbox 779 1532 877 1622; x_wconf 80' lang='grc' dir='ltr'><em>ἡλίου</em></span> <span class='ocrx_word' id='word_1_98' title='bbox 904 1536 960 1603; x_wconf 83' lang='grc' dir='ltr'><em>καὶ</em></span> <span class='ocrx_word' id='word_1_99' title='bbox 983 1537 1079 1627; x_wconf 80' lang='grc' dir='ltr'><em>μέχρι</em></span> 
     </span>
     <span class='ocr_line' id='line_1_15' title="bbox 112 1632 1079 1725; baseline 0.003 -21"><span class='ocrx_word' id='word_1_100' title='bbox 112 1639 251 1724; x_wconf 92' lang='grc' dir='ltr'><em>δυσμῶν</em></span> <span class='ocrx_word' id='word_1_101' title='bbox 267 1633 304 1705; x_wconf 87' lang='grc' dir='ltr'><em>τὸ</em></span> <span class='ocrx_word' id='word_1_102' title='bbox 321 1632 426 1725; x_wconf 83' lang='grc' dir='ltr'><em>όνομά</em></span> <span class='ocrx_word' id='word_1_103' title='bbox 443 1662 508 1724; x_wconf 89' lang='grc' dir='ltr'><em>μου</em></span> <span class='ocrx_word' id='word_1_104' title='bbox 527 1633 725 1718; x_wconf 82' lang='grc' dir='ltr'><em>δεδόξασται</em></span> <span class='ocrx_word' id='word_1_105' title='bbox 739 1638 776 1706; x_wconf 78' lang='grc' dir='ltr'><em>ἐν</em></span> <span class='ocrx_word' id='word_1_106' title='bbox 792 1653 861 1717; x_wconf 83' lang='grc' dir='ltr'><em>τοῖς</em></span> <span class='ocrx_word' id='word_1_107' title='bbox 875 1644 1002 1725; x_wconf 83' lang='grc' dir='ltr'><em>ἔθνεσι,</em></span> <span class='ocrx_word' id='word_1_108' title='bbox 1021 1640 1079 1707; x_wconf 79' lang='grc' dir='ltr'><em>καὶ</em></span> 
     </span>
     <span class='ocr_line' id='line_1_16' title="bbox 111 1732 1115 1830; baseline 0.004 -25"><span class='ocrx_word' id='word_1_109' title='bbox 111 1739 149 1805; x_wconf 79' lang='grc' dir='ltr'><em>ἐν</em></span> <span class='ocrx_word' id='word_1_110' title='bbox 166 1737 265 1806; x_wconf 75' lang='grc' dir='ltr'><em>παντὶ</em></span> <span class='ocrx_word' id='word_1_111' title='bbox 282 1733 372 1829; x_wconf 80' lang='grc' dir='ltr'><em>τόπςο</em></span> <span class='ocrx_word' id='word_1_112' title='bbox 390 1743 545 1826; x_wconf 88' lang='grc' dir='ltr'><em>θυμίαμα</em></span> <span class='ocrx_word' id='word_1_113' title='bbox 563 1732 765 1827; x_wconf 75' lang='grc' dir='ltr'><em>προσάγεται</em></span> <span class='ocrx_word' id='word_1_114' title='bbox 782 1741 829 1830; x_wconf 82' lang='grc' dir='ltr'><em>τῶ</em></span> <span class='ocrx_word' id='word_1_115' title='bbox 842 1735 982 1826; x_wconf 84' lang='grc' dir='ltr'><em>ὀνόματί</em></span> <span class='ocrx_word' id='word_1_116' title='bbox 996 1767 1075 1827; x_wconf 93' lang='grc' dir='ltr'><em>μου,</em></span> <span class='ocrx_word' id='word_1_117' title='bbox 1089 1760 1115 1801; x_wconf 76' lang='lat'><em>1⁵</em></span> 
     </span>
     <span class='ocr_line' id='line_1_17' title="bbox 109 1835 1079 1928; baseline 0.004 -22"><span class='ocrx_word' id='word_1_118' title='bbox 109 1838 166 1907; x_wconf 80' lang='grc' dir='ltr'><em>καὶ</em></span> <span class='ocrx_word' id='word_1_119' title='bbox 185 1844 294 1908; x_wconf 89' lang='grc' dir='ltr'><em>θυσία</em></span> <span class='ocrx_word' id='word_1_120' title='bbox 311 1835 455 1927; x_wconf 90' lang='grc' dir='ltr'><em>καθαρά.</em></span> <span class='ocrx_word' id='word_1_121' title='bbox 484 1835 569 1908; x_wconf 81' lang='grc' dir='ltr'><em>διότι</em></span> <span class='ocrx_word' id='word_1_122' title='bbox 586 1839 670 1928; x_wconf 78' lang='grc' dir='ltr'><em>μέγα</em></span> <span class='ocrx_word' id='word_1_123' title='bbox 688 1837 724 1909; x_wconf 86' lang='grc' dir='ltr'><em>τὸ</em></span> <span class='ocrx_word' id='word_1_124' title='bbox 742 1836 847 1928; x_wconf 86' lang='grc' dir='ltr'><em>όνομά</em></span> <span class='ocrx_word' id='word_1_125' title='bbox 865 1868 930 1928; x_wconf 92' lang='grc' dir='ltr'><em>μου</em></span> <span class='ocrx_word' id='word_1_126' title='bbox 953 1844 1079 1922; x_wconf 78' lang='grc' dir='ltr'><em>ἐντοῖς</em></span> 
     </span>
    </p>
   </div>
   <div class='ocr_carea' id='block_1_7' title="bbox 110 1936 1079 2110">
    <p class='ocr_par' dir='ltr' id='par_1_8' title="bbox 110 1936 1079 2110">
     <span class='ocr_line' id='line_1_18' title="bbox 111 1936 1079 2032; baseline 0.006 -24"><span class='ocrx_word' id='word_1_127' title='bbox 111 1946 239 2027; x_wconf 80' lang='grc' dir='ltr'><em>ἔθνεσι,</em></span> <span class='ocrx_word' id='word_1_128' title='bbox 257 1941 346 2026; x_wconf 80' lang='grc' dir='ltr'><em>λέγει</em></span> <span class='ocrx_word' id='word_1_129' title='bbox 363 1938 477 2028; x_wconf 87' lang='grc' dir='ltr'><em>κόριος</em></span> <span class='ocrx_word' id='word_1_130' title='bbox 500 1936 755 2032; x_wconf 90' lang='grc' dir='ltr'><em>παντοκράτωρ,</em></span> <span class='ocrx_word' id='word_1_131' title='bbox 790 1938 886 2029; x_wconf 74' lang='grc' dir='ltr'><em>ὑμεῖς</em></span> <span class='ocrx_word' id='word_1_132' title='bbox 911 1941 949 2010; x_wconf 69' lang='grc' dir='ltr'><em>δὲ</em></span> <span class='ocrx_word' id='word_1_133' title='bbox 973 1948 1079 2031; x_wconf 81' lang='grc' dir='ltr'><em>βεβη-</em></span> 
     </span>
     <span class='ocr_line' id='line_1_19' title="bbox 110 2036 335 2110; baseline 0.004 -2"><span class='ocrx_word' id='word_1_134' title='bbox 110 2044 208 2110; x_wconf 83' lang='grc' dir='ltr'><em>λοῦτε</em></span> <span class='ocrx_word' id='word_1_135' title='bbox 226 2036 335 2110; x_wconf 85' lang='grc' dir='ltr'><em>αόνό.”</em></span> 
     </span>
    </p>
   </div>
   <div class='ocr_carea' id='block_1_8' title="bbox 395 2137 785 2214">
    <p class='ocr_par' dir='ltr' id='par_1_9' title="bbox 395 2137 785 2214">
     <span class='ocr_line' id='line_1_20' title="bbox 395 2137 785 2214; baseline 0.008 -4"><span class='ocrx_word' id='word_1_136' title='bbox 395 2138 433 2211; x_wconf 82' lang='grc' dir='ltr'><em>λ’</em></span> <span class='ocrx_word' id='word_1_137' title='bbox 467 2137 545 2214; x_wconf 84' lang='grc' dir='ltr'><em>Ἀπό</em></span> <span class='ocrx_word' id='word_1_138' title='bbox 562 2145 622 2214; x_wconf 79' lang='grc' dir='ltr'><em>τοῦ</em></span> <span class='ocrx_word' id='word_1_139' title='bbox 636 2139 785 2214; x_wconf 86' lang='grc' dir='ltr'><em>Ἠσαίου</em></span> 
     </span>
    </p>
   </div>
   <div class='ocr_carea' id='block_1_9' title="bbox 95 2281 1116 2494">
    <p class='ocr_par' dir='ltr' id='par_1_10' title="bbox 95 2281 1116 2494">
     <span class='ocr_line' id='line_1_21' title="bbox 95 2281 1116 2372; baseline 0.005 -33"><span class='ocrx_word' id='word_1_140' title='bbox 95 2286 172 2339; x_wconf 69' lang='grc' dir='ltr'><em>ι)Του</em></span> <span class='ocrx_word' id='word_1_141' title='bbox 187 2281 340 2348; x_wconf 82' lang='grc' dir='ltr'><em>Ἰουδαίων</em></span> <span class='ocrx_word' id='word_1_142' title='bbox 359 2281 500 2370; x_wconf 74' lang='grc' dir='ltr'><em>ἔθνους’</em></span> <span class='ocrx_word' id='word_1_143' title='bbox 482 2304 647 2350; x_wconf 88' lang='grc' dir='ltr'><em>αποπτωοις</em></span> <span class='ocrx_word' id='word_1_144' title='bbox 664 2285 750 2358; x_wconf 88' lang='grc' dir='ltr'><em>λόγου</em></span> <span class='ocrx_word' id='word_1_145' title='bbox 768 2306 799 2342; x_wconf 88' lang='grc' dir='ltr'><em>τε</em></span> <span class='ocrx_word' id='word_1_146' title='bbox 816 2289 898 2351; x_wconf 86' lang='grc' dir='ltr'><em>θεον,</em></span> <span class='ocrx_word' id='word_1_147' title='bbox 917 2285 1015 2341; x_wconf 77' lang='grc' dir='ltr'><em>κάλ’</em></span> <span class='ocrx_word' id='word_1_148' title='bbox 983 2307 1075 2372; x_wconf 82' lang='grc' dir='ltr'><em>νυμον</em></span> <span class='ocrx_word' id='word_1_149' title='bbox 1089 2310 1116 2352; x_wconf 80' lang='lat'><em>20</em></span> 
     </span>
     <span class='ocr_line' id='line_1_22' title="bbox 112 2328 1076 2439; baseline 0.006 -32"><span class='ocrx_word' id='word_1_150' title='bbox 112 2373 230 2423; x_wconf 89' lang='grc' dir='ltr'><em>καινον,</em></span> <span class='ocrx_word' id='word_1_151' title='bbox 243 2356 325 2410; x_wconf 85' lang='grc' dir='ltr'><em>οίκου</em></span> <span class='ocrx_word' id='word_1_152' title='bbox 338 2373 368 2408; x_wconf 85' lang='grc' dir='ltr'><em>τε</em></span> <span class='ocrx_word' id='word_1_153' title='bbox 381 2348 471 2410; x_wconf 83' lang='grc' dir='ltr'><em>αάτου</em></span> <span class='ocrx_word' id='word_1_154' title='bbox 468 2355 578 2439; x_wconf 83' lang='grc' dir='ltr'><em>φανέρ</em></span> <span class='ocrx_word' id='word_1_155' title='bbox 580 2374 659 2422; x_wconf 89' lang='grc' dir='ltr'><em>ωσις,</em></span> <span class='ocrx_word' id='word_1_156' title='bbox 684 2356 735 2410; x_wconf 82' lang='grc' dir='ltr'><em>καλ</em></span> <span class='ocrx_word' id='word_1_157' title='bbox 752 2357 808 2410; x_wconf 85' lang='grc' dir='ltr'><em>τῶν</em></span> <span class='ocrx_word' id='word_1_158' title='bbox 825 2328 953 2410; x_wconf 79' lang='grc' dir='ltr'><em>ἐθνῶν</em></span> <span class='ocrx_word' id='word_1_159' title='bbox 938 2354 1076 2413; x_wconf 85' lang='grc' dir='ltr'><em>απάντων</em></span> 
     </span>
     <span class='ocr_line' id='line_1_23' title="bbox 444 2418 735 2494; baseline 0.007 -18"><span class='ocrx_word' id='word_1_160' title='bbox 444 2442 476 2476; x_wconf 90' lang='grc' dir='ltr'><em>εν</em></span> <span class='ocrx_word' id='word_1_161' title='bbox 468 2418 591 2494; x_wconf 83' lang='grc' dir='ltr'><em>ὀεβείας</em></span> <span class='ocrx_word' id='word_1_162' title='bbox 604 2425 735 2494; x_wconf 81' lang='grc' dir='ltr'><em>δήλωσις.</em></span> 
     </span>
    </p>
   </div>
   <div class='ocr_carea' id='block_1_10' title="bbox 56 2527 1115 3332">
    <p class='ocr_par' dir='ltr' id='par_1_11' title="bbox 188 2527 1076 2621">
     <span class='ocr_line' id='line_1_24' title="bbox 188 2527 1076 2621; baseline 0.005 -23"><span class='ocrx_word' id='word_1_163' title='bbox 188 2530 267 2602; x_wconf 87' lang='lat'>11.‘</span> <span class='ocrx_word' id='word_1_164' title='bbox 270 2530 644 2621; x_wconf 77' lang='grc' dir='ltr'><em>Ἕγκαταλειφθήσεται</em></span> <span class='ocrx_word' id='word_1_165' title='bbox 677 2530 697 2619; x_wconf 80' lang='grc' dir='ltr'><em>ἡ</em></span> <span class='ocrx_word' id='word_1_166' title='bbox 728 2527 882 2621; x_wconf 87' lang='grc' dir='ltr'><em>θυγάτηρ</em></span> <span class='ocrx_word' id='word_1_167' title='bbox 911 2528 1055 2602; x_wconf 65' lang='grc' dir='ltr'><em>Σιῶν’</em></span> <span class='ocrx_word' id='word_1_168' title='bbox 1031 2560 1076 2615; x_wconf 90' lang='grc' dir='ltr'><em>ως</em></span> 
     </span>
    </p>

    <p class='ocr_par' dir='ltr' id='par_1_12' title="bbox 56 2627 1115 2824">
     <span class='ocr_line' id='line_1_25' title="bbox 56 2627 1079 2757; baseline 0.008 -61"><span class='ocrx_word' id='word_1_169' title='bbox 56 2644 95 2698; x_wconf 77' lang='lat'><em>[³⁷1</em></span> <span class='ocrx_word' id='word_1_170' title='bbox 111 2632 217 2721; x_wconf 82' lang='grc' dir='ltr'><em>σκηνὴ</em></span> <span class='ocrx_word' id='word_1_171' title='bbox 237 2637 274 2704; x_wconf 80' lang='grc' dir='ltr'><em>ἐν</em></span> <span class='ocrx_word' id='word_1_172' title='bbox 286 2629 469 2723; x_wconf 87' lang='grc' dir='ltr'><em>άμπελῶνι,</em></span> <span class='ocrx_word' id='word_1_173' title='bbox 488 2635 542 2702; x_wconf 93' lang='grc' dir='ltr'><em>και</em></span> <span class='ocrx_word' id='word_1_174' title='bbox 558 2627 601 2712; x_wconf 91' lang='grc' dir='ltr'><em>ῶς</em></span> <span class='ocrx_word' id='word_1_175' title='bbox 619 2630 898 2757; x_wconf 83' lang='grc' dir='ltr'><em>ὀπωροφνλάκιον</em></span> <span class='ocrx_word' id='word_1_176' title='bbox 909 2635 945 2703; x_wconf 79' lang='grc' dir='ltr'><em>ἐν</em></span> <span class='ocrx_word' id='word_1_177' title='bbox 959 2655 1079 2723; x_wconf 89' lang='grc' dir='ltr'><em>σικυη-</em></span> 
     </span>
     <span class='ocr_line' id='line_1_26' title="bbox 104 2730 1115 2859; baseline 0.004 -56.02"><span class='ocrx_word' id='word_1_178' title='bbox 104 2731 216 2859; x_wconf 86' lang='grc' dir='ltr'><em>ράτω,</em></span> <span class='ocrx_word' id='word_1_179' title='bbox 237 2732 281 2813; x_wconf 85' lang='grc' dir='ltr'><em>ῶς</em></span> <span class='ocrx_word' id='word_1_180' title='bbox 306 2730 399 2814; x_wconf 90' lang='grc' dir='ltr'><em>πόλις</em></span> <span class='ocrx_word' id='word_1_181' title='bbox 419 2731 712 2824; x_wconf 77' lang='grc' dir='ltr'><em>πολιορκουμένη”</em></span> <span class='ocrx_word' id='word_1_182' title='bbox 751 2736 806 2804; x_wconf 82' lang='grc' dir='ltr'><em>καὶ</em></span> <span class='ocrx_word' id='word_1_183' title='bbox 833 2737 906 2823; x_wconf 83' lang='grc' dir='ltr'><em>ἕξης</em></span> <span class='ocrx_word' id='word_1_184' title='bbox 932 2737 1115 2824; x_wconf 66' lang='grc' dir='ltr'><em>ἐπιλέγειν</em></span> 
     </span>
    </p>

    <p class='ocr_par' dir='ltr' id='par_1_13' title="bbox 104 2825 1076 2953">
     <span class='ocr_line' id='line_1_27' title="bbox 104 2825 1076 2953; baseline 0.004 -49.134"><span class='ocrx_word' id='word_1_185' title='bbox 104 2829 205 2915; x_wconf 60' lang='lat' dir='ltr'><em>“scafis</em></span> <span class='ocrx_word' id='word_1_186' title='bbox 223 2837 352 2922; x_wconf 80' lang='grc' dir='ltr'><em>ἐγένετο</em></span> <span class='ocrx_word' id='word_1_187' title='bbox 371 2832 478 2923; x_wconf 91' lang='grc' dir='ltr'><em>πόρνη</em></span> <span class='ocrx_word' id='word_1_188' title='bbox 496 2833 590 2953; x_wconf 87' lang='grc' dir='ltr'><em>πόλις</em></span> <span class='ocrx_word' id='word_1_189' title='bbox 609 2835 707 2924; x_wconf 93' lang='grc' dir='ltr'><em>πιστη</em></span> <span class='ocrx_word' id='word_1_190' title='bbox 727 2834 833 2925; x_wconf 73' lang='grc' dir='ltr'><em>Σιῶν,</em></span> <span class='ocrx_word' id='word_1_191' title='bbox 853 2825 930 2906; x_wconf 82' lang='grc' dir='ltr'><em>ἐν</em></span> <span class='ocrx_word' id='word_1_192' title='bbox 908 2866 929 2928; x_wconf 90' lang='grc' dir='ltr'><em>η</em></span> <span class='ocrx_word' id='word_1_193' title='bbox 949 2840 1076 2908; x_wconf 89' lang='grc' dir='ltr'><em>δικαιο-</em></span> 
     </span>
    </p>

    <p class='ocr_par' dir='ltr' id='par_1_14' title="bbox 109 2933 1076 3027">
     <span class='ocr_line' id='line_1_28' title="bbox 109 2933 1076 3027; baseline 0.005 -23"><span class='ocrx_word' id='word_1_194' title='bbox 109 2933 195 3024; x_wconf 83' lang='grc' dir='ltr'><em>σύνη</em></span> <span class='ocrx_word' id='word_1_195' title='bbox 215 2933 375 3025; x_wconf 77' lang='grc' dir='ltr'><em>ἐκοιμηθη</em></span> <span class='ocrx_word' id='word_1_196' title='bbox 395 2934 489 3005; x_wconf 80' lang='grc' dir='ltr'><em>ἐν’</em></span> <span class='ocrx_word' id='word_1_197' title='bbox 450 2965 547 3026; x_wconf 85' lang='grc' dir='ltr'><em>αντη,</em></span> <span class='ocrx_word' id='word_1_198' title='bbox 565 2965 630 3007; x_wconf 93' lang='grc' dir='ltr'><em>νυν</em></span> <span class='ocrx_word' id='word_1_199' title='bbox 656 2939 693 3007; x_wconf 90' lang='grc' dir='ltr'><em>δε</em></span> <span class='ocrx_word' id='word_1_200' title='bbox 712 2934 907 3027; x_wconf 85' lang='grc' dir='ltr'><em>φονευταί;”</em></span> <span class='ocrx_word' id='word_1_201' title='bbox 943 2942 992 3008; x_wconf 79' lang='lat'><em>12</em></span> <span class='ocrx_word' id='word_1_202' title='bbox 1018 2941 1076 3009; x_wconf 77' lang='grc' dir='ltr'><em>καὶ</em></span> 
     </span>
    </p>

    <p class='ocr_par' dir='ltr' id='par_1_15' title="bbox 110 3033 1077 3128">
     <span class='ocr_line' id='line_1_29' title="bbox 110 3033 1077 3128; baseline 0.004 -22"><span class='ocrx_word' id='word_1_203' title='bbox 110 3039 164 3107; x_wconf 78' lang='grc' dir='ltr'><em>ἐπὶ</em></span> <span class='ocrx_word' id='word_1_204' title='bbox 181 3035 310 3118; x_wconf 82' lang='grc' dir='ltr'><em>τούτοις</em></span> <span class='ocrx_word' id='word_1_205' title='bbox 328 3035 491 3108; x_wconf 80' lang='grc' dir='ltr'><em>“ἒσονται</em></span> <span class='ocrx_word' id='word_1_206' title='bbox 513 3037 576 3128; x_wconf 85' lang='grc' dir='ltr'><em>γάρ</em></span> <span class='ocrx_word' id='word_1_207' title='bbox 601 3033 645 3120; x_wconf 88' lang='grc' dir='ltr'><em>ῶς</em></span> <span class='ocrx_word' id='word_1_208' title='bbox 666 3042 861 3128; x_wconf 78' lang='grc' dir='ltr'><em>τερέβινθος</em></span> <span class='ocrx_word' id='word_1_209' title='bbox 884 3034 1077 3128; x_wconf 82' lang='grc' dir='ltr'><em>άποβεβλη-</em></span> 
     </span>
    </p>

    <p class='ocr_par' dir='ltr' id='par_1_16' title="bbox 109 3135 1114 3332">
     <span class='ocr_line' id='line_1_30' title="bbox 109 3135 1074 3232; baseline 0.007 -25"><span class='ocrx_word' id='word_1_210' title='bbox 109 3154 187 3209; x_wconf 81' lang='grc' dir='ltr'><em>κυῖα</em></span> <span class='ocrx_word' id='word_1_211' title='bbox 205 3139 245 3209; x_wconf 86' lang='grc' dir='ltr'><em>τά</em></span> <span class='ocrx_word' id='word_1_212' title='bbox 263 3137 392 3228; x_wconf 86' lang='grc' dir='ltr'><em>φόλλα,</em></span> <span class='ocrx_word' id='word_1_213' title='bbox 418 3141 473 3208; x_wconf 85' lang='grc' dir='ltr'><em>καὶ</em></span> <span class='ocrx_word' id='word_1_214' title='bbox 499 3135 544 3222; x_wconf 90' lang='grc' dir='ltr'><em>ῶς</em></span> <span class='ocrx_word' id='word_1_215' title='bbox 567 3138 768 3232; x_wconf 89' lang='grc' dir='ltr'><em>παράδεισος</em></span> <span class='ocrx_word' id='word_1_216' title='bbox 791 3138 886 3230; x_wconf 77' lang='grc' dir='ltr'><em>ὕδωρ</em></span> <span class='ocrx_word' id='word_1_217' title='bbox 909 3140 954 3231; x_wconf 85' lang='grc' dir='ltr'><em>μὴ</em></span> <span class='ocrx_word' id='word_1_218' title='bbox 978 3149 1074 3232; x_wconf 80' lang='grc' dir='ltr'><em>ἔχων.</em></span> 
     </span>
     <span class='ocr_line' id='line_1_31' title="bbox 109 3238 1114 3332; baseline 0.009 -25"><span class='ocrx_word' id='word_1_219' title='bbox 109 3241 164 3308; x_wconf 85' lang='grc' dir='ltr'><em>καὶ</em></span> <span class='ocrx_word' id='word_1_220' title='bbox 184 3248 274 3312; x_wconf 79' lang='grc' dir='ltr'><em>ἔσται</em></span> <span class='ocrx_word' id='word_1_221' title='bbox 291 3238 312 3331; x_wconf 81' lang='grc' dir='ltr'><em>ἡ</em></span> <span class='ocrx_word' id='word_1_222' title='bbox 332 3238 426 3330; x_wconf 80' lang='grc' dir='ltr'><em>ἰσχὺς</em></span> <span class='ocrx_word' id='word_1_223' title='bbox 449 3238 561 3313; x_wconf 82' lang='grc' dir='ltr'><em>αὐτῶν</em></span> <span class='ocrx_word' id='word_1_224' title='bbox 585 3239 629 3326; x_wconf 89' lang='grc' dir='ltr'><em>ῶς</em></span> <span class='ocrx_word' id='word_1_225' title='bbox 652 3241 781 3332; x_wconf 91' lang='grc' dir='ltr'><em>καλάμη</em></span> <span class='ocrx_word' id='word_1_226' title='bbox 805 3248 991 3331; x_wconf 86' lang='grc' dir='ltr'><em>στυππίου,</em></span> <span class='ocrx_word' id='word_1_227' title='bbox 1018 3246 1114 3316; x_wconf 67' lang='lat' dir='ltr'><strong><em>uulso</em></strong></span> 
     </span>
    </p>
   </div>
   <div class='ocr_carea' id='block_1_11' title="bbox 111 3386 309 3401">
    <p class='ocr_par' dir='ltr' id='par_1_17' title="bbox 111 3386 309 3401">
     <span class='ocr_line' id='line_1_32' title="bbox 111 3386 309 3401; baseline 0.005 -5"><span class='ocrx_word' id='word_1_228' title='bbox 111 3386 309 3401; x_wconf 72' lang='lat'>-—.—-</span> 
     </span>
    </p>
   </div>
   <div class='ocr_carea' id='block_1_12' title="bbox 179 3457 785 3524">
    <p class='ocr_par' dir='ltr' id='par_1_18' title="bbox 179 3457 785 3524">
     <span class='ocr_line' id='line_1_33' title="bbox 179 3457 785 3524; baseline 0.012 -19"><span class='ocrx_word' id='word_1_229' title='bbox 179 3457 387 3511; x_wconf 62' lang='lat' dir='ltr'><strong>nmmw.</strong></span> <span class='ocrx_word' id='word_1_230' title='bbox 491 3460 785 3524; x_wconf 60' lang='grc' dir='ltr'><em>ωωηαωω</em></span> 
     </span>
    </p>
   </div>
   <div class='ocr_carea' id='block_1_13' title="bbox 0 0 1168 3818">
    <p class='ocr_par' dir='ltr' id='par_1_19' title="bbox 0 0 1168 3818">
     <span class='ocr_line' id='line_1_34' title="bbox 0 0 1168 3818; baseline 0 0"><span class='ocrx_word' id='word_1_231' title='bbox 0 0 1168 3818; x_wconf 95' lang='lat' dir='ltr'><em> </em></span> 
     </span>
    </p>
   </div>
  </div>
 </body>
</html>
