2326 3818
134 110 197 175 136
351 62 355 69 ’
534 111 683 163 ευεεειι

104 248 210 323 ταῦτ’
236 248 340 322 αὐτόν
370 247 561 342 ἀπορρήτου
592 258 770 340 θεολογίας
792 257 900 322 οἰκεία
926 250 1106 341 τυγχάνει·

134 361 181 423 ἔτι
205 352 273 442 μὴν
296 355 353 423 καί
376 353 416 423 τά
440 355 517 444 περὶ
540 355 600 441 τής
625 351 913 444 ἐναυθρωπήσεως
936 349 1059 439 αὐτοῦ,
1084 351 1109 427 δι’

133 457 188 526 καί
207 459 322 547 προῦτα
342 457 374 539 ἐξ
393 457 506 544 ἑτέρας
525 453 627 544 λόγου
644 454 758 546 ἀρχῆς,
777 453 822 537 ῦς
834 453 916 545 πρός
928 453 1007 537 τοῦς
1024 452 1108 529 ἀπί-

133 579 249 646 στους,
274 561 355 640 τέως
381 553 485 629 αῦτόν
511 554 642 647 βοηθόν
666 555 938 648 ἐπικαλεσάμενοι
961 556 1020 629 τόν
1043 566 1109 630 τοῦ

132 667 218 730 θεοῦ
237 658 360 749 λόγου,
380 663 462 751 φέρε
482 657 751 749 διασκεψώμεθα.
1117 690 1132 733 ε

516 977 719 987 ---

80 1283 120 1333 [5η
462 1261 615 1314 ΒΙΒΛΙΟΝ
633 1261 779 1315 ΤΡΙΤΟΝ.

75 1401 117 1452 ιιι)
217 1371 293 1439 Τῦν
310 1370 565 1458 προλεγομένων
583 1373 631 1450 εἰς
653 1366 715 1458 τήν
734 1366 955 1457 εῦαγγελικήυ
971 1365 1109 1443 άπόδει·

132 1474 184 1554 ξιν
208 1466 382 1559 αὐτάρκως
407 1497 462 1558 μοι
493 1471 794 1560 γεγυμνασμένων,
820 1470 1110 1561 ἀποδεδειγμένου

132 1600 167 1642 τε
191 1576 251 1641 τοῦ
279 1568 405 1658 τρόπου
427 1573 486 1660 τής
508 1575 570 1643 τοῦ
593 1574 740 1662 σωτῆρος
770 1569 866 1662 ἡμων
889 1570 1109 1665 εῦαγγελιιιῆς

134 1677 364 1761 διδασκαλίας,
376 1675 434 1762 τής
447 1700 484 1744 τε
498 1679 605 1755 αἰτίας
614 1670 841 1763 ἀποδοθείσης
856 1669 903 1743 δι’
917 1663 965 1744 ἀν
977 1670 1107 1747 τάἸου-
1121 1702 1147 1745 ιο

133 1781 241 1844 δαίων
252 1771 482 1864 ἀσπασάμενοι
498 1773 594 1864 λόγια
605 1773 664 1845 τόν
676 1771 750 1845 κατ’
769 1772 891 1858 αῦτοῦς
903 1783 980 1864 βίον
994 1803 1109 1870 παρη-

81 1873 318 1966 ιεειτησάμεθα,
337 1878 393 1946 καί
411 1883 460 1947 ἔτι
472 1875 553 1968 πρὸς
566 1874 695 1960 τούτοις
713 1874 895 1960 συστάντος
914 1875 958 1960 ῦς
972 1884 1010 1948 αἰ
1025 1905 1108 1971 προ-

135 1979 273 2066 φητικαί
291 1974 370 2063 παρ’
399 1975 512 2060 αὐτοῖς
530 1980 657 2069 γραφαὶ
681 1982 909 2069 προλαβοῦσαι
926 1978 964 2050 τὸ
982 1982 1109 2070 μίλλον

133 2084 191 2166 τῆς
204 2075 364 2166 ἡμετέρας
379 2075 435 2148 διά
448 2083 596 2170 Χριστοῦ
608 2082 789 2171 γενομένης
801 2078 947 2170 κλήσεως
961 2082 1110 2173 ἐμνημό-

134 2202 279 2270 νευσαν,
299 2176 351 2251 διό
369 2182 425 2250 καί
444 2179 488 2262 ως
506 2187 656 2271 οἰκείων,
675 2179 748 2252 ἀλλ’
770 2180 832 2253 οῦκ
845 2179 1031 2272 ἀλλοτρίων
1044 2184 1108 2256 αῦ·
1122 2210 1148 2251 ιι

133 2288 202 2353 τῶν
219 2280 506 2372 μεταποιούμεθα·
543 2292 640 2354 καλεῖ
655 2281 698 2372 δὴ
715 2283 828 2374 καιρὸς
854 2283 904 2354 ἐπ’
926 2280 1032 2374 αῦτήν
1050 2290 1108 2377 ἰμ-

23 2425 34 2443 -·
134 2381 241 2473 βάντα
264 2382 326 2476 τήν
350 2383 519 2456 ὑπόθεσιν
548 2382 714 2474 ἀρξασθαι
743 2392 813 2456 τῶν
840 2390 1108 2476 ἐπηγγελμένων.

133 2491 163 2557 2.
183 2495 259 2558 τίνα
279 2487 317 2556 δδ
335 2477 377 2576 ήυ
394 2494 497 2559 ταῦτα
514 2483 590 2556 ἀλλ’
609 2483 631 2575 ή
648 2483 689 2557 τά
706 2489 784 2578 περὶ
800 2494 859 2575 τής
872 2484 955 2558 κατά
971 2485 1032 2558 τόν
1044 2485 1108 2587 ἀν·

133 2601 275 2678 θρωπον
293 2595 483 2679 οἰκονομίας
496 2587 605 2678 Ἰησοῦ
628 2595 687 2659 τοῦ
705 2596 851 2679 Χριστοῦ
876 2596 935 2660 τοῦ
953 2595 1052 2679 θεοῦ,
1070 2596 1113 2661 αἵ

134 2695 254 2759 τετῶν
272 2687 350 2780 παρ’
372 2688 538 2778 Ἑβραίοις
561 2696 743 2780 προφητῶν
765 2692 842 2777 περὶ
866 2697 924 2779 τής
946 2686 1021 2760 κατ’
1041 2687 1106 2761 αῦ-
1119 2718 1147 2759 ιο

134 2787 193 2860 τόν
211 2797 390 2879 θεολογίας
414 2797 648 2881 διδασκαλίαι,
673 2793 728 2861 καὶ
747 2799 785 2862 αλ
808 2794 958 2881 περὶτῆς
976 2798 1024 2875 εἰς
1043 2790 1107 2863 άν-

134 2889 295 2980 θρωόπους
327 2896 524 2983 ἐπιφανείας
554 2889 659 2964 αὐτοῦ
689 2892 906 2986 προρρήσεις,
942 2889 982 2976 ἀς
1012 2890 1107 2989 αὐτῷ

107 2991 226 3088 ιμόνςο
259 2993 456 3083 ἐφαρμόζειν
487 2999 520 3079 ἐξ
551 2998 702 3086 ἐναργῶν
730 3002 799 3065 τῶν
828 2991 1107 3085 ἀποτελεσμάτων

136 3093 257 3167 αῦτίκα
270 3094 358 3185 μάλα
373 3096 640 3190 παραστήσομευ,
655 3093 983 3187 προῖτονάναγκαίως
994 3100 1106 3169 ἐκεῖνο

134 3196 388 3290 θεωρήσαντες,
406 3198 495 3282 ὅπως
513 3204 548 3271 οἰ
563 3206 730 3292 προφήται
747 3196 809 3288 τήν
826 3206 886 3269 τοῦ
905 3195 1104 3288 εῦαγγελίου
1117 3224 1145 3266 ιι

136 3299 271 3390 μνήμην
290 3305 344 3372 ἐπὶ
361 3309 421 3374 τοῦ
440 3309 586 3393 Χριστοῦ
604 3299 872 3393 παρελάμβανον.

212 3401 234 3470 Ι.
266 3410 333 3474 Τοῦ
359 3405 570 3495 δηλωθέντος
593 3401 718 3494 μάρτυς
736 3396 780 3474 ἀν
805 3413 857 3492 εἰη
876 3400 1021 3496 ῥήμασιν
1039 3398 1104 3472 αῦ-
