2326 3818
549 153 698 205 EUSEBII

443 356 522 432 Ἀπδ
540 363 601 431 τοῦ
619 367 798 451 Ζαχαρίου.

214 513 260 574 IV.
277 492 369 568 “Kal
387 494 533 587 λήψομαι
548 499 680 591 ἐμαυτῷ
692 493 753 567 δύο
771 494 931 587 ῥάβδους,
949 493 1011 584 τὴν
1028 471 1113 586 μίαν

138 598 278 672 ἐκάλεσα
296 597 433 688 κάλλος,
460 600 516 668 καὶ
539 597 602 686 τὴν
621 600 739 688 ἑτέραν
763 597 903 671 ἐκάλεσα
921 605 1112 690 σχοίνισμα,

137 705 193 773 καὶ
210 704 364 792 ποιμανῶ
386 700 426 770 τά
445 697 596 791 πρόβατά
613 728 696 790 μου,
724 703 780 769 καὶ
804 703 910 791 ἐξαροδ
926 697 1003 780 τούς
1021 716 1113 791 τρεῖς

72 833 126 886 (αν)
139 806 298 894 ποιμένας
318 806 354 874 ἐν
372 803 453 893 μηνὶ
473 803 541 890 ἑνὶ,
560 803 616 872 καὶ
634 800 885 892 βαρυυθῆσεται
901 799 922 889 ἡ
937 800 1027 890 ψυχή
1045 832 1137 891 μονε

139 902 194 978 ἐπ’
220 902 353 985 αύτούς.
396 905 452 974 καὶ
484 902 547 994 γάρ
579 907 618 973 αλ
644 906 748 993 ψυχαὶ
780 899 892 974 αὐτῶν
919 900 1113 993 ἐπωρύοντο

139 1005 191 1078 ἐπ’
215 1007 291 1096 ἐμὲ,
310 1008 366 1075 καὶ
381 1004 474 1092 εἶπα,
492 1002 533 1075 οὐ
547 1009 699 1094 ποιμανῶ
712 1000 813 1094 ὑμᾶς·
841 1004 878 1075 τὸ
892 1003 1113 1095 ἀποθνῆσκον

71 1139 125 1190 [τοο]
141 1107 400 1198 ἀποθνησκέτω,
430 1109 486 1177 καὶ
512 1104 548 1176 τδ
579 1109 736 1177 ἐκλεῖπον
761 1108 954 1195 ἐκλειπέτοτ,
985 1110 1042 1177 καὶ
1072 1104 1113 1178 τά

139 1208 324 1281 κατάλοιπα
342 1207 564 1297 ἐσθιέτοισαν,
583 1211 720 1290 ἕκαστος
737 1207 794 1292 τάς
812 1207 938 1299 σάρκας
951 1215 1011 1279 τοῦ
1030 1217 1112 1297 πλη-

142 1319 216 1383 σίον
240 1307 354 1383 αύτού.
398 1311 455 1380 καὶ
479 1308 626 1400 λη’ψομαι
657 1309 719 1399 τὴν
750 1308 877 1399 ῥάβδον
907 1308 969 1400 τὴν
992 1309 1111 1399 καλὴν,
1126 1343 1151 1383 ιο

139 1416 196 1484 καὶ
237 1412 414 1506 ἀπορρίψω
450 1407 556 1500 αὐτὴν
595 1418 655 1480 τοῦ
693 1410 909 1483 διασκεδάσαι
943 1410 1007 1500 τὴν
1041 1418 1112 1481 δια·

140 1514 253 1604 θήκην
275 1543 357 1605 μου,
381 1510 424 1602 ἣν
449 1514 611 1602 διεθέμην
638 1512 719 1603 πρὸς
746 1512 873 1595 πάντας
897 1513 975 1593 τοδς
999 1510 1110 1595 λαούς.

140 1620 197 1687 καὶ
216 1612 543 1703 διασκεδασθήσεται
561 1618 599 1686 ἐν
615 1621 656 1705 τῇ
676 1609 782 1707 ἡμέρα
801 1620 932 1707 ἐκείνη,
951 1616 1006 1684 καὶ
1025 1612 1114 1702 γνοί-

141 1742 255 1791 σονται
272 1723 307 1788 oc
312 1729 497 1790 Χαναναῖοι
511 1714 551 1786 τά
565 1714 717 1807 πρόβατα
734 1717 774 1787 τά
791 1714 1031 1805 φυλασσόμενά
1044 1745 1112 1805 μοι,

140 1819 190 1892 ὅτι
208 1817 304 1908 λόγος
322 1828 442 1911 κυρίου
458 1823 536 1889 ἐστί.
563 1820 619 1889 καὶ
639 1817 798 1909 ἐρῶπρδς
812 1816 945 1906 αὐτούς,
965 1825 997 1886 εἰ
1009 1817 1113 1887 καλὸν
1127 1848 1152 1889 ιε

142 1920 287 1992 ἐντόπιον
309 1920 406 2010 ὑμῶν
433 1924 501 1991 ἐστι
509 1973 519 2007 ,
551 1918 628 1990 δότε
650 1919 709 1989 τὸν
737 1917 863 2009 μισθόν
885 1947 951 2006 μου
973 1912 995 2003 ἢ
1018 1913 1112 1986 άπεί-

115 2016 263 2096 επασθε.
290 2025 347 2091 καὶ
365 2028 509 2108 ἔστησαν
522 2018 581 2090 τόν
598 2019 725 2110 μισθόν
741 2051 806 2111 μου
819 2017 995 2110 τριάκοντα
1009 2014 1113 2108 ἄργυ-

142 2126 231 2214 ρούς.
259 2125 316 2192 καὶ
335 2122 428 2192 εἶπεν
446 2120 561 2214 κύριος
578 2121 661 2213 πρός
679 2151 732 2213 με,
750 2122 855 2205 κάθες
872 2117 993 2203 αὐτούς
1012 2127 1059 2202 εἰς
1077 2122 1114 2192 τὸ

141 2221 379 2315 χωνευτηριον,
398 2226 454 2295 καὶ
473 2226 594 2309 σκέψαι
614 2232 644 2294 εἰ
657 2222 795 2315 δόκιμόν
809 2229 911 2313 ἐστιν,
931 2218 972 2293 δν
989 2221 1114 2313 τρόπον

144 2325 372 2416 ἐδοκιμάσθην
386 2325 471 2415 ὑπὲρ
490 2324 611 2396 αὐτῶν.
638 2329 694 2396 καὶ
708 2334 831 2414 ἔλαβον
844 2323 922 2407 τούς
935 2323 1114 2414 τριάκοντα
1127 2357 1152 2397 ιο

141 2425 328 2520 άργυροῦς,
346 2431 402 2498 καὶ
423 2431 583 2515 ἐνέβαλον
601 2423 722 2508 αύτούς
742 2436 788 2508 εἰς
805 2427 864 2497 τόν
881 2428 975 2498 οἷκον
993 2417 1114 2516 κυρέου

142 2537 189 2613 εἰς
213 2530 249 2601 τό
274 2528 516 2621 χωνευτηριου,
545 2532 601 2599 καὶ
623 2528 791 2621 άπέρριψα
814 2527 876 2618 την
899 2527 1028 2620 ῥάβδον
1051 2525 1114 2617 τὴν

143 2636 306 2721 δευτέραν
322 2631 359 2702 τὸ
379 2638 558 2721 σχοίνισμα
581 2635 641 2702 τοῦ
668 2627 887 2700 διασκεδάσαι
909 2629 971 2718 τὴν
991 2627 1115 2718 διαθή-

142 2762 206 2822 κην
223 2731 287 2804 άυά
305 2736 408 2821 μέσον
420 2730 533 2802 Ἰούδα
551 2734 607 2801 καὶ
625 2730 689 2803 άυά
706 2736 809 2820 μέσον
824 2727 987 2821 Ἱσραήλ.”

219 2839 249 2902 2.
268 2836 335 2903 Καὶ
353 2836 457 2903 ταῦτα
474 2835 589 2916 τέλους
608 2832 787 2924 ἐτύγχανεν
802 2832 858 2904 ὅτε
876 2831 958 2904 κατά
976 2834 1038 2922 μὲν
1055 2823 1115 2904 τόν
1127 2864 1153 2906 τε

119 2978 130 3006 e
146 2930 473 3008 Λουκᾶν“άπελθοδν
484 2933 500 3006 ὃ
511 2933 638 3018 Ἰούδας
652 2935 826 3006 συνελάλει
838 2952 907 3018 τοῖς
921 2933 1115 3028 ἀρχιερεῦσι

144 3038 200 3106 καὶ
219 3045 446 3129 γραμματεῦσι
463 3038 519 3107 καὶ
538 3054 734 3128 στρατηγοῖς
751 3041 813 3109 τού
826 3044 930 3129 ἱεροῦ,
948 3034 1038 3120 ὅπως
1057 3035 1116 3108 αύ-

144 3138 202 3209 τὸν
227 3143 369 3232 παραδῷ
392 3135 520 3221 αὐτοῖς·
553 3143 610 3210 καὶ
634 3138 818 3230 ἐχάρησαν,
849 3143 905 3210 καὶ
930 3143 1117 3210 συνέθεντο

144 3239 237 3335 αὐτῷ
259 3239 402 3332 άργύρια
427 3237 579 3330 δούναι,”
607 3240 689 3312 κατά
715 3243 752 3312 δέ
776 3239 836 3313 τόν
852 3239 997 3335 Μάρκον
1011 3237 1116 3331 “ὁπη·

195 3471 215 3517 2
231 3472 382 3541 Zach.11,
400 3479 424 3528 7.
534 3477 568 3529 26
585 3474 711 3539 Luo.22,
722 3476 748 3526 4.

125 3764 206 3778 -n
