2326 3818
313 147 498 200 DEMONST.
516 148 649 200 EVANG.
667 149 743 200 vlu.
762 151 788 201 2.
961 148 1025 217 535

57 297 194 357 πλεῖστα
211 284 273 355 ὅσα
290 283 331 356 τά
347 286 470 374 μεταξύ
487 283 762 375 προφητευύμενα
775 291 833 373 τῆς
847 286 1025 376 λειπούσης
1039 315 1052 354 d

56 392 133 476 μιᾶς
151 385 354 476 ἑβδομάδος,
380 385 421 457 τά
444 387 543 458 λοιπά
561 386 669 457 πάντα
695 384 751 457 διά
767 392 873 476 με’σον
890 393 948 476 τῆς
966 394 1025 459 τοτ’·

57 493 207 579 χρησμοῦ
238 486 453 578 προρρήσεως
485 491 641 577 εἰρημένα
673 491 885 578 ἐπιτελεῖται,
917 485 940 559 δι’
969 495 1025 561 καὶ

58 588 142 659 αύτά
164 592 283 660 τοῦτον
310 596 376 678 ἔχει
401 588 462 659 τὸν
486 589 611 678 τρόπον
622 587 728 679 “μετά
750 589 809 671 τάς
834 590 1023 680 ἑβδομάδας
1039 624 1091 674 μοι

32 690 208 772 οτάςὲπτά
220 692 276 762 καὶ
297 689 456 779 ἑξήκοντα
476 690 538 762 δύο
557 691 878 780 ἐξολοθρευθήσεται
889 711 1022 783 χρῖσμα,

57 795 113 862 καὶ
131 800 232 880 κρίμα
250 789 313 864 ούκ
331 801 422 863 ἔστιν
441 797 478 864 ἐν
495 791 594 886 αὐτῷ.
636 795 692 864 καὶ
709 790 770 882 τὴν
793 791 892 865 πόλιν
914 794 1024 866 καὶτὸ

56 891 152 983 άγιον
172 900 353 983 διαφθερεῖ
367 891 433 966 σύν
449 897 496 989 τῷ
513 890 688 989 ἡγουμένω
705 898 753 988 τώ
771 897 948 991 ἐρχομένῳ,
968 899 1022 966 καὶ

58 994 296 1086 ἐκκοπήσονται
321 999 357 1066 ἐν
380 1001 620 1090 κατακλυσμῷ,
642 1000 699 1067 καὶ
717 1000 778 1078 ἕως
795 1002 911 1079 τέλους
929 1003 1025 1069 πολέ-

56 1126 121 1185 μου
145 1101 415 1187 συντετμημέυου
439 1093 671 1186 άφανισμσλς.”
717 1104 766 1168 88.
787 1102 843 1169 καὶ
866 1103 969 1170 ταύτα
989 1101 1025 1171 δὲ

19 1229 44 1267 ιο
58 1204 181 1286 ἐναργῆ
207 1196 268 1287 την
290 1206 429 1286 ἔκβασιν
452 1208 575 1287 εἴληφε
592 1197 663 1269 κατ’
698 1194 799 1270 αύτόυ
828 1198 1025 1289 Αὔγουστον
1127 1276 1129 1282 ς

56 1301 111 1368 καὶ
125 1297 296 1388 Ἡρώδην,
325 1307 372 1380 εἰς
395 1295 455 1380 οὓς
479 1298 538 1381 τὰς
556 1303 797 1390 προειρημένας
824 1300 905 1372 ἑπτά
924 1305 1025 1390 ἑβδο-

55 1398 163 1488 μάδας
180 1407 518 1489 σνγκεφαλαιούσθαί
532 1429 653 1491 φαμεν.
684 1397 754 1495 ὁδώ
766 1405 851 1491 γοῦν
865 1405 919 1472 καὶ
936 1402 1024 1486 τάξει

55 1508 114 1570 τοῦ
141 1501 224 1570 κατά
255 1499 317 1592 τὴν
343 1498 596 1592 ἀρχιερωσύνην
627 1511 805 1593 χρίσματος
831 1506 926 1595 μέχρι
957 1510 1025 1575 τών

51 1599 204 1692 Ἡρώδου
228 1607 284 1673 καὶ
307 1601 508 1692 Αὐγούστου
531 1602 663 1699 χρόνων
687 1608 941 1695 διαρκέσαντος,
968 1609 1025 1695 τῆς

17 1731 42 1772 15
55 1732 90 1774 τε
118 1710 274 1793 διαδοχῆς
300 1711 368 1776 τών
395 1703 497 1775 πάλαι
523 1699 706 1798 άρχιερέωυ
730 1710 784 1777 ἐπὶ
806 1703 1025 1797 Ἀλέξανδρον

54 1803 112 1874 τὸυ
130 1803 293 1897 Ὑρκανοῦ
323 1809 448 1896 πατέρα
479 1816 756 1899 περιγραφείσης,
785 1803 935 1899 Ἡρώδης
966 1808 1025 1879 τὸν

48 1904 213 1993 Ὑρκανὸν
235 1899 368 1979 ἀνελών
390 1904 501 1979 ούκέτι
526 1925 606 2002 τοῖς,
619 1913 656 1980 ἐκ
678 1912 831 1999 πατέρων
858 1909 1024 1999 διαδόχοις
1038 1941 1091 1991 ιωη

56 2011 227 2096 ἐπιτρέψαι
246 2013 374 2098 λέγεται
391 2009 454 2098 τὴν
471 2019 699 2101 λειτουργίαν,
727 2007 810 2082 άλλά
835 2037 924 2083 τισιν
943 2008 1025 2101 άσή-

54 2137 127 2195 μοις
145 2112 201 2179 καὶ
228 2108 394 2199 ἀφανέσιν
420 2107 623 2200 άνθρώποις.
669 2119 718 2183 89.
738 2120 836 2184 τοῦτο
864 2114 902 2184 δὲ
926 2118 981 2183 καὶ
1007 2112 1025 2183 ὁ

17 2237 42 2276 νο
55 2207 201 2298 χρησμὸς
224 2209 405 2300 προλαβών
433 2215 613 2282 ἐθέσπισεν
637 2212 742 2283 εἰπών
761 2212 840 2284 “nal
864 2211 946 2303 μετά
968 2214 1025 2295 τάς

56 2309 244 2399 ἑβδομάδας
274 2311 332 2392 τάς
356 2308 437 2381 ἑπτά
468 2315 524 2381 καὶ
550 2311 709 2401 ἑξήκοντα
734 2313 795 2385 δύο
825 2318 1025 2404 ἐξολοθρευ-

54 2409 195 2497 θήσεται
213 2429 351 2500 χρῖσμα,
370 2414 426 2481 καὶ
445 2419 546 2502 κρίμα
564 2411 626 2483 οὐκ
644 2410 790 2484 ἔστιν’ἐυ
815 2412 938 2506 αύτῷ.”
972 2423 1022 2484 θλ).
1092 2425 1095 2434 ’

53 2510 135 2602 ὅπερ
154 2517 269 2600 σαφώς
291 2516 348 2584 καὶ
371 2518 406 2584 οἱ
420 2518 530 2584 λοιποὶ
552 2522 746 2585 τεθείκασιν
770 2512 1023 2604 ἑρμηνευταί·ὁ

54 2614 116 2701 μὲν
131 2611 268 2696 Ἀκύλας
286 2613 395 2704 φήσας
409 2613 489 2687 “nal
506 2614 588 2706 μετδι
601 2614 658 2700 τάς
669 2614 750 2687 ἑπτά
766 2616 953 2706 ἑβδομάδας
968 2620 1023 2687 καὶ

14 2741 40 2781 τι
56 2714 213 2803 ἑξήκοντα
232 2715 294 2788 δύο
318 2716 639 2808 ἐξολοθρευθήσεται
662 2714 857 2809 ἦλειμμένος
881 2721 937 2788 καὶ
961 2716 1024 2789 ούκ

54 2825 146 2887 ἔστιν
168 2814 297 2910 αύτῷ·“
334 2817 352 2888 ὁ
377 2820 415 2889 δδ
437 2817 617 2910 Σύμμαχος
636 2817 714 2891 “nal
737 2819 818 2909 μετά
843 2818 900 2902 τάς
925 2823 1020 2909 ἑβδο-

53 2915 160 3006 μάδας
183 2917 241 3000 τάς
265 2917 347 2989 ἑπτά
371 2923 427 2990 καὶ
452 2920 611 3013 ἑξήκοντμ
630 2920 694 2991 δύο
719 2921 934 3012 ἐκκοπήσεται
952 2952 1024 3011 χρι-

54 3015 149 3107 στὸς,
167 3022 224 3089 καὶ
241 3016 301 3109 ούχ
319 3018 459 3111 ὑπάρξει
483 3018 609 3117 αύτφ.”
654 3018 739 3094 ὅθεν
763 3022 904 3114 μάλιστα
923 3036 1022 3110 παρί-
1039 3055 1051 3091 ι

54 3129 202 3192 στασθαί
222 3150 277 3210 μοι
301 3128 395 3192 δοκεῖ
417 3122 548 3212 χριστὸς
578 3121 763 3213 ἡγούμενος
789 3125 874 3196 εἶναι
898 3127 915 3194 δ
940 3120 1021 3193 κατά

13 3249 40 3289 εο
54 3219 115 3309 τὴν
132 3221 295 3311 ἡμετέραν
313 3220 476 3296 άπόδοσιν
495 3227 734 3315 δεδηλωμένος.
772 3232 821 3296 91.
841 3222 921 3316 μετά
940 3228 1024 3314 γοῦν

121 3459 137 3504 4
156 3457 227 3507 Dan.
241 3460 266 3519 9,
281 3459 322 3506 26.
