2326 3818
346 127 528 179 υεκοεευ.
547 113 680 178 Εκεοο.
699 127 747 177 1x.
765 128 789 176 8.
995 123 1057 187 593

87 258 130 338 οῶ
148 265 318 336 διδάσκων
337 262 435 346 αὐτὸς
454 273 568 353 ἔλεγεν
581 261 748 353 “έπάρατε
765 266 843 345 τούς
860 263 1058 353 ὀφθαλμούς

88 367 201 457 ὑμῶν,
232 370 289 437 καὶ
321 374 407 438 ίδετε
437 366 495 446 τάς
518 364 644 456 χώρας,
671 363 721 436 ότι
745 374 866 435 λευκαί
887 375 951 436 εἰσι
976 367 1057 455 πρὸς

88 468 253 558 θερισμὸν
266 465 365 557 ήδη.”
389 465 511 557 ἐδήλου
525 469 563 538 δὲ
579 471 634 537 διὰ
646 465 776 539 τούτων
789 465 852 554 τήν
864 472 931 536 τῶν
946 472 1059 538 ἐθνῶν

90 569 353 658 ἐπισυναγωγήν.
392 572 555 659 περὶτῶν
573 565 685 639 αὐτῶν
712 570 750 639 δὲ
768 579 895 657 είρηται
912 565 962 638 ότι
975 567 1057 639 “εῶ-
1072 598 1125 651 μα]

61 671 347 761 εφρανθήσονται
375 666 415 742 δν
444 669 570 763 τρόπον
599 678 634 741 οί
662 669 890 760 διαιρούμενοι
915 667 1056 739 σκῦλα.”
1074 703 1086 741 ι

90 779 138 843 13.
167 771 352 874 διελόμενοι
382 777 468 862 γοῶν
497 781 544 855 είς
575 769 740 862 ἀλλήλους
770 772 829 855 τάς
859 770 967 900 χώρας
990 778 1058 841 τῶν

88 879 202 945 ἐθνῶν
216 881 272 945 καὶ
285 873 346 964 τήν
359 871 421 965 ὑφ’
441 873 538 965 ήλιον
555 878 667 946 πᾶσαν
681 882 716 945 οί
729 879 790 946 τοῶ
803 878 949 962 σωτήρος
963 871 1058 962 ήμῶν

87 986 239 1067 μαθηταί
260 1006 295 1047 τε
325 980 380 1047 καὶ
404 976 636 1066 εὐαγγελισταὶ
666 985 807 1067 μυρίους
838 974 938 1056 ὅσους
963 974 1057 1045 ἐσκό-

88 1088 214 1149 λευσαν
237 1075 399 1168 ἀρχοντας
417 1084 476 1150 τοῦ
494 1084 615 1159 αἰῶνος
637 1077 773 1166 τούτου,
801 1079 879 1159 τοὺς
897 1076 1059 1166 πρότερον

50 1213 75 1252 10
88 1183 156 1249 τῶν
175 1183 286 1249 ἐθνῶν
305 1182 516 1266 κρατοῦντας.
545 1179 586 1250 οδ
604 1177 671 1268 μήν
684 1175 768 1248 ἀλλά
783 1183 839 1248 καὶ
853 1177 933 1248 ἀλλο
952 1191 1059 1248 αίτιον

87 1286 147 1349 τοῦ
166 1276 468 1368 εὐφρανθήσεσθαι
486 1277 608 1361 αὐτούς
626 1303 722 1370 φησι,
740 1279 777 1351 τὸ
795 1270 899 1369 ήρθαι
917 1276 976 1348 ἀπ’
997 1278 1056 1348 αδ-

87 1385 155 1450 τῶν
172 1379 231 1451 τόν
248 1380 437 1469 σωματικόν
454 1386 515 1453 του
531 1382 636 1472 νόμου
655 1381 771 1470 ζυγὸν,
790 1380 849 1451 τόν
863 1380 965 1450 πάλαι
979 1380 1058 1467 πρό-

87 1510 185 1571 τερον
204 1487 414 1571 ἐπικείμενον
432 1481 561 1572 αὐτοίς,
582 1479 623 1554 δν
640 1480 718 1553 οὔτε
735 1481 830 1553 αὐτοὶ
849 1479 925 1551 οὔτε
943 1486 978 1550 οί
994 1508 1059 1550 πα-

88 1586 179 1673 τέρες
198 1580 311 1654 αὐτῶν
329 1580 553 1673 ἠδυνήθησαν
572 1583 745 1673 βαστάσαι.
774 1589 822 1654 14.
843 1580 884 1652 οὐ
898 1581 1001 1672 μόνον
1021 1584 1086 1655 δέε

50 1683 105 1757 ιτὸ
129 1683 225 1774 ζυγός
249 1682 418 1776 ἀφήρηται
442 1683 570 1775 αὐτῶν,
600 1682 685 1756 ἀλλά
713 1688 770 1754 καὶ
794 1683 814 1772 ή
841 1682 965 1773 ῥοῖβδος
991 1689 1059 1754 τῶν

88 1783 340 1878 ἀπαιτούντων,
364 1787 385 1876 ή
410 1787 573 1880 πρότερον
597 1790 651 1858 ἐπὶ
674 1792 733 1858 τοῦ
756 1785 922 1876 τραχήλου
947 1783 1060 1856 αὐτῶν

90 1892 289 1979 ἐπικειμένη.
340 1896 438 1979 δηλοῖ
468 1891 506 1961 δὲ·
532 1889 609 1972 τούς
638 1886 862 1970 ἀπαιτοῦντας
893 1893 930 1959 ἐν
958 1891 1059 1980 ἑτέρῳ

89 1993 197 2079 λέγων
216 1987 317 2071 “λαός
343 2022 425 2081 μου,
455 1998 497 2062 οί·
515 1991 698 2082 πράκτορες
727 1991 822 2081 ὑμῶν
847 1997 1059 2080 καλαμῶνται

87 2087 185 2178 ὑμᾶς,
199 2095 297 2161 καλοί
306 2089 524 2173 ἀπαιτοῦντες
537 2093 754 2182 κυριεύουσιν
767 2090 896 2183 δμῶν.”
920 2099 967 2163 15.
983 2091 1057 2161 ἀλλ’

50 2181 182 2260 τοοῦτοι
205 2194 267 2280 μὲν
290 2197 325 2261 οἱ
346 2189 411 2261 ἀπὸ
435 2198 493 2279 τῆς
512 2192 696 2279 Ζαβουλῶν
720 2198 775 2263 καλ
801 2197 1005 2282 Νεφθαλείμ
1023 2188 1059 2263 τό

88 2293 172 2379 μέγα
190 2296 262 2380 φῶς
279 2295 476 2380 τεθεαμένοι
501 2292 798 2383 εὐφρανθήσονται
818 2293 874 2361 διά
892 2293 931 2362 τά
950 2321 1060 2378 προει·

89 2396 233 2481 ρημένα,
257 2398 292 2462 οί
318 2393 353 2463 δὲ
371 2390 475 2461 πάλαι
492 2390 710 2472 ἀπαιτούντες
729 2391 850 2472 αὐτοὺς
869 2393 1065 2480 ἐκπραχθή-

88 2514 205 2564 σονται
218 2498 313 2583 μέχρι
332 2492 519 2583 κοδράντου
539 2492 678 2584 ἐσχάτον
693 2490 804 2563 πάσάν
817 2522 852 2562 τε
866 2493 989 2580 στολήν
1003 2497 1057 2563 καὶ

89 2600 156 2666 πᾶν
177 2594 306 2686 ίμάτιον
329 2595 546 2679 ἀποτίσαντες
564 2603 785 2688 πυρίκαυστοι
805 2592 1004 2684 γενήσονται
1023 2600 1059 2664 ἐν
1133 2622 1135 2627 ·

50 2702 219 2819 ffifflffmffss'
244 2697 430 2789 ἐκπράξεως
454 2708 568 2794 καιρῷ.
613 2706 662 2770 16.
682 2701 738 2768 καὶ
762 2696 866 2769 ταυτά
889 2726 927 2787 γε
951 2695 1088 2768 πόνταε

89 2804 174 2888 φησὶ
197 2810 393 2890 πείσεσθαι,
422 2800 506 2872 διότι
524 2809 662 2873 παιδίον
681 2799 848 2890 ἐγεννήθη
867 2796 964 2891 ἡμῖν,
988 2800 1060 2883 υίὸς

90 2904 146 2970 καί
165 2901 270 2991 ἐδόθη
288 2901 380 2991 ἡμῖν,
397 2899 415 2972 ὁ
433 2906 493 2991 τής
510 2901 655 2992 μεγάλης
672 2908 796 2990 βουλῆς
814 2901 962 2991 ἅγγελος.
994 2912 1061 2973 τίσι

92 3004 128 3072 δὲ
153 3002 235 3092 ἡμῖν
258 3000 277 3093 ή
303 3019 371 3086 τοῖς
402 3011 449 3086 είς
475 3000 578 3075 αὐτόν
602 3002 856 3093 πεπιστευκόσι,
889 3009 944 3075 καὶ
970 3005 1059 3093 πόση

91 3105 220 3194 δηλαδή
245 3109 286 3195 τῇ
308 3113 471 3197 Γαλιλαία
497 3109 566 3176 τῶν
592 3109 722 3194 ἐθνῶν,
746 3103 796 3187 οἷς
819 3104 855 3176 τὸ
878 3110 962 3194 μέγα
988 3109 1060 3191 φῶς

92 3268 292 3278 ψ

160 3378 173 3422 1
191 3374 235 3423 Jo.
247 3377 271 3433 4,
288 3376 328 3424 35,
487 3375 516 3422 11
536 3374 594 3427 Act.
610 3375 703 3435 15,10.
868 3372 900 3421 18
919 3372 965 3424 Es.
980 3376 1003 3434 3,
1019 3376 1059 3423 12.
1143 3384 1145 3388 ’

91 3441 123 3488 ²26
142 3442 241 3491 Matth.
256 3443 280 3506 5,
295 3441 336 3490 26.

141 3541 280 3577 ευευειυε
299 3541 346 3578 111.
856 3521 897 3585 38
