2326 3818
1047 39 1161 143 ,μ

145 110 208 174 272
553 109 702 160 ουειιυιι

145 248 247 320 άλλον
265 248 358 320 οἷκον
375 256 548 339 σημαίνων
564 243 585 336 ἢ
603 245 665 336 τὴν
682 244 763 320 καθ’
787 245 866 336 ὅλης
883 250 941 337 της
960 254 1127 343 οίκουμέ-

146 380 206 440 νης
223 354 269 445 τῷ
287 354 420 442 Χριστῷ
436 347 594 439 ὀνομαστὶ
614 353 785 421 συστᾶσαν
803 353 1002 438 ἐκκλησίαν,
1033 360 1126 426 ἔνθα

146 458 209 534 πᾶς
223 451 240 522 ὁ
256 452 311 522 διά
319 459 463 541 Χριστοῦ
476 456 534 522 τοῦ
548 457 633 521 θεοῦ
654 455 830 540 ίερωμένος
844 447 928 520 κατά
940 448 1002 533 τάς
1016 480 1125 527 πνευ-

145 554 282 644 ματικάς
296 560 503 643 λειτουργίας
516 550 556 621 τά
574 550 764 640 καταθύμια
778 555 834 622 καὶ
847 550 887 622 τά
900 549 986 622 κατά
1006 554 1126 647 ψυχὴν

146 659 205 726 τοῦ
221 660 306 726 θεοῦ
324 658 453 742 λέγεται
471 652 639 740 ποιήσειν,
664 660 731 723 τῶν
751 650 797 722 δι’
825 659 961 741 αἵματος
979 653 1144 745 ταῦρωυι

146 761 201 827 καὶ
224 755 357 845 τράγων
382 758 464 824 κατά
482 751 549 843 ,τήν
573 752 674 823 πάλαι
692 753 836 842 τακτικὴν
853 750 993 841 άγωγὴν
1013 758 1122 831 έπιτο·

120 859 321 945 ολουμένων
338 859 542 942 μεμισῆσθαι
559 853 625 924 ῦπῦ
650 859 710 925 τοῦ
727 858 813 925 θεοῦ
832 853 886 923 διά
903 858 962 942 τῆς
976 853 1122 931 Ἡσαΐου

148 964 351 1047 προφητείας
369 954 653 1045 ὁμολογουμένων.

222 1062 273 1126 47.
298 1061 448 1127 Τοσαῦτα
467 1055 511 1127 δι’
534 1047 582 1128 ὦν
599 1053 616 1127 ὁ
632 1055 771 1147 Χριστὸς
784 1055 942 1145 ὀνομαστὶ
953 1058 1121 1151 προκεκῆ·

147 1176 262 1247 ρυκτο·
296 1157 385 1246 πλὴν
408 1156 484 1227 ἀλλ’
512 1162 583 1229 ἐπεὶ
608 1156 662 1228 διά
685 1164 752 1229 τῶν
778 1165 943 1227 πλείστων
960 1155 1003 1257 τά
1022 1158 1152 1251 πάθην

147 1263 207 1328 τοῦ
225 1266 369 1351 Χριστοῦ
393 1263 560 1348 συνῆκται
586 1264 627 1351 τῇ
646 1256 750 1329 αῦτοῦ
767 1264 991 1351 προσηγορία,
1012 1257 1121 1351 άναγ-

146 1377 242 1431 καίον
262 1366 488 1450 ἐπαναλαβεῖν
504 1361 544 1431 τά
557 1363 783 1451 προειρημένα
796 1362 943 1450 περὶτῆς
962 1361 1039 1431 κατ’
1060 1358 1131 1435 αῦ·’

146 1462 205 1533 τὸν
222 1461 398 1551 θεότητος,
422 1461 465 1552 ἣν
490 1467 527 1532 ἐν
543 1466 590 1556 τῷ
612 1468 658 1551 μδ
664 1460 671 1484 '
695 1464 823 1555 Ψαλμῷ
841 1464 1119 1560 ἐπιγεγραμμένῳ

144 1570 237 1641 “23an
250 1576 302 1628 τοῦ
315 1568 488 1642 τίγαπητοῦ”
502 1567 666 1652 φέρεσθαι
680 1561 1014 1652 προπαρεστήσαμεν,
1032 1572 1119 1637 ἔνθα

146 1664 163 1734 ὁ
183 1663 279 1752 λόγος
293 1669 329 1734 ἐν
343 1662 486 1755 πρώτοις
496 1661 596 1733 αῦτόν
610 1659 807 1752 ὑπομνήσας
821 1662 865 1744 ὡς
878 1668 1021 1752 βασιλέα
1033 1662 1116 1756 μεθ’
1126 1684 1148 1727 ¹⁸

122 1769 241 1854 ιέτερα
261 1764 376 1853 ἐπάγει
393 1768 543 1853 περὶτῆς
561 1762 717 1851 θεότητος
735 1770 795 1835 τοῦ
814 1768 959 1855 Χριστοῦ
973 1760 1015 1836 “ῦ
1033 1764 1117 1859 θρό-

146 1896 203 1947 νος
222 1892 284 1939 σου
308 1863 324 1936 ὁ
350 1866 428 1947 θεὸς
454 1873 500 1946 είς
523 1863 582 1934 τὸν
605 1872 712 1934 αίῦνα
737 1871 797 1937 τοῦ
822 1869 958 1948 αίῦνος·
987 1866 1117 1956 ῥάβδος

148 1965 350 2054 εῦθῦτητος,
375 1965 395 2054 ἡ
420 1965 543 2054 ῥάβδος
561 1969 618 2054 της
637 1974 807 2054 βασιλείας
825 1989 895 2038 σου.
937 1965 1117 2059 ἠγάπησας

149 2065 366 2153 δικαιοσύνην
385 2070 439 2136 καλ
458 2071 616 2155 ἐμίσησας
634 2065 783 2138 άδικίαν·
813 2067 868 2138 διά
886 2072 982 2138 τοῦτο
1004 2072 1121 2161 ἔχρισέ

147 2190 185 2236 σε
203 2166 220 2237 ὁ
239 2167 318 2249 θεὸς
336 2166 353 2238 ὁ
371 2167 450 2250 θεός
468 2191 530 2239 σου
550 2176 662 2239 έλαιον
679 2168 904 2258 ἀγαλλιάσεως
927 2167 1019 2259 παρά
1036 2173 1116 2256 τοῦς
1128 2190 1149 2233 θ

146 2267 302 2359 μετόχους
320 2267 410 2341 σου.”
436 2276 487 2341 48.
503 2275 619 2359 σαφοῦς
636 2269 699 2360 γάρ
714 2275 750 2341 έν
765 2269 903 2359 τούτοις,
923 2270 967 2353 ὡς
978 2267 1046 2361 ἤδη
1059 2277 1119 2345 καὶ

146 2369 308 2462 πρότερον
326 2370 664 2462 πρυπαρεστήσαμεν,
690 2369 737 2453 εἷς
762 2367 808 2443 ῦν
826 2375 882 2442 καὶ
900 2368 997 2452 αῦτὸς
1016 2371 1034 2443 ὁ
1054 2381 1119 2465 δη-

145 2472 306 2563 λοῦμενος
323 2473 403 2555 θεὸς
423 2474 509 2544 εἶναι
527 2477 676 2561 λέγεται,
695 2469 874 2563 ἠγαπηκώς
894 2472 1118 2566 δικαιοσύνην

145 2578 201 2644 καὶ
218 2573 408 2663 μεμισηκιδς
433 2571 576 2645 άδικίαν.
620 2576 675 2643 καὶ
693 2573 815 2644 τοῦτον
832 2573 929 2664 χάριν
951 2569 1013 2662 ῦφ’
1044 2579 1118 2648 ἑτέ-

146 2702 207 2760 ρου
231 2681 378 2763 μείζονος
407 2681 492 2744 θεοῦ
523 2676 579 2742 καὶ
609 2673 732 2763 πατρὸς
763 2673 866 2747 αὐτοῦ
897 2680 1151 2766 κεχρισμένοςλῡ

126 2781 129 2785 ’
147 2777 245 2866 ε’λαίφ
263 2781 426 2862 κρείττονι
444 2777 499 2844 καὶ
519 2778 712 2863 διαφέροντι
735 2771 755 2865 ἢ
773 2775 855 2847 κατά
872 2775 948 2858 τοῦς
972 2775 1116 2869 τῦπους,

119 2905 130 2943 d
146 2878 191 2965 τςῦ
210 2877 403 2969 καλουμένῳ
421 2880 478 2965 της
496 2874 732 2964 ἀγαλλιάσεως.
760 2883 810 2948 49.
830 2876 901 2948 ὅδὲ
913 2881 959 2970 τῷ
972 2877 1116 2975 τοιοῦτον

146 2977 296 3064 χρισθελς
315 2980 415 3070 ἐλαίῳ
433 2974 474 3046 οῦ
492 2975 573 3066 πρὸς
587 2976 797 3068 ἀνθρώπων,
815 2975 895 3048 οῦδὲ
910 2975 954 3048 δι’
975 2975 1117 3070 άνθρά-

146 3103 231 3164 πων,
250 3073 326 3146 ἀλλ’
347 3073 406 3147 ὑπ’
428 3075 531 3149 αῦτοῦ
548 3085 607 3150 τοῦ
620 3077 792 3150 άνωτάτου
803 3083 899 3168 θεοῦ,
918 3087 953 3149 τί
965 3076 1115 3173 έτερονῆ

145 3177 285 3268 Χριστὸς
303 3178 436 3261 εἰκότως
450 3176 492 3251 άν
504 3177 728 3270 ὀνομασθείη;
747 3179 872 3251 οὐκοῦν
885 3180 902 3251 ὁ
917 3179 1017 3264 αὐτὸς
1028 3178 1115 3272 ὁμοῦ
1127 3200 1153 3242 ³⁰

213 3411 331 3473 7Es.1‚
347 3415 385 3461 11.
490 3414 521 3462 ιι
539 3413 585 3463 Ps.
597 3415 639 3476 45,
654 3415 678 3467 ο.
