2326 3818
142 111 208 177 514
550 111 699 163 υυευεω

142 257 198 324 καὶ
224 252 288 341 ἐγω
312 244 420 341 ἦλθον
444 248 644 341 ἀναγγεῖλαί
666 274 718 322 σοι
742 248 792 321 ὅτι
816 249 902 340 ἀνήρ
921 255 1115 342 ἐπιθυμιῶν

142 354 186 426 σύ
205 355 251 442 εί,
270 358 326 425 καὶ
345 352 524 443 ἐννοήθητι
543 358 579 424 ἐν
596 357 643 446 τῷ
660 352 798 445 ῥήματι,
822 357 878 423 καὶ
896 351 997 437 σύνες
1017 360 1055 427 ἐν
1072 360 1114 448 τῇ

141 453 282 549 ὀπτασίᾳ
306 455 355 527 ὅτι
374 453 459 546 ἀνήρ
481 460 671 544 ἐπιθυμιῶν
689 457 722 524 εί
737 454 790 525 σύ.
829 460 857 524 3.
880 456 1113 544 ἑβδομήκοντα

143 558 327 649 ἑβδομάδες
345 555 607 646 σννετμήθησαν
632 560 686 626 ἐπὶ
704 554 763 628 τδν
788 554 870 628 λαόν
892 580 955 628 σον
980 561 1036 628 καλ
1057 563 1112 629 ἐπὶ

140 658 201 748 τήν
225 660 322 730 πάλιν
345 659 406 750 τὴν
429 655 546 747 ἁγίαν,
571 663 631 728 τοῦ
657 664 922 748 συντελεσθῆναι
945 657 1136 749 ἀμαρτίανι

140 764 195 832 καὶ
220 767 280 833 τού
304 768 487 851 σφραγίσαι
510 758 671 851 ἁμαρτίας
696 764 751 830 καὶ
775 764 835 830 τού
852 759 1036 844 ἀπαλεῖψαι
1052 760 1112 845 τάς

139 861 295 953 ἀνομίας,
321 865 377 931 καὶ
402 865 463 931 τού
488 859 705 943 ἐξιλάσασθαι
734 858 866 944 ἀδικίας
890 865 946 931 καὶ
970 861 1112 952 ἀγαγεῖν

141 962 360 1050 δικαιοσύνην
379 961 534 1052 αίούνιον,
559 966 691 1033 καὶτοῦ
709 972 891 1053 σφραγίσαι
918 962 1037 1053 ὅρασιν
1055 969 1111 1035 καὶ

138 1063 333 1153 προφήτην,
348 1067 403 1134 καὶ
416 1068 477 1135 τού
489 1083 602 1155 χρῖσαι
615 1061 711 1153 ἀγιον
724 1063 840 1152 ἀγίων.
877 1069 905 1133 4.
922 1068 977 1135 καὶ
993 1065 1110 1159 γνάση

139 1169 194 1235 καὶ
213 1166 368 1254 σννήσεις
386 1164 451 1237 ἀπὸ
472 1165 587 1249 ἐξόδου
605 1165 706 1255 λόγον
729 1171 790 1237 τού
811 1163 1039 1257 ἀποκριθῆναι
1052 1172 1109 1238 καὶ
1122 1206 1145 1246 10

138 1271 199 1337 τοῦ
216 1272 432 1358 οἰκοδομῆσαι
445 1266 660 1359 Ἰερουσαλήμ
680 1272 741 1350 ἕως
755 1273 902 1358 Χριστοῦ
919 1264 1110 1358 ἡγουμένου

139 1368 323 1459 ἑβδομάδος
354 1367 435 1440 ἑπτά
472 1373 528 1440 καὶ
558 1368 741 1459 ἑβδομάδες
772 1368 1014 1459 ἑξηκονταδύο,
1054 1375 1112 1442 καὶ

71 1498 125 1548 μω)
141 1474 350 1562 ἐπιστρέψει,
369 1475 425 1542 καὶ
443 1470 743 1562 οἰκοδομηθήσεται
761 1481 901 1541 πλατεῖα
916 1475 972 1542 καὶ
989 1491 1109 1563 τεῖχος,

138 1576 194 1643 καὶ
212 1572 465 1662 κενωθήσονται
484 1580 518 1644 οί
533 1576 655 1663 καιροὶ,
674 1577 731 1644 καὶ
748 1570 828 1662 μετά
846 1572 904 1653 τάς
919 1573 1110 1663 ἑβδομάδας

137 1673 194 1756 τάς
208 1673 429 1765 ἑξηκονταδύο
445 1673 764 1765 ἐξολοθρευθήσεται
784 1692 917 1765 χρῖσμα,
937 1677 992 1745 καὶ
1006 1684 1109 1766 κρίμα
1123 1712 1147 1754 ιι

137 1775 199 1845 ούκ
217 1786 308 1847 ἐστιν
327 1782 363 1847 ἐν
382 1776 488 1869 αὐτῷ,
515 1780 570 1847 καὶ
594 1774 656 1864 τήν
674 1774 772 1847 πόλιν
790 1778 846 1846 καὶ
864 1780 900 1846 τὸ
918 1775 1015 1865 άγιον
1034 1785 1112 1848 δια-

136 1890 264 1967 φθερεῖ
278 1878 343 1950 σύν
360 1883 406 1971 τῷ
425 1874 599 1971 ἡγουμένῳ
617 1883 663 1971 τῷ
682 1882 867 1971 ἐρχομένῳ,
889 1882 945 1948 καὶ
965 1878 1110 1968 ἐκκοπή-

137 2002 252 2049 σονται
271 1985 307 2049 ἐν
325 1983 562 2070 κατακλυσμῷ,
582 1981 637 2047 καὶ
657 1982 717 2060 ἕως
734 1981 850 2059 τέλους
864 1982 1010 2068 πολέμου
1024 2001 1111 2051 σνν-

136 2083 339 2167 τετμημένου
375 2078 594 2168 ἀφανισμοῖς,
625 2083 680 2150 καὶ
713 2080 905 2170 δνναμιύσει
938 2080 1110 2170 διαθήκην

136 2189 270 2261 πολλοῖς
291 2179 433 2271 ἑβδομὰς
451 2189 528 2271 μία,
554 2184 609 2251 καὶ
630 2187 730 2276 ἐντῷ
753 2179 861 2272 ήμίσει
882 2187 940 2272 τῆς
960 2183 1148 2273 έβδομά-εο

136 2289 193 2363 δος
216 2278 399 2372 ἀρθήσεται
422 2292 529 2354 θυσία
552 2286 607 2354 καὶ
633 2284 781 2373 σπονδή,
808 2286 863 2354 καὶ
889 2287 943 2354 ἐπὶ
960 2282 996 2354 τδ
1015 2285 1109 2377 ίερδν

105 2413 119 2453 b
135 2388 309 2475 βδέλυγμα
326 2391 393 2456 των
413 2385 612 2475 ἐρημωσεων
630 2394 738 2474 ἔσται,
758 2388 814 2456 καὶ
832 2390 893 2466 ἕως
911 2395 1109 2470 συντελείας

135 2491 254 2576 καιροῦ
271 2492 445 2558 συντέλεια
464 2487 646 2576 δοθήσεται
665 2490 719 2558 ἐπὶ
736 2485 798 2576 τήν
817 2485 1017 2576 ἐρήμωσιν.”

211 2595 240 2658 5.
266 2594 331 2676 Τής
345 2594 405 2659 τοῦ
416 2587 591 2659 Ἰουδαίων
605 2597 727 2670 ἔθνους
742 2597 788 2671 είς
802 2593 991 2676 Βαβυλῶνα
1011 2592 1108 2678 ἑβδο-

133 2693 376 2778 μηκονταετούς
400 2697 626 2779 αἰχμαλωσίας
650 2697 697 2771 είς
722 2692 823 2780 πέρας
847 2687 914 2778 ήδη
938 2700 1147 2768 συνελαν-κε

134 2789 268 2877 νούσης,
286 2794 332 2882 τῷ
343 2789 476 2878 Δανιὴλ
494 2788 663 2884 εύξαμένφ
679 2787 725 2872 εἷς
742 2797 811 2862 τῶν
828 2789 936 2880 ἀγίων
953 2802 1105 2880 λειτουρ-
1123 2802 1127 2817 “

133 2893 205 2978 γων
227 2893 289 2960 τού
310 2894 396 2962 θεού
412 2890 562 2983 Γαβριήλ
588 2891 606 2963 ὁ
625 2891 827 2984 ἀρχάγγελος
852 2897 1024 2983 ἐπιφανεὶς
1042 2895 1107 2983 τήν

132 2989 321 3064 ἀνανέωσιν
346 3001 403 3084 τῆς
417 2990 634 3085 Ἰερουσαλήμ
661 2991 780 3065 αύτίκα
798 2994 871 3065 τότε
895 2996 951 3065 καὶ
974 2992 1038 3066 ούκ
1057 3004 1107 3079 είς

131 3092 263 3184 μακράν
281 3102 419 3166 ἐσεσθαι
436 3104 598 3184 θεσπίζει,
617 3094 723 3167 τόντε
741 3097 823 3186 μετά
836 3093 898 3184 τήν
915 3094 1105 3168 ἀνανέωσιν

132 3193 234 3284 αὐτῆς
253 3195 373 3286 χρόνον
392 3205 439 3279 είς
458 3203 542 3269 ἐτῶν
559 3196 705 3289 ἀριθμὸν
723 3207 919 3289 περιορίζει,
947 3201 1103 3287 προλέγει
1118 3235 1145 3276 ιο

104 3334 115 3362 0
131 3323 168 3364 τε
186 3293 230 3377 ὡς
247 3298 328 3388 μετά
346 3297 407 3388 τήν
426 3297 615 3390 ὡρισμένην
632 3307 842 3391 προθεσμίαν
861 3291 960 3380 αὖθις
978 3311 1103 3370 καθαι-

132 3395 327 3488 ρεθήσεται,
346 3404 401 3471 καὶ
419 3404 464 3485 ὡς
482 3400 544 3492 τήν
563 3405 725 3493 δευτέραν
748 3396 958 3492 ὑπομείνασα
974 3397 1103 3472 ἅλωσιν
