2326 3818
140 129 203 192 576
547 128 697 180 EUSEBJI

142 274 199 360 τής
217 265 306 358 παρά
324 277 446 339 Μωοεῖ
459 274 643 357 μαρτυρίας
666 266 757 359 αὐτῷ
775 268 1041 358 παρειλημμένα,
1066 264 1107 355 ήν

74 402 128 451 μου
144 373 199 440 καὶ
221 366 341 462 άρτίως
367 367 615 457 διεληλύθαμεν
632 364 723 438 τδ“ὁ
746 367 825 449 θεὸς
849 363 1025 456 ὡδήγησεν
1049 367 1107 439 αὐ-

141 469 200 542 τδν
223 475 255 555 ἐξ
280 468 476 560 Αίγύπτου”
510 469 735 558 διηγούμενοι,
759 475 831 540 ἐπεὶ
859 468 937 559 μηδ’
967 466 1066 551 αὐτὸς
1089 465 1107 540 ὁ

143 569 375 662 εὐαγγελιστής
394 571 458 642 άπδ
472 578 529 659 τής
543 575 602 640 τοῦ
615 569 715 660 Ὠσηὲ
729 578 933 661 προφητείας
947 574 1108 661 εἰλῆφθαι

141 673 232 768 αὐτῷ
248 673 286 744 τδ
304 673 416 762 λόγιον
435 681 575 761 ἔφησεν,
594 669 638 754 ὥς
658 671 828 743 δύνασθαι
840 674 894 742 καὶ
909 671 1017 742 πόθεν
1036 677 1129 743 ἐπι-τ

142 776 341 864 ζητήσαντας
373 769 486 864 εὑρεῖν
517 771 598 843 αὐτὸ
628 781 799 862 κείμενον,
831 769 915 843 ὅθεν
939 772 1025 856 είκδς
1051 775 1109 846 τὸν

142 875 380 966 εὐαγγελιστήν
399 878 603 963 πεποιῆσθαι
621 873 725 946 αὐτοῦ
742 874 803 964 τήν
822 883 967 945 ἔκθεσιν.

467 1140 545 1214 Ἀπδ
563 1149 623 1214 τοῦ
637 1140 784 1215 Ἡσαΐου.

110 1308 128 1352 ε
218 1278 260 1353 V.
276 1274 401 1368 “Φωυή
419 1284 565 1366 βοῶντος
584 1283 621 1350 ἐν
638 1284 677 1371 τή
697 1278 819 1374 ἐρήμῳ,
839 1278 1030 1370 ἑτοιμάσατε
1048 1280 1109 1368 τήν

141 1379 222 1454 ὀδόυ
235 1389 365 1471 κυρίου,
381 1377 516 1463 εὐθείας
530 1382 655 1452 ποιεῖτε
667 1381 725 1464 τάς
738 1389 873 1472 τρίβους
888 1378 999 1452 αὐτοῦ.
1019 1387 1109 1452 πᾶσα
1124 1411 1148 1452 ιο

141 1482 272 1576 φάραγξ
300 1480 575 1572 πληρωθήσεται,
603 1486 660 1558 καὶ,
685 1490 753 1554 πᾶν
777 1479 872 1572 ὅρος,
900 1487 957 1553 καί
987 1481 1111 1571 βουνὸς

141 1583 441 1674 ταπεινωθήσεται,
460 1587 516 1654 καὶ
530 1593 620 1658 ἔσται
634 1584 674 1656 τά
683 1583 799 1656 σκολιά
813 1591 865 1666 είς
880 1581 1033 1673 εὐθεῖαν,
1053 1589 1111 1655 καὶ

142 1695 179 1758 αι’
194 1703 343 1779 τραχεῖαι
368 1693 415 1767 είς
438 1681 537 1767 ὁδους
561 1695 660 1768 λείας.
706 1689 761 1756 καὶ
778 1683 966 1775 ὀφθήσεται
990 1682 1011 1774 ή
1030 1684 1111 1769 δόξα

142 1796 273 1879 κυρίου,
293 1790 349 1858 καὶ
367 1785 484 1871 ὄψεται
501 1794 590 1858 πάσα
609 1787 689 1878 σάρξ
702 1785 739 1859 τδ
757 1786 923 1879 σωτήριον
935 1794 993 1857 τοῦ
1011 1791 1110 1875 θεοῦ,

142 1888 197 1961 ὅτι
210 1890 323 1978 κύριος
343 1885 539 1976 ἕλάλησεν.”
575 1978 577 1982 Α
1124 1919 1150 1959 15

218 1990 356 2061 2.”Εδει
375 1993 431 2059 καὶ
449 1988 572 2078 ταύτην
592 1991 644 2059 ἐπι
659 2018 726 2060 των
739 1988 871 2081 χρόνων
883 1995 943 2060 τοῦ
961 1990 1111 2113 σωτήρος

118 2086 238 2212 εήμῶυ
257 2093 311 2159 ἐπὶ
329 2093 431 2176 πέρας
451 2093 564 2162 ἐλθεῖν
581 2089 642 2218 τήν
659 2090 853 2184 πρόρρησιν.
892 2088 1024 2182 διόπερ
1027 2091 1111 2160 κατὰ

142 2188 200 2261 τδν
215 2188 609 2281 εναγγελιστήνΛουκάν
611 2189 660 2264 ’ἐν
675 2201 738 2264 ἔτει
754 2191 1090 2285 πεντεκαιδεκάτῳ
1052 2222 1112 2282 της

143 2288 319 2383 ἡγεμονίας
343 2302 498 2384 Τιβερίου
516 2302 705 2385 Καίσαρος,
725 2293 998 2385 ἐπιτροπεύοντος
1018 2304 1112 2365 Πον-

142 2402 215 2466 τίου
233 2395 382 2480 Πιλάτου
400 2400 457 2487 τής
477 2393 658 2485 Ἰουδαίας,
678 2401 733 2466 καὶ
756 2400 823 2467 τῶν
842 2399 949 2490 τούτῳ
968 2418 1111 2487 συναρι·
1125 2427 1151 2467 το

142 2501 356 2588 θμουμίνων,
377 2502 506 2588 ἐγένετο
521 2504 607 2617 ῥήμα
621 2504 706 2569 θεοῦ
722 2500 775 2568 ἐπὶ
791 2494 962 2587 Ἰωάννην,
980 2496 1039 2568 τὸν
1051 2502 1112 2569 τοῦ

143 2606 311 2690 Ζαχαρίου
336 2597 430 2686 υίὸν,
457 2603 493 2669 ἐν
518 2627 558 2688 τη
543 2598 705 2693 ἐρήμῳ
741 2627 776 2680 ος
796 2598 907 2670 ἐλθων
934 2607 981 2680 είς
999 2621 1112 2670 πασαν

142 2698 203 2786 τήν
234 2707 422 2819 περίχωρον
458 2707 517 2768 τοῦ
544 2696 766 2788 Ἰορδάνου-ἐ
746 2698 912 2822 κήρυσσε
941 2700 1112 2792 βάπτισμα

143 2808 317 2886 μετανοίας
330 2797 410 2881 είς”
390 2820 510 2888 αφεσιν
524 2798 726 2890 άμαρτιῶν.”
744 2801 882 2884 τούτοις
898 2800 931 2872 δ’
947 2831 1011 2873 ουν
1024 2832 1041 2873 ο
1058 2802 1112 2873 εὐ-

144 2899 337 2988 αγγελιστής
356 2905 572 2994 ἐπιμαρτυρεῖ
589 2897 728 2992 λέγων
731 2897 856 2986 καθως
873 2906 1056 3029 γέγραπται
1065 2909 1113 2976 ἐν
1091 2936 1152 2976 νει

143 3008 251 3095 βίβλῳ
270 3001 379 3090 λόγων
391 3001 530 3076 Ησαίου
547 3012 607 3076 τοῦ
631 3003 820 3128 προφήτου,
849 3007 946 3096 φωνή
964 3011 1112 3095 βοῶντος

145 3107 181 3173 ἐν
204 3110 244 3194 τή
270 3102 396 3198 ε’ρήμφ,
426 3105 617 3195 ἑτοιμάσατε
644 3107 705 3195 τήν
728 3105 810 3177 δδὸυ
833 3106 976 3198 κυρίου”
997 3111 1053 3177 παι
1071 3107 1111 3178 τά

116 3207 224 3293 εὲξής.
261 3210 290 3276 3
309 3235 341 3274 τι
335 3197 457 3294 ’δή
419 3236 482 3278 ουν
500 3206 613 3296 ε’βόαή
629 3208 683 3278 διὰ
697 3237 756 3279 του
771 3205 926 3280 Ἰωάννου
939 3237 1037 3299 φωνη
1026 3206 1111 3280 ἐπὶ

146 3351 346 3364 Ἀ..-

212 3436 324 3490 2Νοοι.
338 3441 379 3500 24,
393 3442 418 3491 8.
521 3443 601 3492 9Εε.
614 3443 656 3504 40,
669 3445 693 3493 3.
799 3443 919 3494 1812110.
931 3445 957 3507 3,
973 3445 994 3492 1.
1101 3476 1152 3483 --
