2326 3818
352 114 539 174 05510155T.
555 112 689 176 55555
708 125 742 172 v
763 125 787 171 5
994 118 1056 183 315

81 249 268 349 ξασθαι,”
247 288 267 347 ιγ
285 255 309 329 5
318 252 381 328 τοῦ
397 248 488 332 θεοῦ
502 258 613 346 λόγος,
631 255 649 329 ὁ
668 252 825 340 ’ποικίλως
844 258 955 328 διά
916 288 974 348 τιγς
991 255 1057 330 πα-

89 359 213 469 ροῦσιγς
236 356 317 458 ιγμίν
340 355 535 480 ὑποθέσεως
563 358 844 457 θεολογοῦμενος,
876 364 931 428 καὶ
939 361 1056 482 λόγρς

88 458 181 561 θεοῦ
198 457 549 581 προσαγορευόμενος
546 458 761 546 είκότως,’
742 488 792 530 οτι
825 459 866 584 διγ
890 459 967 541 5055
990 468 1056 531 των

89 555 258 635 ἁπάντων
252 559 546 690 διγμιρυργικοῦς·
554 585 591 630 τε
613 564 680 632 καλ
695 559 884 649 ποιητικοῦς
903 559 1056 648 λόγουςό

63 692 75 731 5
88 685 327 753 παντοκράτωρ
347 665 393 733 ’ἐν
399 659 491 732 αῦτω
477 664 785 752 καταβεβληται,
790 661 878 755 λόγῳ
897 666 952 731 καλ
970 662 1057 744 τάξει

88 765 128 836 55
151 763 341 861 σύμπαντα
354 733 482 869 δι’ίπειῦ
506 760 605 858 αὐτῷ
601 765 673 834 καλ
698 767 925 854 διακυβερνᾶν
949 792 1055 852 παρα-
1071 793 1124 843 (555)

89 864 185 951 δοός;
211 873 251 936 8,
251 866 315 957 μιγ
322 860 392 954 γάρ
413 857 487 964 055
492 888 543 947 τις
560 835 728 954 ῦπολάβοι
748 871 800 959 τῷ
812 863 903 955 παρά
921 862 1058 957 άνθριό-

89 980 162 1076 ποις
188 962 224 1037 ἐκ
240 955 428 1068 συλλαβών
451 971 652 1053 συνεστῶτι,
685 975 721 1036 ἔκ
746 972 789 1042 τ5Ι
798 966 979 1057 ὀνομάτων
1001 972 1058 1036 καὶ

89 1067 254 1191 ργγμάτων,
262 1070 487 1167 συγκειμένῳ,
504 1067 674 1188 ἐνάρθρῳ
677 1065 759 1136 καλ
748 1072 951 1193 πρρφορικω
969 1068 1056 1161 λόγω

50 1201 74 1239 ιο
87 1193 145 1240 του
168 1175 228 1240 ’τοῦ
253 1173 339 1239 θ5οῦ
362 1168 546 1259 παρόμοιον
568 1167 762 1266 τυγχάνειν
791 1167 848 1238 ότι
867 1167 946 1256 διγ
932 1199 949 1263 ο
974 1169 1052 1256 παρ’

88 1269 170 1389 ιγμῑν
195 1269 330 1357 λόγος’
315 1299 351 1342 ευ
376 1287 507 1358 φωναῖς
530 1273 586 1339 καὶ
611 1278 800 1366 συλλαβαῖς
821 1272 880 1338 καὶ
909 1287 977 1351 τοῖς
1002 1271 1056 1338 διό

88 1369 216 1442 τούτων
231 1373 486 1495 σι’γμαινομευοις
498 1358 700 1493 κίκτγγται
664 1400 726 1460 τιγν
738 1367 906 1491 οῦσίαν,
876 1370 942 1438 διά
952 1371 1055 1457 γλωτ

89 1501 146 1593 τιγς
165 1475 219 1541 καὶ
232 1468 406 1593 ὀἰρτιγριων
423 1471 601 1602 φάρυγγός
624 1499 660 1541 55
677 1474 733 1541 καλ
752 1471 911 1594 στόματος
934 1498 1056 1591 πρρφε·

88 1573 239 1695 ρόμενος,
255 1596 275 1641 0
266 1567 382 1643 δε
331 1603 399 1692 τιγς
411 1569 525 1694 άλδίου
535 1575 596 1642 καὶ
605 1569 787 1680 ἀσωμάτου
801 1572 935 1660 φάσεως
945 1571 1057 1658 πάντιγ

51 1702 75 1742 15
89 1673 171 1744 κατά
189 1674 298 1745 πάντα
315 1679 377 1744 τοῦ
393 1664 474 1798 καθ’
494 1669 585 1764 ιγμάς
593 1668 877 1803 παρηλλαγμένος
875 1671 1017 1764 05555'
1000 1703 1057 1741 αν-

88 1764 291 1900 θριόπειον’
276 1773 421 1876 επάγοιτ’
440 1772 494 1864 άν,
505 1775 598 1873 μόνγγ
613 1779 813 1895 κεχρημένος
826 1779 867 1864 τγγ
880 1783 937 1863 τιγς
955 1800 1086 1902 προσ·
1074 1804 1086 1842 ι

49 1876 217 1971 ριγσεως
233 1874 428 2001 ὁμωνυμία,
448 1885 487 1949 9.
498 1866 593 1951 5'555
589 1906 671 1973 μιγτε
684 1903 805 1966 φωνιγν
818 1905 879 1964 τιγυ
895 1875 938 1944 δι
961 1873 1056 1962 άέρος

88 1979 255 2065 κρούσεως
264 1976 511 2074 ῦφισταμένιγν,
526 1979 608 2068 ’μιγτε
622 1977 761 2068 ῥιγματα,
776 1976 859 2067 μήτε
874 1975 1054 2064 συλλαβάς,

87 2079 168 2169 μιγτε
186 2085 346 2167 γλωτταν,
364 2079 446 2169 μιγτε
464 2078 579 2169 στόμα,
597 2080 691 2168 μιγτε
686 2077 777 2160 ὅλως
794 2110 824 2149 τι
835 2085 902 2149 τῶν
920 2076 1057 2169 άυθρω-

50 2191 195 2250 ωπείων
218 2184 281 2251 καὶ
289 2186 433 2268 θνητῶν
458 2183 512 2250 επὶ
530 2185 599 2250 τοῦ
608 2184 675 2251 τῶν
689 2179 787 2250 όλωυ
803 2185 888 2250 θεοῦ
906 2191 1057 2302 παρωλιγ-

89 2284 205 2351 πτέον
232 2286 344 2407 ψμχιγς
358 2279 422 2380 γάρ
439 2277 482 2351 55
501 2274 551 2369 είιγ
570 2270 666 2412 λόγρς
684 2271 796 2368 οῦτος,
815 2279 971 2369 οῦδαμῦς
989 2279 1057 2361 οἷός

88 2411 124 2453 τε
142 2379 221 2451 καθ’
250 2379 369 2503 εριυτόν
389 2387 471 2469 δίχα
489 2385 597 2484 ψυχιγς
617 2377 706 2452 εἶναι
719 2379 740 2468 ιγ
759 2378 953 2468 ῦττοστιγναι
989 2410 1057 2449 τοι-

88 2482 168 2554 όσδε
185 2482 249 2572 γάρ
267 2512 284 2552 ο
274 2478 341 2553 ἐν
358 2479 552 2574 ἀνθρώποις
571 2480 683 2571 λόγος,
713 2488 806 2562 ἰδίως
823 2479 921 2570 555’
902 2480 1057 2561 ανούσιος

89 2581 136 2655 τόν
167 2588 234 2654 καὶ
254 2581 499 2685 ἀνυπόστατος,
530 2583 610 2680 ὅλον
638 2584 676 2654 55
700 2579 914 2671 αῦτοκίυιγσίς
943 2612 978 2652 τε
1002 2585 1056 2651 καλ

49 2717 74 2757 55
90 2676 254 2785 ἐνέργεια
248 2680 412 2809 διανοίας
430 2685 615 2778 τυγχάνων
659 2691 708 2757 10.
727 2683 812 2755 ἀλλά
830 2715 870 2755 ου
860 2680 977 2757 ’5555‘
960 2714 980 2754 ο
998 2689 1057 2756 τοῦ

88 2792 172 2858 θεοῦ
196 2784 361 2877 50505505',
386 2797 472 2878 ἔχων
497 2791 533 2860 65
557 2784 638 2862 καθ’
663 2785 784 2885 550555
813 2777 992 2858 οίκείαν
971 2785 1055 2856 055-

89 2908 206 2991 6505655
225 2887 334 3011 πάντιγ
350 2897 452 2959 θείαν
469 2894 525 2960 καλ
542 2888 682 2980 νοερόν,
708 2878 812 2983 ίδίως
827 2889 889 2977 μὲν
906 2887 1080 3010 ῦιγεστῦ-ι

88 2983 169 3078 σαν,
191 2995 283 3070 ἰδίως
303 2986 337 3057 δ’·
355 2980 399 3058 αὖ
411 2988 518 3060 πάλιν
537 2993 758 3078 ἐνεργοῦσαν,
776 2986 881 3059 άῦλόυ
898 3017 933 3059 τε
951 2980 1057 3059 οῦσαν

89 3089 184 3161 555’
167 3088 377 3181 ασάμαιον,
384 3093 440 3161 καὶ
463 3090 546 3161 κατά
569 3088 695 3160 πάντα
691 3094 758 3179 τιγ
765 3094 826 3160 τοῦ
849 3088 983 3180 πράτου
1001 3091 1057 3156 καλ

50 3191 275 3282 ωάγεννιγτου
305 3195 361 3262 καὶ
390 3190 496 3281 μόνον
525 3196 614 3264 θεοῦ
634 3188 735 3280 φύσει
759 3191 1057 3283 παρωμοιωμίνιγν,

89 3292 165 3376 τοῦς
183 3299 250 3366 τῦν
262 3297 434 3383 γευυιγτοῦν
446 3289 604 3364 ἁπάντων
617 3290 736 3380 λόγους
750 3294 806 3361 καὶ
819 3290 877 3373 τάς
890 3295 958 3360 τῶν
974 3287 1057 3380 ὁρω-

88 3399 199 3485 μένων
222 3394 418 3486 ἀσωμάτους
442 3424 477 3466 55
500 3398 557 3465 καὶ
588 3392 750 3484 νἰοράτους
775 3395 867 3475 ίδὲας
893 3397 930 3464 ἐν
955 3393 1058 3479 ἕαντιγ
