2326 3818
377 119 563 170 DEMONST.
580 118 714 171 τινας,
735 120 770 168 x.
790 121 814 169 8.
1004 114 1067 178 685

96 264 257 349 πατρικῆς
275 264 456 345 βοηθείας,
474 255 628 346 καθάπερ
646 253 784 344 ηὔξατο,
803 254 932 346 τυχὼν,
953 258 1067 325 ἐντεῦ-

96 372 162 431 θεν
180 349 298 430 λοιπδν
316 357 498 449 ἀπάρχεται
515 363 574 428 τοῦ
591 361 756 428 έπινικίου
768 354 890 445 ὕμνου,
909 351 996 447 ὑπὲρ
1010 363 1066 446 τής

98 463 245 548 ἕωθινής
262 457 470 548 ἀντιλήψεως
487 458 546 528 τὸν
568 457 711 547 Ψαλμδν
726 456 943 546 ποιούμενος,
963 463 1001 528 έν
1018 458 1068 539 οἷς

97 584 180 651 φησι
193 558 417 651 “’διηγήσομαι
440 560 477 631 τὸ
501 558 607 650 ὄνομά
632 585 695 630 σου
718 576 788 642 τοῖς
812 556 971 648 ἀδελφοῖς
989 588 1067 648 μου,

71 667 136 735 εέν
158 666 249 757 μέσφ
274 666 448 751 ἐκκλησίας
476 656 617 751 ὑμνήσω
642 657 711 732 σε.”
761 666 812 732 95.
838 658 980 750 πρώτοις
1005 662 1068 748 μὲν

97 754 160 834 οὖν
182 781 252 846 τοῖς
277 767 397 836 ἑαυτοῦ
421 777 589 854 μαθηταῖς
612 767 669 833 καὶ
692 759 886 843 ἀποστόλοις
910 763 1067 850 ἐπαγγέλ-

97 876 188 937 λεται
205 864 245 935 τά
262 869 320 954 τής
339 863 390 935 ἐπ’
413 864 504 959 αὐτῷ
528 872 632 956 χαράς
649 868 705 935 καὶ
723 862 948 953 ἀγαλλιάσεως
967 860 1067 950 εὐαγ-
1084 891 1095 928 ι

97 975 311 1056 γελίσεσθαι,
330 965 497 1058 ἀδελφοὺς
511 964 632 1048 αὐτοάς
645 962 830 1055 ὀνομάζων·
859 971 909 1036 96.
925 961 974 1046 οἷς
992 960 1068 1034 ἀκό-

98 1077 209 1140 λουθα
235 1072 291 1139 καὶ
315 1064 333 1138 ὁ
354 1079 530 1150 Ματθαῖος
555 1066 706 1139 διδάσκει
729 1070 837 1156 λέγων
855 1063 934 1136 ’καὶ
959 1061 1069 1136 ίδούὁ

60 1203 85 1242 10
95 1168 221 1258 Ἰησοῦς
244 1167 436 1258 ἀπήντησεν
459 1167 593 1259 αὐταῖς,
626 1168 780 1258 δηλονότι
802 1184 875 1250 ταῖς
898 1166 984 1256 ἀμφὶ
1007 1165 1068 1255 τήν
1126 1232 1128 1236 ,

98 1269 335 1360 Μαγδαληνήν
352 1279 510 1362 Μαρίαν,
529 1273 654 1359 λέγων,
673 1278 814 1360 χαίρετε.
855 1273 893 1338 αί
910 1270 946 1338 δὲ
965 1291 1069 1356 προσ-

100 1379 260 1444 ελθοῦσαι
282 1370 468 1462 ἐκράτησαν
495 1368 600 1443 αὐτοῦ
624 1370 701 1452 τούς
726 1369 848 1459 πόδας,
873 1373 928 1439 καὶ
947 1392 1069 1459 προσε-

99 1472 252 1562 κύνησαν
282 1472 382 1567 αὐτῷ.
430 1473 505 1544 τότε
536 1477 624 1563 λέγει
656 1470 771 1555 αὐταῖς
802 1468 820 1542 ὁ
848 1468 992 1560 Ἰησοῦς,
1023 1471 1068 1560 μή

98 1583 280 1664 φοβεῖσθε,
299 1572 462 1664 ὑπάγετε,
481 1571 704 1664 ἀπαγγείλατε
726 1591 795 1656 τοῖς
813 1572 972 1662 ἀδελφοῖς
991 1601 1068 1661 μου,

60 1708 85 1749 15
98 1682 155 1746 ἵνα
182 1673 376 1747 ἀπέλθωσιν
401 1684 448 1757 είς
472 1675 534 1765 τήν
557 1683 754 1763 Γαλιλαίαν,
780 1673 877 1745 κάκεῖ
900 1702 941 1763 με
965 1671 1068 1755 ὄψον-

99 1773 185 1847 ται.”
229 1783 280 1847 97.
299 1775 316 1847 δ
332 1774 488 1867 Ἰωάννης
513 1779 550 1848 δὲ
574 1775 655 1868 μετὰ
677 1777 739 1865 τὴν
769 1780 805 1846 ἐκ
829 1780 959 1864 νεκρῶν
987 1774 1097 1846 ἀνά-ε

100 1900 219 1950 στασιν
244 1877 369 1968 εἰσάγει
392 1882 449 1950 καὶ
474 1876 572 1962 αὐτὸς
595 1879 653 1949 τὸν
673 1875 801 1966 Ἰησοῦν
826 1880 964 1965 λέγοντα
988 1877 1069 1965 πρὸς

99 1977 163 2068 τήν
182 1979 323 2070 Μαριάμ
337 1977 404 2070 “μή
427 2011 494 2071 μου
518 1979 639 2052 ἀπτου·
674 1977 766 2052 οὔπω
791 1978 854 2070 γάρ
877 1976 1070 2068 ἀναβέβηκα

100 2078 184 2170 πρὸς
201 2079 260 2151 τὸν
278 2085 405 2170 πατέρα
422 2102 504 2170 μου·
542 2081 689 2174 πορεάου
709 2083 746 2153 δὲ
770 2079 852 2172 πρδς
876 2080 952 2164 τοὺς
971 2078 1072 2151 ἀδελ-

62 2215 87 2255 εο
100 2179 187 2271 φοάς
195 2210 272 2270 μου,
289 2185 344 2251 καὶ
359 2183 431 2251 είπὲ
444 2180 569 2270 αὐτοῖς,
588 2182 764 2269 ἀναβαίνω
778 2183 860 2270 πρὸς
874 2182 932 2252 τὸν
946 2187 1071 2269 πατέρα

100 2311 165 2371 μου
184 2284 239 2352 καὶ
257 2284 382 2369 πατέρα
399 2277 507 2370 ὑμῶν,
526 2285 582 2353 καὶ
595 2282 679 2355 θεόν
692 2310 758 2371 μου
772 2284 829 2351 καὶ
842 2280 925 2352 θεὸν
938 2281 1069 2371 ὑμῶν.”

101 2390 152 2454 98.
172 2381 313 2471 πράτοις
331 2384 394 2471 μὲν
411 2373 473 2453 οὖν
490 2400 560 2465 τοῖς
577 2380 773 2464 ἀποστόλοις
791 2378 908 2470 αὐτου,
928 2378 986 2463 οὓς
1006 2391 1070 2453 ίδί-

100 2513 159 2565 ους
177 2482 344 2572 ἀδελφοὺς
360 2482 529 2573 ὀνομάζει,
556 2484 593 2554 τὸ
610 2483 714 2574 ὄνομα
732 2489 793 2554 τοῦ
810 2484 934 2574 πατρὸς
953 2484 1071 2572 διηγή-

100 2594 226 2655 σεσθαί
242 2605 338 2673 φησι·
365 2583 448 2675 μετά
466 2586 503 2656 δὲ·
523 2589 688 2675 ἐκείνους,
706 2584 795 2667 τάξει
813 2587 869 2655 καὶ
884 2583 1069 2677 ἀκολουθίᾳ

61 2718 87 2758 25
101 2684 162 2776 τήν
179 2685 260 2758 καθ’
281 2685 359 2776 ὅλης
384 2692 442 2775 τής
460 2690 657 2778 οίκονμένης
675 2691 729 2758 ἐπὶ
747 2690 794 2781 τῷ
810 2683 947 2776 ὀνόματι
966 2686 1070 2757 αὐτοῦ

101 2793 272 2857 συστᾶσαν
299 2793 477 2877 ἐκκλησίαν
505 2789 653 2872 διδάξειν
683 2788 741 2859 τδν
771 2786 932 2878 πατρικὸν
962 2787 1069 2879 ὕμνου
1085 2819 1136 2870 [ειη

101 2891 346 2977 ἐπαγγέλλεται.
384 2896 434 2960 99.
455 2889 567 2981 ὥσπερ
586 2891 649 2978 γάρ
674 2902 708 2960 εί
727 2919 776 2972 τις
795 2895 831 2960 ἐν
854 2892 945 2984 μέσφ
963 2904 1070 2980 μαθη-
1086 2924 1097 2962 ,ι

100 2993 169 3060 των
194 2990 376 3072 διεξοδεάοι
399 2989 519 3078 λόγους
544 2996 598 3062 ἐπὶ
621 2999 726 3084 σοφίᾳ
753 2995 949 3082 διαπρέπων
973 2994 1070 3062 διδά-

102 3101 222 3173 σκαλος
239 3086 326 3183 ὑπὲρ
344 3096 405 3163 τοῦ
417 3090 593 3175 κάκείνους
607 3089 814 3174 ἀκούσαντας
833 3099 1070 3182 προσυπακού-

63 3224 89 3265 εο
102 3215 174 3282 σαι,
193 3191 251 3265 τόν
268 3192 371 3264 αὐτὸν
388 3192 513 3284 τρόπον
531 3198 587 3265 καί
605 3191 704 3276 αάτός
719 3200 756 3264 έν
773 3197 863 3287 μέσῳ
883 3196 1069 3283 ἐκκλησίας,

172 3429 187 3477 9
205 3427 305 3478 Matth.
318 3430 359 3490 28,
373 3430 396 3482 9.
501 3428 533 3477 18
551 3428 595 3478 Jo.
609 3430 650 3491 20,
667 3430 707 3478 17.
