2326 3818
317 143 500 196 DEMONST.
519 142 651 197 Ενκαυ.
671 146 720 197 xl.
739 147 762 194 ι.
776 147 801 195 8.
932 171 935 175 ν
972 142 1036 206 589

66 283 193 372 μήποτε
216 281 410 372 προσκόψῃς
434 282 516 372 πρὸς
539 290 640 353 λίθον
662 281 721 352 τόν
738 281 826 353 πόδα
844 307 916 354 σου.
954 284 1035 372 πρὸς

66 382 106 455 όν
130 386 148 454 ὁ
172 383 286 474 κύριος
304 379 400 472 ήμῶν
417 380 613 473 ἀποκριθεὶς
636 385 725 472 εἶπε,
744 386 945 473 γέγραπται,
960 383 1037 456 ὀἀκ

68 485 273 574 ἐκπειράσεις
292 484 410 575 κόριον
434 482 492 566 τδν
515 483 600 555 θεόν
617 483 710 555 σου.”
753 489 804 555 24.
826 481 886 555 εἶτ’
908 489 980 555 ἐπεὶ
1000 492 1036 557 ἐν

67 594 113 680 τῷ
131 592 303 680 πειρασμῷ
327 585 408 675 μετά
425 589 494 656 τῶν
510 595 660 676 θηρίων,
684 584 766 656 κατά
784 578 844 657 τόν
862 582 1036 675 εὐαγγελι-

41 686 167 776 5στήν,
193 689 354 777 διέτριβε,
378 696 486 781 ποίων
504 689 541 758 δὲ
559 687 621 758 οὐκ
638 686 904 778 ἀναγέγραπται,
929 691 1035 776 σαφί-
1054 730 1064 755 e

67 812 187 878 στερον
203 797 304 860 τοῦτο
321 788 402 859 αὐτὸ
420 786 441 877 ἡ
459 794 520 861 τοῦ
540 795 681 879 Ψαλμοῦ
700 797 886 878 προφητεία
903 788 943 858 τά
962 797 1035 878 είδη

67 896 136 960 τῶν
152 899 287 981 θηρίων
300 895 509 980 αἰνιττομένη
522 893 628 981 φησίν
640 891 719 962 “ἐπὶ
731 890 857 962 ἀσπίδα
871 894 927 962 καί
942 900 1036 980 βασι-

67 999 185 1064 λίσκον
208 992 368 1084 ίπιβήση,
393 996 449 1064 καὶ
472 992 713 1084 καταπατήσεις
739 996 856 1065 λίοντα
879 997 935 1065 καὶ
959 994 1036 1084 δρά-

67 1091 201 1165 κοντα.”
236 1100 287 1165 25.
312 1093 410 1176 αὐτὸς
427 1095 490 1183 μὲν
507 1085 570 1166 οάν
586 1095 626 1164 τά
644 1091 851 1185 ἀρχικώτατα
874 1102 944 1167 τάν
960 1126 1037 1185 νοη-

30 1200 137 1265 ιοτιδυ
154 1203 306 1284 θηρίων,
333 1198 452 1266 λεόντα
469 1198 526 1265 καὶ
553 1194 737 1283 δράκοντα,
765 1193 893 1266 ἀσπίδα
918 1227 954 1267 τε
980 1202 1036 1267 καί

67 1304 275 1383 βασιλίσκον,
294 1295 398 1367 αὐτὸν
416 1294 545 1385 δηλαδή
556 1296 615 1366 τόν
630 1296 800 1384 διάβολον,
818 1301 873 1366 καὶ
887 1298 946 1378 τάς
960 1299 1034 1387 μετ’

68 1394 171 1466 αὐτόν
184 1395 378 1486 ἀρχοντικάς
392 1400 448 1467 καὶ
461 1394 608 1487 πονηράς
620 1397 778 1487 δυνάμεις
792 1399 1038 1486 καταπατήσειν

66 1496 322 1587 μεμαρτύρηται.
364 1504 415 1568 26.
435 1515 503 1581 τοίς
529 1501 566 1568 δὲ
584 1498 646 1586 τήν
663 1503 783 1586 ὁμοίαν
805 1497 928 1588 ἀρετήν
946 1497 1036 1594 αὐτῷ

67 1601 277 1687 κεκτημένοις
287 1612 453 1689 μαθηταῖς
467 1602 522 1669 καὶ
540 1596 735 1682 ἀποστόλοις
750 1596 854 1671 αὑτοῦ
866 1600 929 1688 τήν
946 1605 1036 1683 ἐξου-

29 1728 54 1768 ιι
68 1707 146 1770 σίαν
171 1696 270 1781 αὐτὸς
293 1708 352 1771 τοῦ
375 1717 494 1770 πατείυ
517 1699 629 1772 ἐπάνω
652 1698 766 1789 όφεοιυ
791 1705 847 1770 καί
865 1710 1037 1786 σκορπίων

69 1808 225 1891 δωρεῖται
248 1799 310 1874 οόκ
336 1807 401 1872 ε’ἀν
427 1799 549 1885 αάτοδς
572 1808 797 1892 πειρασθῆναι
820 1801 904 1891 ὑπὲρ
929 1799 948 1872 δ
975 1803 1037 1874 δυ’-

67 1923 198 1974 υαιντο·
226 1903 331 1993 μόνου
348 1903 412 1992 γάρ
429 1893 473 1992 ήυ
491 1903 596 1976 αὐτοῦ
614 1901 651 1974 τό
667 1902 725 1986 τάς
738 1912 870 1994 χείρους
885 1911 922 1974 ἐν
935 1932 1035 1994 πονη-
1051 1932 1064 1969 ο

67 2013 124 2096 ρίρι
143 2004 301 2094 δυνάμεις
325 2010 381 2075 καί
399 2002 501 2076 αὐτὸν
525 2006 567 2094 δὴ
584 2007 644 2077 τὸν
661 2005 797 2077 πάντων
819 2003 962 2096 ἀρχοντα
980 2013 1036 2077 καὶ

66 2103 235 2190 τυραννον
252 2113 312 2175 τοῦ
336 2113 458 2187 αἰῶνος
475 2106 596 2178 τούτου
613 2112 654 2196 τῇ
674 2111 782 2201 ἐνθέςο
809 2105 914 2179 αάτοῦ
933 2110 1038 2180 δυνά-

29 2234 55 2272 ιο
67 2231 120 2290 μει
138 2216 326 2292 καθαιρεῖν.

390 2451 470 2526 ‘And
488 2459 547 2525 τοῦ
560 2453 710 2526 Ἠσαίου.

145 2620 218 2681 VIII.
246 2601 265 2628 “
275 2613 379 2678 Τοῦτο
397 2615 530 2698 πρῶτον
547 2616 620 2697 πίε,
638 2608 721 2699 ταχὺ
739 2615 839 2696 ποίει,
858 2607 949 2698 χώρα
967 2620 1035 2679 Ζα-
1049 2636 1105 2686 (438)

69 2709 215 2798 βουλών,
233 2708 254 2797 ἡ
272 2714 316 2798 νή
332 2713 547 2800 Νεφθαλείμ,
565 2714 673 2782 καλοί
689 2713 796 2783 λοιποὶ
812 2715 844 2781 οί
858 2711 920 2800 τήν
929 2738 1038 2801 παρα-

69 2819 150 2901 λίαν
169 2818 416 2899 κατοικοῦντες,
440 2815 496 2881 καὶ
521 2817 629 2901 πέραν
650 2819 710 2883 τοῦ
729 2812 917 2902 Ἰορδάνου,
936 2825 1039 2886 Γαλι-

30 2921 147 2983 ιτλαία
171 2917 239 2981 τῶν
264 2917 392 3001 ἐθνῶν,
418 2909 436 2982 ὁ
460 2912 539 2994 λαός
565 2912 583 2983 ὁ
607 2913 830 3002 πορευόμενος
855 2921 892 2985 ἐν
915 2917 1037 3004 σκότει,

71 3019 160 3084 ίδετε
184 3017 256 3103 φάς
278 3016 379 3102 μέγα,
403 3016 551 3096 καὶτοῖς
575 3019 787 3085 κατοικοῦσιν
812 3020 849 3086 ἐν
873 3017 964 3109 χώρᾳ
982 3022 1037 3086 καί

71 3123 148 3206 σκιᾷ
171 3114 339 3203 θανάτου,
365 3122 436 3204 φῶς
462 3113 586 3203 λάμψει
614 3112 668 3205 ἐφ’
688 3115 784 3206 ὑμᾶς.
825 3116 861 3187 τό
880 3128 1037 3187 πλεῖστον

70 3219 130 3285 τοῦ
143 3219 227 3286 λαού
240 3211 259 3285 δ
272 3215 455 3305 κατήγαγες
470 3219 507 3286 ἐν
521 3213 715 3308 εὐφροσύνη
730 3240 803 3306 σου,
822 3221 878 3286 καί
893 3214 1037 3304 εάφραν-

129 3441 169 3498 '17
189 3450 256 3498 Luc.
270 3452 310 3506 10,
325 3452 365 3500 19.
401 3449 463 3499 Cor.
478 3455 501 3510 1,
516 3451 556 3512 10,
571 3451 610 3504 13.
715 3453 748 3499 22
767 3452 812 3501 Es.
826 3454 851 3512 9,
866 3453 888 3501 1.
