2326 3818
128 117 192 182 250
531 116 682 167 ουεεοῑι

126 256 292 345 Ἑβραίοις
311 260 483 326 ἐπίσταται
501 254 606 344 λόγος.
642 251 744 324 ἄκουε
770 250 801 324 δ’
827 244 890 325 οὖν
914 244 1018 337 αὖθις
1043 263 1108 329 τοῦ

42 353 51 361 ’
130 361 245 447 Δαβὶδ
263 355 401 429 αίῶνιόν
418 386 494 427 τινα
512 358 602 448 ίερία
619 363 679 426 τοῦ
697 360 781 425 θεοῦ
804 354 991 444 φάσκοντος
1016 361 1106 430 είδί·

105 500 116 527 0
128 489 203 548 ναι,
223 458 340 549 κύριόν
352 486 389 529 τε
403 458 507 530 αὑτοῦ
519 459 638 529 τούτου
651 455 930 546 άναγορεύοντος,
949 459 1008 527 καὶ
1021 457 1105 531 σύν·

128 574 255 652 θρονον
280 561 366 632 εἶναι
389 564 451 631 τού
475 559 647 631 άνωτάτου
676 563 763 630 θεού
791 556 1034 647 ὁμολογοῦντος
1064 564 1104 632 ἐν

129 667 295 754 ἑκατοστῷ
311 665 366 732 καὶ
381 659 486 754 ἐνάτῳ
505 668 650 753 Ψαλμῶ,
670 659 749 731 καθ’
771 655 811 730 δν
825 650 893 729 ῶδί
904 658 975 741 πῶς
992 684 1125 751 φησινε

123 760 242 834 “alm
258 759 276 833 ὁ
295 761 409 851 κύριος
426 767 472 854 τῶ
491 770 597 855 κυρίῳ
615 791 691 851 μου,
710 761 820 832 κάθου
836 766 873 831 ἐκ
888 764 1009 844 δεξιῶν
1022 792 1101 853 μου,

127 869 189 945 ἕως
207 861 250 935 άν
267 867 322 933 θῶ
338 861 416 944 τούς
436 863 577 952 ἐχθρούς
595 885 657 933 σου
681 858 868 934 ύκοκόδιον
890 866 958 932 τῶν
982 866 1102 936 ποδῶν

128 989 200 1036 σου.
246 961 375 1055 ῥάβδον
399 963 573 1054 δυνάμεως
597 969 809 1048 ἐξακοστελετ
837 985 890 1033 σοι
918 961 1035 1050 κύριος
1063 968 1101 1037 ἐκ

127 1065 234 1153 Σιῶν,
253 1068 309 1135 καὶ
328 1064 600 1155 κατακυριεύσεις
619 1069 763 1158 ἐνμέσῳ
781 1069 850 1135 τῶν
874 1067 1008 1154 ἐχθρῶν
1025 1087 1099 1137 σου.

127 1166 209 1255 μετά
227 1172 288 1238 σοῦ
306 1164 327 1256 ἡ
346 1163 429 1256 άρχὴ
450 1171 487 1239 ἐν
502 1162 609 1260 ἡμέρᾳ
626 1170 684 1255 τῆς
704 1163 876 1254 δυνάμεῶς
895 1187 977 1255 σου,
1000 1170 1041 1237 ἐν
1056 1168 1101 1258 τῇ
1110 1194 1134 1235 α

129 1266 332 1359 λαμπρότητι
349 1273 417 1338 τῶν
435 1264 542 1357 ἁγίων
560 1291 631 1339 σου.
666 1270 702 1336 ἐκ
725 1264 868 1355 γαστρὸς
883 1264 948 1356 κρδ
969 1267 1101 1359 ἕωσφύ·

128 1399 189 1459 ρον
208 1367 370 1459 ἐγέννησά
395 1393 442 1440 σε.
483 1366 592 1459 ῶμοσε
615 1368 745 1456 κύριος,
771 1370 826 1438 καὶ
850 1365 891 1437 οὐ
915 1378 1100 1461 μεταμελη-

100 1471 285 1561 οθησεται,
311 1470 354 1541 σύ
379 1470 488 1559 ίερεύς
515 1478 562 1552 είς
585 1469 644 1542 τὸν
670 1473 777 1540 αἰῶνα
806 1467 889 1542 κατά
913 1468 977 1558 τὴν
1003 1469 1101 1554 τάξιν

126 1568 365 1663 Μείχισεδὲκ.”

202 1679 252 1742 34.
281 1676 348 1744 Καὶ
365 1674 431 1741 θέα
447 1702 486 1760 γε
505 1669 549 1755 ῶς
574 1676 610 1742 ἐν
632 1671 761 1752 τούτοις
780 1674 910 1759 Λαβὶδ,
937 1672 1135 1759 βασιλεύςυ

127 1770 176 1844 ῶν
192 1778 254 1844 τού
266 1772 389 1854 παντὸς
401 1771 565 1862 Ἐβραίων
579 1781 702 1854 ἔθνους
716 1775 771 1842 καὶ
787 1771 869 1856 κρδς
882 1781 923 1865 τῇ
941 1780 1100 1868 βασιλείᾳ

126 1884 211 1969 θείῳ
235 1874 398 1964 πνεύματι
422 1877 684 1964 κεκοσμημένος,
711 1872 862 1944 τοιοῦτόν
887 1903 962 1944 τινα
989 1878 1101 1964 μέγαν

126 1978 181 2045 καὶ
199 1975 381 2064 ὑπερφυῶς
394 1973 587 2065 θαυμάσιον
601 1973 659 2046 τδν
672 1975 753 2064 ττρδς
767 1973 872 2045 αύτού
888 1974 1100 2064 δηλούμενον

125 2078 181 2145 καὶ
199 2079 247 2168 τῷ
264 2074 428 2163 πνεύματι
453 2075 690 2167 θεωρούμενον
714 2082 883 2166 συνεῖδεν,
909 2073 953 2158 ῶς
976 2075 1101 2169 κύριον

127 2174 229 2246 αὐτὸν
248 2180 371 2248 ἕαυτού
394 2197 598 2269 προσειπεῖν.
638 2175 733 2250 “clm
756 2178 819 2267 γὰρ
843 2178 957 2268 (φησὶ)
981 2176 1136 2267 κύριοςίο

125 2281 172 2371 τῷ
184 2286 291 2372 κυρίςο
305 2277 398 2369 μου,”
428 2285 478 2351 35,
498 2272 583 2350 ἄλλά
596 2284 652 2350 καὶ
665 2278 805 2351 αίῶνιον
819 2280 922 2350 αὐτὸν
938 2279 1099 2369 ἀρχιερέα

124 2380 229 2470 οἶδεν,
248 2384 304 2451 καὶ
323 2385 413 2473 ἱερέα
429 2389 488 2452 τού
506 2387 590 2453 θεοῦ
607 2390 666 2453 τοῦ
683 2377 848 2471 ύψίστου,
869 2384 924 2452 καὶ
945 2378 1100 2470 σύνθρο-

124 2511 186 2553 νον
203 2487 263 2554 τοῦ
283 2486 337 2553 ἐπὶ
356 2482 492 2553 πάντων
510 2491 606 2570 θεοῦ,
625 2486 681 2552 καὶ
699 2487 847 2572 γέννημα
865 2481 983 2554 αὐτού·
1018 2486 1098 2573 δίχα

126 2585 163 2652 δὲ
181 2592 321 2674 χρίσεως
339 2582 509 2654 άδύνατον
526 2573 570 2673 ἦν
587 2582 665 2673 παρ’
690 2583 855 2674 Ἑβραίοις
874 2589 1032 2672 ἱερᾶσθαι
1048 2588 1098 2679 τῷ

124 2688 207 2776 θεῷ,
228 2682 345 2770 διόκερ
364 2686 419 2752 καὶ
438 2687 601 2771 Χριστοδς
622 2683 796 2774 ὀνομάζειν
820 2682 943 2767 αύτούς
967 2682 1134 2769 πάνταςιε

124 2775 166 2872 ἦν
185 2781 299 2863 αὐτοῖς
316 2791 426 2871 φίλον.
464 2784 605 2874 Χριστὸς
627 2783 692 2876 άρα
716 2789 771 2856 καὶ
794 2783 812 2857 ὁ
837 2792 874 2857 ἐν
896 2790 944 2879 τῷ
965 2789 1098 2879 Ψαλμηῐ

59 2915 113 2964 (ιιι)
126 2882 328 2973 δηίούμενος
344 2883 456 2974 ’ἱερεύς
476 2898 527 2975 είη
545 2884 597 2958 άν.
628 2894 680 2958 36.
709 2893 778 2970 πῶς
796 2888 859 2977 γάρ
875 2886 1095 2977 ἐμαρτυρήθη

126 2984 235 3075 ἱερεύς
265 2987 351 3057 εἶναι
384 2986 429 3077 μὴ
459 2986 534 3079 οὐχὶ
562 2986 726 3079 πρότερον
755 2987 896 3076 Χριστὸς
926 2982 1092 3078 γεγονῶς;

123 3085 281 3158 ἀλλὰκαὶ
300 3096 348 3170 είς
365 3089 424 3158 τὸν
449 3093 554 3159 αἰῶνα
568 3093 707 3178 ’λέγεται
731 3094 896 3178 ίερᾶσθαι.
934 3097 1040 3161 τοῦτο’
1056 3087 1090 3159 δ’

123 3187 233 3260 οὐκέτ’
253 3190 451 3281 άνθρωκείμ
468 3189 568 3278 φύσει
588 3191 785 3282 ἐφαρμόττοι
802 3189 853 3262 ῶν.
891 3191 931 3262 ού
947 3189 1013 3282 γάρ
1030 3188 1091 3261 άν-
1106 3217 1135 3260 ει

190 3421 205 3468 ο
224 3421 268 3471 ps.
284 3423 341 3486 τοι,
356 3423 378 3473 1.
