2326 3818
366 109 551 161 DEMONST.
569 109 703 160 ονομα.
721 110 773 161 111.
792 112 816 163 τ,
991 106 1053 169 203

85 256 188 336 ἔθνη,
208 252 277 329 πῶς
295 255 454 335 πείσομεν
470 251 538 316 τῶν
555 247 617 333 μὲν
635 252 785 334 πατρίων
803 250 896 314 θεῶν
913 243 1080 335 άφίστα-ο

87 361 186 436 σθαι,
212 353 271 419 ἕνα
296 349 333 417 55
356 344 415 417 τόν
438 345 573 416 πάντων
598 345 802 435 δημιουργὸν
819 348 949 434 σέβειν;
974 356 1054 439 ποία
1124 354 1153 435 J

88 451 125 519 δὲ
143 448 252 537 λόγων
278 447 445 537 ίκανότητι
469 452 677 538 θαρσοῦντες
703 449 757 516 ἐπὶ
775 451 871 517 τούτο
889 458 1054 536 παρελεύ-

87 549 231 639 σόμεθα;
259 548 280 638 ή
304 557 354 632 τίς
379 548 461 638 ήμίν
485 551 577 630 ἐλπίς
602 556 692 618 ἔσται
715 551 774 617 τοῦ
798 547 1054 637 κατορθώματος

51 677 72 716 ο
87 647 360 741 ἀντινομοθετεῑν
373 656 520 740 τολμῶσι
533 667 601 732 τοϊς
615 648 751 720 πάντων
763 653 875 719 ἐθνῶν
893 653 969 735 περὶ
986 657 1054 718 τῶν

84 761 219 824 οἰκείων
243 757 336 824 θεων
360 756 392 835 ἐξ
417 756 538 834 αίωνος
562 755 725 841 κειμένοις
743 748 874 839 νόμοις;
903 753 955 819 ἐπὶ
974 757 1054 841 ποία

86 855 124 923 δὲ
154 857 210 924 καὶ
243 853 384 943 δυνάμει
409 855 625 943 περιέσεσθαι
652 860 720 922 ἔστι
746 859 806 922 τοῦ
832 850 1052 940 τολμήματος;

86 961 135 1026 12.
154 958 259 1026 ταύτα
284 951 304 1043 ή
329 953 511 1044 φησάντων
536 951 579 1024 ἀν
603 953 685 1023 κατά
709 951 746 1023 τό
772 953 858 1034 είκός
876 950 897 1042 ή
917 960 1055 1042 διανοη-

84 1061 216 1127 θέντων
245 1060 313 1127 των
342 1059 402 1126 τού
422 1053 531 1143 Ἰησού
560 1059 739 1145 μαθητῶν,
768 1059 844 1142 μιάς
874 1053 1052 1145 προσθήκῃ

46 1177 71 1216 10
85 1159 202 1240 λέξεως
221 1154 332 1237 αὐτοῖς
350 1156 368 1225 5
388 1154 586 1236 διδάσκαλος
612 1154 794 1225 λύσιντῶν
812 1152 1054 1244 ἀπορηθέντων

85 1253 230 1327 ὑπέθετο
240 1311 250 1345 ,
268 1256 378 1345 φήσας
396 1256 608 1346 κατόρθωσιν
627 1260 663 1326 ἐν
686 1259 733 1349 τῷ
749 1254 889 1344 ὀνόματί
903 1277 983 1344 μουΙ
1012 1256 1079 1326 ούε

84 1357 147 1446 γάρ
168 1356 209 1445 δή
228 1358 340 1438 ἁπλοῖς
358 1361 414 1426 καὶ
432 1356 630 1479 ἀδιορίστως
654 1363 864 1478 μαθητεῦσαι
888 1354 996 1425 πάντα
1014 1355 1053 1425 τά

84 1467 169 1546 ἔθνη
187 1460 419 1582 προσέταττεν,
437 1457 519 1546 μετά
533 1456 729 1547 προσθήκης
744 1458 781 1526 δε
795 1453 1034 1579 ἀναγκαίας
996 1486 1053 1576 της

85 1563 122 1629 ἐν
139 1588 184 1652 τω
203 1556 341 1648 ὀνόματι
359 1555 473 1628 αύτού.
512 1564 560 1627 13.
582 1556 752 1646 ἐπειδή
715 1588 778 1680 γαρ
797 1553 817 1679 ή
838 1555 1034 1646 δύναμις
996 1588 1053 1680 της

37 1656 188 1730 >15αύτοῦ
219 1669 442 1786 προσηγορίας
473 1657 608 1747 τοιαύτη
635 1688 684 1740 τις
713 1649 776 1781 ήν
788 1688 831 1740 ως
860 1657 965 1748 φάναι
995 1656 1053 1729 τόν

83 1759 296 1832 ἀπόστολον“
298 1757 361 1832 ὅτι
386 1761 428 1850 δή
449 1765 622 1851 ἐχαρίσατο
647 1757 738 1854 αύτῷ
760 1789 778 1829 ο
796 1759 875 1839 θεος
893 1759 929 1828 τό
948 1758 1053 1848 όνομα

82 1863 119 1932 τὸ
144 1862 229 1953 ὑπὲρ
257 1869 325 1934 πᾶν
348 1862 471 1953 όνομα,
496 1869 553 1932 ἵνα
578 1866 614 1932 ἐν
637 1859 715 1954 τῷ’
701 1859 837 1950 ονόματι
852 1857 961 1949 Ἰησοῦ
985 1865 1052 1931 πάν

83 1962 166 2050 γόνυ
190 1965 305 2054 κάμψῃ
330 1969 541 2054 ἐπουρανίων
565 1967 619 2033 καὶ
642 1967 797 2052 ἐπιγείων
815 1966 870 2032 καί
889 1976 1053 2052 καταχθο-

84 2061 204 2152 νίων”,
227 2065 359 2145 εἰκότως
372 2071 430 2153 τῆς
443 2064 520 2144 τούς
534 2062 677 2145 πολλούς
695 2063 932 2154 λανθανούσης
951 2069 988 2134 ἐν
1006 2070 1051 2157 τῷ

36 2182 70 2220 :20
83 2161 219 2253 ὀνόματι
238 2162 342 2235 αύτοῦ
361 2165 534 2254 δυνάμεως
552 2162 613 2252 τήν
631 2161 754 2252 ἀρετήν
773 2169 962 2255 ἐμφαίνων,
982 2184 1082 2246 τοῐςε

83 2262 190 2334 αύτού
214 2278 381 2354 μαθηταῖς
405 2272 530 2353 ἔφησεν
548 2264 796 2352 “πορεοθε’ντες
819 2265 1052 2353 μαθητεύσατε

83 2363 191 2436 πάντα
205 2368 244 2436 τά
264 2372 349 2455 ἔθνη
365 2369 401 2436 ἐν
418 2370 463 2458 τῷ
482 2363 622 2453 ὀνόματί
637 2361 733 2452 μον.”
759 2370 808 2433 14.
829 2362 899 2433 εἶτα
917 2369 973 2434 καὶ
991 2379 1052 2435 θε-

82 2475 188 2552 σπίζει
213 2459 251 2538 εὖ
275 2465 363 2556 μάλα
386 2463 532 2556 ἀκριβως
556 2465 592 2535 τὸ
610 2468 749 2555 μέλλον,
775 2463 879 2535 είπιόν
893 2459 973 2534 “δει”
987 2465 1051 2552 γάρ

82 2573 295 2659 κηρυχθῆναι
312 2569 348 2639 τὸ
365 2567 560 2658 εὐαγγέλιον
576 2571 673 2638 τούτο
693 2571 729 2637 ἐν
743 2563 803 2694 ήλη
817 2571 857 2656 τή
872 2569 1051 2656 οἰκουμένη

35 2686 69 2726 θ
56 2678 132 2749 0είς
149 2669 333 2760 μαρτύριον
351 2674 432 2741 πᾶσι
449 2687 517 2752 τοῖς
536 2665 706 2740 ἐθνεσιν.”
738 2667 757 2739 5
776 2669 813 2739 θε
831 2665 927 2756 λόγος
942 2679 1052 2791 εἴρητο

82 2771 143 2856 μὲν
158 2775 195 2839 ἐν
198 2777 373 2893 γωγία
331 2801 392 2860 γης
409 2771 494 2896 τότε,
513 2801 569 2842 και
558 2775 617 2842 οί
628 2770 789 2857 παρόντες
803 2767 928 2857 ήκονον
945 2767 1049 2895 μόγοι.

82 2896 151 2949 πως
170 2860 232 2939 οὖν
249 2871 314 2960 ἀρα
332 2859 446 2953 πιστός
463 2864 507 2960 ήν
525 2871 638 2952 αὐτοῖς
655 2877 752 2941 τοῦτο
767 2874 891 2958 λέγων,
912 2870 994 2940 εἰ
953 2899 998 2959 μη
1019 2874 1051 2951 ἐξ

84 2971 268 3061 ἑτέρων
223 2999 291 3040 των
308 2970 367 3042 ὑπ’
396 2969 501 3042 αύτού
522 2975 767 3063 πεπραγμένων
792 2973 920 3041 ἐνθέων
944 2978 1052 3059 ἔργων

81 3076 139 3160 τῆς
160 3076 196 3143 ἐν
214 3091 283 3154 τοῖς
301 3071 411 3159 λόγοις
435 3070 595 3163 ἀληθείας
619 3071 778 3143 αὐτοῦ
742 3103 804 3162 την
822 3088 943 3157 πεῖραν
962 3068 1053 3157 εἰλή-

39 3193 207 3262 3οφεσαν;
234 3173 283 3244 ότι
307 3174 370 3264 γάρ
396 3178 596 3245 ἐπίστευσαν
622 3177 751 3263 λέγοντι
786 3172 1051 3264 συλλογιζομένφ

152 3409 183 3456 16
201 3406 273 3457 Phil.
288 3410 313 3471 ε,
327 3411 351 3458 ο.
506 3409 539 3457 23
558 3408 658 3462 Μιιω.
671 3409 717 3473 εκ,
732 3408 776 3460 τε.
