2326 3818
143 135 185 198 46
547 134 694 186 ευεεοιι

142 279 221 346 νυνλ
249 273 304 344 διὰ
332 281 390 363 της
413 279 474 345 τού
497 278 646 361 σωτῆρος
669 274 765 364 ήμῶν
792 276 913 344 ἐνθέου
937 273 1114 362 δυνάμεως

114 421 125 448 e
142 380 408 467 μεταβληθέντες
426 381 480 446 καί
501 376 611 463 ὥσπερ
626 381 658 459 ἐξ
670 380 793 464 ἑτέρων
806 379 909 461 ἕτεροι
926 375 1113 467 γεγονότες,

143 477 261 567 λόγους
279 476 398 566 ύρετής
417 483 471 549 καί
485 478 706 567 σωφροσύνης
718 476 928 566 παιδεύματα
938 476 1113 561 συνιόντες

144 588 190 662 είς
207 578 247 651 τύ
259 583 355 652 κοινίι
366 588 593 669 δισασιιαλεῑα,
611 580 864 668 μανθάνουσιν;
883 578 927 660 ὦς
945 579 1007 668 τήν
1025 576 1113 650 ἄνω·

141 680 227 753 τύτω
257 695 478 772 φιλοσοφίαν,
504 683 567 769 τήν
594 681 674 772 μηδ’
711 687 887 771 ἐμβλέπειν
916 678 1140 763 ύιιολύστοιςε

141 783 348 874 ὀφθαλμοῖς,
371 786 456 873 μηδὲ
480 789 573 873 μέχρι
597 783 705 871 λόγων
729 782 949 872 ύδιαφορεῖν,
968 787 1053 873 μηδὲ
1070 783 1112 855 τδι

142 886 237 957 κοινά
261 890 316 955 καλ
340 904 409 967 τοῖς
433 891 514 956 πᾶσι
541 884 676 975 συνήθη
703 888 965 973 διαπράττεσθαι
989 915 1112 975 παραι-

142 993 270 1057 νοῦσαν
294 985 334 1056 ού
359 987 462 1074 μόνον
480 985 624 1073 ἄνδρας,
642 987 727 1056 ιἰλλίι
741 992 794 1057 καλ
815 1005 988 1076 γυναῖκας,
1007 994 1113 1077 πένη-

141 1086 200 1169 τύς
218 1092 328 1157 τεκαὶ
347 1098 546 1174 πλουσίους,
573 1098 705 1178 λογίους
723 1119 759 1159 τε
777 1093 831 1158 καὶ
852 1089 997 1172 ἰδιώτας,
1015 1095 1112 1181 μέχρι

142 1193 197 1259 καὶ
217 1198 349 1261 παίδων
366 1196 421 1261 καὶ
439 1188 681 1276 ἀνδραπόδων,
701 1197 738 1260 ἐν
755 1211 826 1271 ταῖς
840 1191 922 1259 κατὰ
941 1190 1041 1262 πόλιν
1054 1196 1112 1262 καλ
1125 1222 1151 1263 ιο

143 1289 216 1361 κατ’
242 1291 365 1381 ἀγρούς
390 1301 575 1379 διατριβαῖς
601 1294 837 1375 παιδεύεσθαι,
862 1291 1051 1381 μανθάνειν
1076 1323 1112 1365 τε

114 1388 253 1483 αύληθῆ
275 1394 417 1483 τρόπον,
449 1393 530 1466 καθ’
557 1393 598 1465 ὃν
629 1395 689 1466 τόν
713 1400 767 1465 ἐπὶ
791 1394 927 1463 πάντων
949 1393 1113 1481 προσήκει

140 1497 223 1567 θεὸν
248 1502 361 1584 σέβειν
391 1502 444 1567 καλ
470 1497 677 1583 θεραπεύειν
700 1502 735 1565 ἐν
765 1500 863 1566 παντλ
887 1495 995 1588 τόπῳ,
1026 1496 1113 1566 κατὰ

86 1627 127 1679 ιιι]
141 1598 202 1686 τήν
220 1598 377 1686 φήσασαν
395 1609 603 1686 προφητείαν
617 1596 694 1667 “nal
709 1598 1001 1686 προσκυνήσουσιν
1019 1596 1113 1693 αὐτῷ

141 1702 277 1780 ἕκαστος
297 1705 333 1767 ἐκ
351 1704 409 1767 τοῦ
427 1700 531 1769 τόπου
549 1696 688 1768 αύτού.”
1124 1732 1153 1774 ιι

208 1804 258 1870 57.
279 1812 478 1888 Προσκυνεῖ
495 1807 576 1888 δήτα
594 1792 658 1869 οὖν
675 1806 738 1880 πᾶς
755 1804 802 1892 τῷ
818 1806 871 1871 ἐπὶ
886 1801 1022 1871 πάντων
1038 1807 1113 1898 θεῷ

139 1900 309 1989 βάρβαρος
328 1904 382 1970 καλ
393 1900 532 1989 Ἕλλην,
558 1900 599 1971 ού
616 1907 742 1991 τρέχων
762 1907 815 1971 ἐπὶ
833 1902 872 1973 τὰ
885 1902 1111 1994 Ἱεροσόλυμα,

140 1998 216 2071 οὐδ’
241 2011 357 2090 αἵμασι
383 2007 438 2072 καὶ
462 2013 599 2083 θυσίαις
622 2002 881 2095 ύφοσιούμενος,
907 2018 1046 2076 οίκοθεν
1071 2011 1112 2079 δδ

140 2106 196 2172 καὶ
215 2101 267 2191 ἐφ’
292 2106 400 2197 ἑαυτῷ
418 2109 545 2193 μένων,
565 2109 619 2175 καὶ
639 2106 801 2194 πνεύματι
816 2112 870 2176 καλ
885 2107 1029 2198 ἀληθεία
1047 2108 1112 2196 τήν

139 2201 282 2295 ἄναιμον
299 2210 355 2275 καὶ
373 2206 528 2296 καθαρόν
544 2207 727 2289 ἀποδιδούς
746 2206 835 2299 αύτῷ
855 2221 1020 2292 λατρείαν.
1054 2217 1107 2283 58.
1123 2242 1151 2283 νο

138 2311 195 2377 καί
213 2306 298 2397 αὕτη
322 2338 360 2397 γε
378 2301 459 2398 ήνή
484 2310 581 2398 καινή
601 2309 765 2397 διαθήκη,
790 2309 831 2380 ού
857 2310 940 2380 κατὰ
963 2309 1025 2399 τήν
1043 2339 1110 2382 πα-

138 2410 237 2482 λαιίιν
252 2412 480 2502 τυγχάνουσα
512 2414 657 2484 παλαιὰν
673 2416 708 2482 δέ
726 2412 771 2501 μή
789 2443 839 2482 τοι
857 2424 996 2501 νομίσης
1015 2418 1112 2501 λέγε-

138 2527 219 2584 σθαι
236 2513 298 2602 τήν
316 2519 383 2584 των
407 2515 472 2603 πρὸ
493 2519 642 2596 Μωσέως
665 2521 839 2598 θεοφιλῶν
857 2513 1003 2600 ἀνδρων,
1023 2511 1109 2586 ύλλδι

137 2611 199 2700 τήν
215 2613 281 2684 ὑπό
300 2621 451 2695 Μωσέως
475 2612 578 2685 αύτού
601 2621 647 2707 τῷ
662 2615 835 2686 Ἰουδαίων
854 2629 948 2686 εθνει
966 2646 1110 2706 νενομο-

137 2719 336 2803 θετημένην.
386 2723 436 2786 59.
463 2720 611 2804 ἐπιφέρει
639 2722 723 2804 γοῦν
753 2713 771 2786 ό
803 2716 898 2807 λόγος
930 2724 1148 2806 διασαφῶνισ

80 2846 122 2895 ιιι)
137 2825 213 2884 τίνα
232 2825 358 2903 έφησεν
376 2818 461 2888 εἶναι
475 2817 536 2907 τήν
549 2818 706 2902 παλαιὰν,
730 2810 754 2909 ή
772 2827 879 2908 μηδὲν
895 2819 1010 2908 ὅμοιον
1028 2820 1107 2908 σχή-

138 2938 211 2987 σειν
230 2917 381 2988 διδάσκει
399 2918 460 3008 τήν
478 2919 598 3008 καινήν
616 2925 723 3008 λέγων
736 2917 965 3006 ’διαθήσομαι
985 2921 1106 3011 διαθή-

137 3048 200 3108 κην
218 3019 353 3110 καινήν,
372 3020 412 3091 ού
431 3022 512 3091 κατὰ
531 3023 593 3109 τήν
607 3023 776 3112 διαθήκην
792 3020 1018 3111 ήΰδιεθέμην
1035 3042 1106 3106 τοῖς

137 3121 318 3209 πατράσιν,
339 3127 375 3192 ἐν
393 3120 498 3212 ἡμέρα
514 3127 756 3212 ἐπιλαβομένου
769 3156 835 3214 μου
848 3129 905 3212 τῆς
920 3126 1027 3214 χειρὸς
1045 3123 1104 3196 αύ·

136 3228 203 3294 των
223 3229 396 3315 ἐξαγαγεῖν
415 3224 536 3308 αύτούς
555 3232 591 3296 ἐκ
609 3231 671 3314 γῆς
690 3228 865 3316 Αἰγύπτου
877 3225 896 3251 ”
1117 3258 1145 3299 εο

212 3332 262 3396 60.
286 3326 336 3397 Ού
351 3329 433 3398 κατὰ
447 3328 573 3417 ταύτην
585 3334 669 3416 γούν
681 3353 787 3417 φησιν
799 3329 860 3419 τήν
877 3326 944 3400 ὑπὸ
955 3331 1104 3413 Μωσέως

138 3423 332 3435 ·———

206 3477 237 3524 14
256 3476 339 3542 Soph.
354 3481 378 3539 λ,
394 3481 433 3528 11.
538 3479 570 3527 27
587 3477 644 3528 Jer.
658 3481 700 3541 31,
714 3480 755 3530 31.
