<?xml version="1.0" encoding="UTF-8"?>
<!DOCTYPE html PUBLIC "-//W3C//DTD XHTML 1.0 Transitional//EN"
    "http://www.w3.org/TR/xhtml1/DTD/xhtml1-transitional.dtd">
<html xmlns="http://www.w3.org/1999/xhtml" xml:lang="en" lang="en">
 <head>
  <title>
</title>
<meta http-equiv="Content-Type" content="text/html;charset=utf-8" />
  <meta name='ocr-system' content='tesseract 3.04.00' />
  <meta name='ocr-capabilities' content='ocr_page ocr_carea ocr_par ocr_line ocrx_word'/>
</head>
<body>
  <div class='ocr_page' id='page_1' title='image "./eusebiicaesarie01dindgoog_0628.png"; bbox 0 0 2326 3818; ppageno 0'>
   <div class='ocr_carea' id='block_1_1' title="bbox 341 105 1066 170">
    <p class='ocr_par' dir='ltr' id='par_1_1' title="bbox 341 105 1066 170">
     <span class='ocr_line' id='line_1_1' title="bbox 341 105 1066 170; baseline 0.001 -11"><span class='ocrx_word' id='word_1_1' title='bbox 341 107 529 162; x_wconf 82' lang='lat' dir='ltr'><strong>DEMONST.</strong></span> <span class='ocrx_word' id='word_1_2' title='bbox 545 106 678 162; x_wconf 80' lang='lat' dir='ltr'>EVANG.</span> <span class='ocrx_word' id='word_1_3' title='bbox 698 107 773 158; x_wconf 83' lang='lat' dir='ltr'>VIII.</span> <span class='ocrx_word' id='word_1_4' title='bbox 791 109 818 159; x_wconf 88' lang='grc'><em>4.</em></span> <span class='ocrx_word' id='word_1_5' title='bbox 1005 105 1066 170; x_wconf 82' lang='lat'><em>551</em></span> 
     </span>
    </p>
   </div>
   <div class='ocr_carea' id='block_1_2' title="bbox 17 241 1099 3284">
    <p class='ocr_par' dir='ltr' id='par_1_2' title="bbox 101 241 1069 441">
     <span class='ocr_line' id='line_1_2' title="bbox 102 241 1069 338; baseline -0.002 -19"><span class='ocrx_word' id='word_1_6' title='bbox 102 246 304 338; x_wconf 74' lang='grc' dir='ltr'><em>ὠρυομένων</em></span> <span class='ocrx_word' id='word_1_7' title='bbox 323 244 486 335; x_wconf 79' lang='grc' dir='ltr'><em>λεόντων,</em></span> <span class='ocrx_word' id='word_1_8' title='bbox 505 241 556 317; x_wconf 86' lang='grc' dir='ltr'><em>δτι</em></span> <span class='ocrx_word' id='word_1_9' title='bbox 571 243 840 338; x_wconf 82' lang='grc' dir='ltr'><em>τεταλαιπύρηκε</em></span> <span class='ocrx_word' id='word_1_10' title='bbox 857 246 893 316; x_wconf 87' lang='grc' dir='ltr'><em>τὸ</em></span> <span class='ocrx_word' id='word_1_11' title='bbox 908 245 1069 338; x_wconf 78' lang='grc' dir='ltr'><em>φρύαγμα</em></span> 
     </span>
     <span class='ocr_line' id='line_1_3' title="bbox 101 346 384 441; baseline -0.007 -21"><span class='ocrx_word' id='word_1_12' title='bbox 101 354 163 420; x_wconf 75' lang='grc' dir='ltr'><em>τοῦ</em></span> <span class='ocrx_word' id='word_1_13' title='bbox 175 347 356 441; x_wconf 87' lang='grc' dir='ltr'><em>Ἰορδάνου.</em></span> <span class='ocrx_word' id='word_1_14' title='bbox 365 346 384 372; x_wconf 90' lang='grc'><strong><em>”</em></strong></span> 
     </span>
    </p>

    <p class='ocr_par' dir='ltr' id='par_1_3' title="bbox 17 444 1097 1251">
     <span class='ocr_line' id='line_1_4' title="bbox 17 444 1069 539; baseline 0.002 -20"><span class='ocrx_word' id='word_1_15' title='bbox 17 448 20 452; x_wconf 36' lang='grc'>“</span> <span class='ocrx_word' id='word_1_16' title='bbox 178 456 207 521; x_wconf 87' lang='grc'><em>4.</em></span> <span class='ocrx_word' id='word_1_17' title='bbox 234 455 345 521; x_wconf 84' lang='grc' dir='ltr'><em>Ταῦτα</em></span> <span class='ocrx_word' id='word_1_18' title='bbox 367 450 429 539; x_wconf 73' lang='grc' dir='ltr'><em>μὲν</em></span> <span class='ocrx_word' id='word_1_19' title='bbox 457 444 504 521; x_wconf 87' lang='grc' dir='ltr'><em>δι’</em></span> <span class='ocrx_word' id='word_1_20' title='bbox 531 446 746 537; x_wconf 80' lang='grc' dir='ltr'><em>αἰνιγμάτων.</em></span> <span class='ocrx_word' id='word_1_21' title='bbox 790 446 852 537; x_wconf 79' lang='grc' dir='ltr'><em>τὴν</em></span> <span class='ocrx_word' id='word_1_22' title='bbox 877 450 913 519; x_wconf 76' lang='grc' dir='ltr'><em>δέ</em></span> <span class='ocrx_word' id='word_1_23' title='bbox 938 448 1069 521; x_wconf 86' lang='grc' dir='ltr'><em>τούτων</em></span> 
     </span>
     <span class='ocr_line' id='line_1_5' title="bbox 104 545 1068 643; baseline 0 -21"><span class='ocrx_word' id='word_1_24' title='bbox 104 555 285 643; x_wconf 82' lang='grc' dir='ltr'><em>ἑρμηνείαν</em></span> <span class='ocrx_word' id='word_1_25' title='bbox 311 547 511 633; x_wconf 75' lang='grc' dir='ltr'><em>ἀναλύοντας</em></span> <span class='ocrx_word' id='word_1_26' title='bbox 542 545 559 620; x_wconf 86' lang='grc' dir='ltr'><em>δ</em></span> <span class='ocrx_word' id='word_1_27' title='bbox 585 546 686 633; x_wconf 87' lang='grc' dir='ltr'><em>αύτδς</em></span> <span class='ocrx_word' id='word_1_28' title='bbox 712 549 885 641; x_wconf 80' lang='grc' dir='ltr'><em>προφήτης</em></span> <span class='ocrx_word' id='word_1_29' title='bbox 917 554 1068 642; x_wconf 81' lang='grc' dir='ltr'><em>ἐπιφέρει</em></span> 
     </span>
     <span class='ocr_line' id='line_1_6' title="bbox 76 648 1097 743; baseline -0.002 -18"><span class='ocrx_word' id='word_1_30' title='bbox 76 657 211 743; x_wconf 80' lang='grc' dir='ltr'><em>ιλέγοιν</em></span> <span class='ocrx_word' id='word_1_31' title='bbox 229 648 333 724; x_wconf 53' lang='lat' dir='ltr'><em>“moa</em></span> <span class='ocrx_word' id='word_1_32' title='bbox 360 651 424 742; x_wconf 75' lang='grc' dir='ltr'><em>ἐγοδ</em></span> <span class='ocrx_word' id='word_1_33' title='bbox 449 659 567 743; x_wconf 87' lang='grc' dir='ltr'><em>τίθημι</em></span> <span class='ocrx_word' id='word_1_34' title='bbox 590 649 652 741; x_wconf 80' lang='grc' dir='ltr'><em>την</em></span> <span class='ocrx_word' id='word_1_35' title='bbox 676 650 894 743; x_wconf 76' lang='grc' dir='ltr'><em>Ἰερουσαλὴμ</em></span> <span class='ocrx_word' id='word_1_36' title='bbox 919 650 963 732; x_wconf 78' lang='grc' dir='ltr'><em>ὡς</em></span> <span class='ocrx_word' id='word_1_37' title='bbox 987 653 1097 743; x_wconf 79' lang='grc' dir='ltr'><em>πρό-ο</em></span> 
     </span>
     <span class='ocr_line' id='line_1_7' title="bbox 101 752 1067 848; baseline -0.001 -23"><span class='ocrx_word' id='word_1_38' title='bbox 101 765 192 826; x_wconf 91' lang='grc' dir='ltr'><em>πυλα</em></span> <span class='ocrx_word' id='word_1_39' title='bbox 210 753 419 845; x_wconf 78' lang='grc' dir='ltr'><em>σαλευόμενα</em></span> <span class='ocrx_word' id='word_1_40' title='bbox 443 752 547 826; x_wconf 82' lang='grc' dir='ltr'><em>ἅπασι</em></span> <span class='ocrx_word' id='word_1_41' title='bbox 563 770 632 836; x_wconf 80' lang='grc' dir='ltr'><em>τοῖς</em></span> <span class='ocrx_word' id='word_1_42' title='bbox 650 763 742 837; x_wconf 83' lang='grc' dir='ltr'><em>λαοῖς</em></span> <span class='ocrx_word' id='word_1_43' title='bbox 765 753 878 848; x_wconf 78' lang='grc' dir='ltr'><em>κύκλῳ</em></span> <span class='ocrx_word' id='word_1_44' title='bbox 897 755 953 823; x_wconf 81' lang='grc' dir='ltr'><em>καὶ</em></span> <span class='ocrx_word' id='word_1_45' title='bbox 972 758 1009 824; x_wconf 88' lang='grc' dir='ltr'><em>έν</em></span> <span class='ocrx_word' id='word_1_46' title='bbox 1027 759 1067 844; x_wconf 80' lang='grc' dir='ltr'><em>τῇ</em></span> 
     </span>
     <span class='ocr_line' id='line_1_8' title="bbox 98 852 1068 950; baseline -0.005 -21"><span class='ocrx_word' id='word_1_47' title='bbox 98 853 263 950; x_wconf 81' lang='grc' dir='ltr'><em>Ἰουδαίᾳ,</em></span> <span class='ocrx_word' id='word_1_48' title='bbox 294 859 350 928; x_wconf 82' lang='grc' dir='ltr'><em>καὶ</em></span> <span class='ocrx_word' id='word_1_49' title='bbox 381 864 472 927; x_wconf 82' lang='grc' dir='ltr'><em>ἐσται</em></span> <span class='ocrx_word' id='word_1_50' title='bbox 503 854 642 950; x_wconf 82' lang='grc' dir='ltr'><em>περιοχὴ</em></span> <span class='ocrx_word' id='word_1_51' title='bbox 670 858 724 927; x_wconf 80' lang='grc' dir='ltr'><em>ἐπὶ</em></span> <span class='ocrx_word' id='word_1_52' title='bbox 749 852 980 948; x_wconf 76' lang='grc' dir='ltr'><em>Ἰερουσαλὴμ,</em></span> <span class='ocrx_word' id='word_1_53' title='bbox 1012 860 1068 925; x_wconf 81' lang='grc' dir='ltr'><em>καὶ</em></span> 
     </span>
     <span class='ocr_line' id='line_1_9' title="bbox 102 954 1067 1051; baseline -0.004 -21"><span class='ocrx_word' id='word_1_54' title='bbox 102 965 194 1030; x_wconf 79' lang='grc' dir='ltr'><em>ἔσται</em></span> <span class='ocrx_word' id='word_1_55' title='bbox 212 963 249 1030; x_wconf 87' lang='grc' dir='ltr'><em>ἐν</em></span> <span class='ocrx_word' id='word_1_56' title='bbox 266 964 307 1051; x_wconf 75' lang='grc' dir='ltr'><em>τῇ</em></span> <span class='ocrx_word' id='word_1_57' title='bbox 326 954 433 1051; x_wconf 80' lang='grc' dir='ltr'><em>ἡμέρη</em></span> <span class='ocrx_word' id='word_1_58' title='bbox 459 963 588 1049; x_wconf 84' lang='grc' dir='ltr'><em>ἐκείνη,</em></span> <span class='ocrx_word' id='word_1_59' title='bbox 613 956 760 1048; x_wconf 77' lang='grc' dir='ltr'><em>θήσομαι</em></span> <span class='ocrx_word' id='word_1_60' title='bbox 779 957 840 1047; x_wconf 80' lang='grc' dir='ltr'><em>τὴν</em></span> <span class='ocrx_word' id='word_1_61' title='bbox 853 957 1067 1049; x_wconf 79' lang='grc' dir='ltr'><em>Ἰερουσαλὴμ</em></span> 
     </span>
     <span class='ocr_line' id='line_1_10' title="bbox 101 1058 1070 1150; baseline -0.001 -20"><span class='ocrx_word' id='word_1_62' title='bbox 101 1068 202 1132; x_wconf 85' lang='grc' dir='ltr'><em>λίθον</em></span> <span class='ocrx_word' id='word_1_63' title='bbox 219 1059 515 1150; x_wconf 87' lang='grc' dir='ltr'><em>καταπατούμενον</em></span> <span class='ocrx_word' id='word_1_64' title='bbox 533 1066 616 1131; x_wconf 81' lang='grc' dir='ltr'><em>πᾶσι</em></span> <span class='ocrx_word' id='word_1_65' title='bbox 640 1077 708 1141; x_wconf 83' lang='grc' dir='ltr'><em>τοῖς</em></span> <span class='ocrx_word' id='word_1_66' title='bbox 727 1069 852 1131; x_wconf 80' lang='grc' dir='ltr'><em>ἔθνεσι.</em></span> <span class='ocrx_word' id='word_1_67' title='bbox 890 1063 954 1142; x_wconf 78' lang='grc' dir='ltr'><em>πός</em></span> <span class='ocrx_word' id='word_1_68' title='bbox 972 1058 989 1130; x_wconf 85' lang='grc' dir='ltr'>ὁ</span> <span class='ocrx_word' id='word_1_69' title='bbox 1008 1088 1070 1129; x_wconf 91' lang='grc' dir='ltr'><em>κα-</em></span> 
     </span>
     <span class='ocr_line' id='line_1_11' title="bbox 64 1161 1068 1251; baseline -0.001 -19"><span class='ocrx_word' id='word_1_70' title='bbox 64 1194 88 1234; x_wconf 86' lang='grc' dir='ltr'><em>ιο</em></span> <span class='ocrx_word' id='word_1_71' title='bbox 102 1167 258 1233; x_wconf 79' lang='grc' dir='ltr'><em>ταπατιόν</em></span> <span class='ocrx_word' id='word_1_72' title='bbox 281 1161 390 1250; x_wconf 74' lang='grc' dir='ltr'><em>αὐτὴν</em></span> <span class='ocrx_word' id='word_1_73' title='bbox 413 1165 580 1250; x_wconf 73' lang='grc' dir='ltr'><em>ἐμπαίζειν</em></span> <span class='ocrx_word' id='word_1_74' title='bbox 611 1165 819 1251; x_wconf 80' lang='grc' dir='ltr'><em>ἐμπαίξεται,</em></span> <span class='ocrx_word' id='word_1_75' title='bbox 850 1164 906 1231; x_wconf 80' lang='grc' dir='ltr'><em>καί</em></span> <span class='ocrx_word' id='word_1_76' title='bbox 933 1166 1068 1232; x_wconf 85' lang='grc' dir='ltr'><em>ἐπισυν-</em></span> 
     </span>
    </p>

    <p class='ocr_par' dir='ltr' id='par_1_4' title="bbox 101 1260 990 1353">
     <span class='ocr_line' id='line_1_12' title="bbox 101 1260 990 1353; baseline -0.002 -19"><span class='ocrx_word' id='word_1_77' title='bbox 101 1264 309 1353; x_wconf 84' lang='grc' dir='ltr'><em>αχθήσονται</em></span> <span class='ocrx_word' id='word_1_78' title='bbox 328 1261 382 1334; x_wconf 83' lang='grc' dir='ltr'><em>ἐπ’</em></span> <span class='ocrx_word' id='word_1_79' title='bbox 405 1260 511 1351; x_wconf 76' lang='grc' dir='ltr'><em>αὐτὴν</em></span> <span class='ocrx_word' id='word_1_80' title='bbox 528 1261 638 1335; x_wconf 87' lang='grc' dir='ltr'><em>πάντα</em></span> <span class='ocrx_word' id='word_1_81' title='bbox 655 1260 696 1332; x_wconf 85' lang='grc' dir='ltr'><em>τά</em></span> <span class='ocrx_word' id='word_1_82' title='bbox 715 1271 800 1353; x_wconf 88' lang='grc' dir='ltr'><em>ἐθνη</em></span> <span class='ocrx_word' id='word_1_83' title='bbox 818 1268 876 1352; x_wconf 73' lang='grc' dir='ltr'><em>τῆς</em></span> <span class='ocrx_word' id='word_1_84' title='bbox 893 1261 990 1352; x_wconf 77' lang='grc' dir='ltr'><em>γῆς.”</em></span> 
     </span>
    </p>

    <p class='ocr_par' dir='ltr' id='par_1_5' title="bbox 100 1360 1068 1660">
     <span class='ocr_line' id='line_1_13' title="bbox 177 1360 1068 1456; baseline 0 -22"><span class='ocrx_word' id='word_1_85' title='bbox 177 1369 207 1435; x_wconf 76' lang='lat'><em>5.</em></span> <span class='ocrx_word' id='word_1_86' title='bbox 227 1366 294 1434; x_wconf 85' lang='grc' dir='ltr'><em>Καὶ</em></span> <span class='ocrx_word' id='word_1_87' title='bbox 311 1364 393 1456; x_wconf 86' lang='grc' dir='ltr'><em>μετά</em></span> <span class='ocrx_word' id='word_1_88' title='bbox 416 1366 543 1455; x_wconf 82' lang='grc' dir='ltr'><em>βραχέα</em></span> <span class='ocrx_word' id='word_1_89' title='bbox 562 1367 707 1453; x_wconf 78' lang='grc' dir='ltr'><em>ἐπιλέγει</em></span> <span class='ocrx_word' id='word_1_90' title='bbox 726 1360 745 1387; x_wconf 81' lang='grc'><strong><em>“</em></strong></span> <span class='ocrx_word' id='word_1_91' title='bbox 755 1368 811 1435; x_wconf 84' lang='grc' dir='ltr'><em>καὶ</em></span> <span class='ocrx_word' id='word_1_92' title='bbox 830 1367 1068 1453; x_wconf 84' lang='grc' dir='ltr'><em>ἐπιβλέψοντοιι</em></span> 
     </span>
     <span class='ocr_line' id='line_1_14' title="bbox 100 1456 1067 1557; baseline 0 -21"><span class='ocrx_word' id='word_1_93' title='bbox 100 1463 182 1556; x_wconf 87' lang='grc' dir='ltr'><em>πρός</em></span> <span class='ocrx_word' id='word_1_94' title='bbox 200 1494 242 1555; x_wconf 85' lang='grc' dir='ltr'><em>με</em></span> <span class='ocrx_word' id='word_1_95' title='bbox 260 1472 307 1547; x_wconf 85' lang='grc' dir='ltr'><em>είς</em></span> <span class='ocrx_word' id='word_1_96' title='bbox 325 1461 365 1536; x_wconf 84' lang='grc' dir='ltr'><em>δν</em></span> <span class='ocrx_word' id='word_1_97' title='bbox 380 1468 613 1554; x_wconf 79' lang='grc' dir='ltr'><em>ἐξεκέντησαν,</em></span> <span class='ocrx_word' id='word_1_98' title='bbox 632 1464 712 1536; x_wconf 82' lang='grc' dir='ltr'><em>ἀνθ’</em></span> <span class='ocrx_word' id='word_1_99' title='bbox 735 1456 784 1538; x_wconf 71' lang='grc' dir='ltr'><em>οἷν</em></span> <span class='ocrx_word' id='word_1_100' title='bbox 797 1463 1067 1557; x_wconf 80' lang='grc' dir='ltr'><em>κατωρχήσαντο,</em></span> 
     </span>
     <span class='ocr_line' id='line_1_15' title="bbox 101 1563 1067 1660; baseline -0.001 -24"><span class='ocrx_word' id='word_1_101' title='bbox 101 1570 157 1636; x_wconf 86' lang='grc' dir='ltr'><em>καὶ</em></span> <span class='ocrx_word' id='word_1_102' title='bbox 180 1564 341 1651; x_wconf 83' lang='grc' dir='ltr'><em>κόψονται</em></span> <span class='ocrx_word' id='word_1_103' title='bbox 367 1565 419 1637; x_wconf 87' lang='grc' dir='ltr'><em>ἐπ’</em></span> <span class='ocrx_word' id='word_1_104' title='bbox 453 1563 556 1637; x_wconf 87' lang='grc' dir='ltr'><em>αύτδν</em></span> <span class='ocrx_word' id='word_1_105' title='bbox 580 1566 721 1639; x_wconf 77' lang='grc' dir='ltr'><em>κοπετὸν</em></span> <span class='ocrx_word' id='word_1_106' title='bbox 745 1563 789 1648; x_wconf 74' lang='grc' dir='ltr'><em>ὥς</em></span> <span class='ocrx_word' id='word_1_107' title='bbox 815 1563 867 1638; x_wconf 78' lang='grc' dir='ltr'><em>ἐπ’</em></span> <span class='ocrx_word' id='word_1_108' title='bbox 893 1563 1067 1660; x_wconf 76' lang='grc' dir='ltr'><em>ἀγαπητῷ,</em></span> 
     </span>
    </p>

    <p class='ocr_par' dir='ltr' id='par_1_6' title="bbox 63 1666 1093 2166">
     <span class='ocr_line' id='line_1_16' title="bbox 63 1666 1067 1762; baseline 0 -25"><span class='ocrx_word' id='word_1_109' title='bbox 63 1699 87 1738; x_wconf 79' lang='grc' dir='ltr'><em>ιε</em></span> <span class='ocrx_word' id='word_1_110' title='bbox 102 1671 158 1738; x_wconf 82' lang='grc' dir='ltr'><em>καὶ</em></span> <span class='ocrx_word' id='word_1_111' title='bbox 176 1666 305 1758; x_wconf 90' lang='grc' dir='ltr'><em>ὀδύνην</em></span> <span class='ocrx_word' id='word_1_112' title='bbox 323 1667 367 1751; x_wconf 76' lang='grc' dir='ltr'><em>ὡς</em></span> <span class='ocrx_word' id='word_1_113' title='bbox 386 1672 441 1739; x_wconf 80' lang='grc' dir='ltr'><em>ἐπὶ</em></span> <span class='ocrx_word' id='word_1_114' title='bbox 458 1667 667 1762; x_wconf 77' lang='grc' dir='ltr'><em>πρωτοτόκῳ.</em></span> <span class='ocrx_word' id='word_1_115' title='bbox 705 1672 742 1740; x_wconf 86' lang='grc' dir='ltr'><em>ἐν</em></span> <span class='ocrx_word' id='word_1_116' title='bbox 760 1676 801 1759; x_wconf 75' lang='grc' dir='ltr'><em>τη</em></span> <span class='ocrx_word' id='word_1_117' title='bbox 828 1667 935 1762; x_wconf 72' lang='grc' dir='ltr'><em>ἡμέρη</em></span> <span class='ocrx_word' id='word_1_118' title='bbox 955 1671 1067 1757; x_wconf 86' lang='grc' dir='ltr'><em>ἐκείνη</em></span> 
     </span>
     <span class='ocr_line' id='line_1_17' title="bbox 100 1765 1093 1861; baseline -0.003 -19"><span class='ocrx_word' id='word_1_119' title='bbox 100 1769 391 1860; x_wconf 76' lang='grc' dir='ltr'><em>μεγαλυνθήσεται</em></span> <span class='ocrx_word' id='word_1_120' title='bbox 414 1765 432 1840; x_wconf 88' lang='grc' dir='ltr'><em>ό</em></span> <span class='ocrx_word' id='word_1_121' title='bbox 457 1768 594 1852; x_wconf 84' lang='grc' dir='ltr'><em>κοπετδς</em></span> <span class='ocrx_word' id='word_1_122' title='bbox 620 1766 835 1861; x_wconf 75' lang='grc' dir='ltr'><em>Ἰερουσαλὴμ</em></span> <span class='ocrx_word' id='word_1_123' title='bbox 863 1765 906 1850; x_wconf 79' lang='grc' dir='ltr'><em>τός</em></span> <span class='ocrx_word' id='word_1_124' title='bbox 930 1767 1093 1851; x_wconf 69' lang='grc' dir='ltr'><em>κοπετὸςε</em></span> 
     </span>
     <span class='ocr_line' id='line_1_18' title="bbox 96 1868 1068 1967; baseline -0.002 -24"><span class='ocrx_word' id='word_1_125' title='bbox 96 1868 234 1954; x_wconf 81' lang='grc' dir='ltr'><em>Ῥοῶνος</em></span> <span class='ocrx_word' id='word_1_126' title='bbox 258 1876 294 1945; x_wconf 84' lang='grc' dir='ltr'><em>ἐν</em></span> <span class='ocrx_word' id='word_1_127' title='bbox 317 1880 423 1967; x_wconf 76' lang='grc' dir='ltr'><em>πεδίῳ</em></span> <span class='ocrx_word' id='word_1_128' title='bbox 449 1874 708 1963; x_wconf 77' lang='grc' dir='ltr'><em>ἐκκοπτομένου·</em></span> <span class='ocrx_word' id='word_1_129' title='bbox 736 1875 791 1942; x_wconf 81' lang='grc' dir='ltr'><em>καὶ</em></span> <span class='ocrx_word' id='word_1_130' title='bbox 815 1870 996 1960; x_wconf 80' lang='grc' dir='ltr'><em>κόψεταιὴ</em></span> <span class='ocrx_word' id='word_1_131' title='bbox 1024 1879 1068 1960; x_wconf 82' lang='grc' dir='ltr'><em>γῆ</em></span> 
     </span>
     <span class='ocr_line' id='line_1_19' title="bbox 100 1972 1071 2066; baseline -0.003 -21"><span class='ocrx_word' id='word_1_132' title='bbox 100 1974 183 2046; x_wconf 88' lang='grc' dir='ltr'><em>κατά</em></span> <span class='ocrx_word' id='word_1_133' title='bbox 201 1975 327 2064; x_wconf 81' lang='grc' dir='ltr'><em>φυλάς,</em></span> <span class='ocrx_word' id='word_1_134' title='bbox 346 1973 437 2066; x_wconf 78' lang='grc' dir='ltr'><em>φυλὴ</em></span> <span class='ocrx_word' id='word_1_135' title='bbox 454 1985 549 2046; x_wconf 77' lang='grc' dir='ltr'><em>οἴκου</em></span> <span class='ocrx_word' id='word_1_136' title='bbox 563 1977 679 2063; x_wconf 80' lang='grc' dir='ltr'><em>Δαβίδ</em></span> <span class='ocrx_word' id='word_1_137' title='bbox 696 1974 777 2046; x_wconf 87' lang='grc' dir='ltr'><em>καθ’</em></span> <span class='ocrx_word' id='word_1_138' title='bbox 798 1972 941 2064; x_wconf 76' lang='grc' dir='ltr'><em>ἑαυτὴν,</em></span> <span class='ocrx_word' id='word_1_139' title='bbox 960 1977 1015 2043; x_wconf 82' lang='grc' dir='ltr'><em>καὶ</em></span> <span class='ocrx_word' id='word_1_140' title='bbox 1034 1980 1071 2043; x_wconf 75' lang='grc' dir='ltr'><em>αἱ</em></span> 
     </span>
     <span class='ocr_line' id='line_1_20' title="bbox 101 2073 1069 2166; baseline 0.003 -20"><span class='ocrx_word' id='word_1_141' title='bbox 101 2092 260 2165; x_wconf 85' lang='grc' dir='ltr'><em>γυναῖκες</em></span> <span class='ocrx_word' id='word_1_142' title='bbox 285 2074 398 2147; x_wconf 78' lang='grc' dir='ltr'><em>αὐτῶν</em></span> <span class='ocrx_word' id='word_1_143' title='bbox 421 2073 503 2146; x_wconf 90' lang='grc' dir='ltr'><em>καθ’</em></span> <span class='ocrx_word' id='word_1_144' title='bbox 536 2075 671 2158; x_wconf 82' lang='grc' dir='ltr'><em>ἑαυτάς·</em></span> <span class='ocrx_word' id='word_1_145' title='bbox 703 2073 794 2166; x_wconf 69' lang='grc' dir='ltr'><em>φυλὴ</em></span> <span class='ocrx_word' id='word_1_146' title='bbox 820 2086 915 2156; x_wconf 76' lang='grc' dir='ltr'><em>οἴκου</em></span> <span class='ocrx_word' id='word_1_147' title='bbox 941 2074 1069 2149; x_wconf 88' lang='grc' dir='ltr'><em>Νάθαν</em></span> 
     </span>
    </p>

    <p class='ocr_par' dir='ltr' id='par_1_7' title="bbox 62 2174 1070 2674">
     <span class='ocr_line' id='line_1_21' title="bbox 62 2174 1068 2265; baseline 0.001 -19"><span class='ocrx_word' id='word_1_148' title='bbox 62 2207 88 2246; x_wconf 84' lang='grc' dir='ltr'><em>ιο</em></span> <span class='ocrx_word' id='word_1_149' title='bbox 102 2175 181 2247; x_wconf 87' lang='grc' dir='ltr'><em>καθ’</em></span> <span class='ocrx_word' id='word_1_150' title='bbox 209 2175 332 2265; x_wconf 81' lang='grc' dir='ltr'><em>ἑαυτὴν</em></span> <span class='ocrx_word' id='word_1_151' title='bbox 355 2179 410 2246; x_wconf 82' lang='grc' dir='ltr'><em>καὶ</em></span> <span class='ocrx_word' id='word_1_152' title='bbox 442 2181 480 2246; x_wconf 88' lang='grc' dir='ltr'><em>αί</em></span> <span class='ocrx_word' id='word_1_153' title='bbox 499 2193 658 2265; x_wconf 83' lang='grc' dir='ltr'><em>γυναῖκες</em></span> <span class='ocrx_word' id='word_1_154' title='bbox 682 2177 796 2248; x_wconf 79' lang='grc' dir='ltr'><em>αὐτῶν</em></span> <span class='ocrx_word' id='word_1_155' title='bbox 819 2174 900 2248; x_wconf 91' lang='grc' dir='ltr'><em>καθ’</em></span> <span class='ocrx_word' id='word_1_156' title='bbox 929 2176 1068 2258; x_wconf 83' lang='grc' dir='ltr'><em>ἑαυτάς·</em></span> 
     </span>
     <span class='ocr_line' id='line_1_22' title="bbox 100 2274 1070 2368; baseline 0.002 -22"><span class='ocrx_word' id='word_1_157' title='bbox 100 2275 191 2367; x_wconf 73' lang='grc' dir='ltr'><em>φυλὴ</em></span> <span class='ocrx_word' id='word_1_158' title='bbox 210 2289 304 2347; x_wconf 85' lang='grc' dir='ltr'><em>οίκον</em></span> <span class='ocrx_word' id='word_1_159' title='bbox 322 2281 408 2348; x_wconf 83' lang='grc' dir='ltr'><em>Λενὶ</em></span> <span class='ocrx_word' id='word_1_160' title='bbox 433 2274 514 2349; x_wconf 90' lang='grc' dir='ltr'><em>καθ’</em></span> <span class='ocrx_word' id='word_1_161' title='bbox 541 2277 666 2368; x_wconf 78' lang='grc' dir='ltr'><em>ἑαυτην</em></span> <span class='ocrx_word' id='word_1_162' title='bbox 691 2281 746 2349; x_wconf 81' lang='grc' dir='ltr'><em>καὶ</em></span> <span class='ocrx_word' id='word_1_163' title='bbox 771 2284 808 2350; x_wconf 86' lang='grc' dir='ltr'><em>αί</em></span> <span class='ocrx_word' id='word_1_164' title='bbox 828 2297 987 2368; x_wconf 85' lang='grc' dir='ltr'><em>γυναῖκες</em></span> <span class='ocrx_word' id='word_1_165' title='bbox 1006 2280 1070 2348; x_wconf 85' lang='grc' dir='ltr'><em>αύ-</em></span> 
     </span>
     <span class='ocr_line' id='line_1_23' title="bbox 100 2377 1069 2469; baseline 0.002 -21"><span class='ocrx_word' id='word_1_166' title='bbox 100 2377 266 2449; x_wconf 79' lang='grc' dir='ltr'><em>τῶνκαθ’</em></span> <span class='ocrx_word' id='word_1_167' title='bbox 296 2378 431 2461; x_wconf 81' lang='grc' dir='ltr'><em>ἑαυτάς·</em></span> <span class='ocrx_word' id='word_1_168' title='bbox 456 2377 548 2468; x_wconf 82' lang='grc' dir='ltr'><em>φυλὴ</em></span> <span class='ocrx_word' id='word_1_169' title='bbox 570 2384 631 2450; x_wconf 82' lang='grc' dir='ltr'><em>τού</em></span> <span class='ocrx_word' id='word_1_170' title='bbox 655 2380 802 2469; x_wconf 74' lang='grc' dir='ltr'><em>Συμεών</em></span> <span class='ocrx_word' id='word_1_171' title='bbox 826 2379 905 2452; x_wconf 86' lang='grc' dir='ltr'><em>καθ’</em></span> <span class='ocrx_word' id='word_1_172' title='bbox 933 2378 1069 2469; x_wconf 72' lang='grc' dir='ltr'><em>ἑαυτὴν,</em></span> 
     </span>
     <span class='ocr_line' id='line_1_24' title="bbox 101 2476 1070 2568; baseline 0.003 -19"><span class='ocrx_word' id='word_1_173' title='bbox 101 2483 157 2550; x_wconf 84' lang='grc' dir='ltr'><em>καὶ</em></span> <span class='ocrx_word' id='word_1_174' title='bbox 176 2486 214 2550; x_wconf 87' lang='grc' dir='ltr'><em>αί</em></span> <span class='ocrx_word' id='word_1_175' title='bbox 227 2496 388 2568; x_wconf 80' lang='grc' dir='ltr'><em>γυναῖκες</em></span> <span class='ocrx_word' id='word_1_176' title='bbox 406 2476 519 2553; x_wconf 70' lang='grc' dir='ltr'><em>αύτοᾶν</em></span> <span class='ocrx_word' id='word_1_177' title='bbox 536 2477 618 2551; x_wconf 85' lang='grc' dir='ltr'><em>καθ’</em></span> <span class='ocrx_word' id='word_1_178' title='bbox 646 2479 781 2564; x_wconf 81' lang='grc' dir='ltr'><em>ἑαυτάς·</em></span> <span class='ocrx_word' id='word_1_179' title='bbox 809 2487 913 2552; x_wconf 86' lang='grc' dir='ltr'><em>πάσαι</em></span> <span class='ocrx_word' id='word_1_180' title='bbox 931 2488 969 2553; x_wconf 71' lang='grc' dir='ltr'><em>αι’</em></span> <span class='ocrx_word' id='word_1_181' title='bbox 984 2482 1070 2553; x_wconf 87' lang='grc' dir='ltr'><em>ύπο-</em></span> 
     </span>
     <span class='ocr_line' id='line_1_25' title="bbox 101 2559 1069 2674; baseline 0.003 -23"><span class='ocrx_word' id='word_1_182' title='bbox 101 2559 311 2672; x_wconf 73' lang='grc' dir='ltr'><em>λελάμμέναι</em></span> <span class='ocrx_word' id='word_1_183' title='bbox 329 2586 451 2672; x_wconf 83' lang='grc' dir='ltr'><em>φυλαὶ,</em></span> <span class='ocrx_word' id='word_1_184' title='bbox 479 2580 569 2672; x_wconf 75' lang='grc' dir='ltr'><em>φυλὴ</em></span> <span class='ocrx_word' id='word_1_185' title='bbox 589 2581 671 2654; x_wconf 88' lang='grc' dir='ltr'><em>καθ’</em></span> <span class='ocrx_word' id='word_1_186' title='bbox 699 2581 841 2674; x_wconf 78' lang='grc' dir='ltr'><em>ἑαυτὴν,</em></span> <span class='ocrx_word' id='word_1_187' title='bbox 866 2587 920 2655; x_wconf 81' lang='grc' dir='ltr'><em>καὶ</em></span> <span class='ocrx_word' id='word_1_188' title='bbox 947 2591 985 2654; x_wconf 78' lang='grc' dir='ltr'><em>αἱ</em></span> <span class='ocrx_word' id='word_1_189' title='bbox 1007 2614 1069 2672; x_wconf 90' lang='grc' dir='ltr'><em>γν-</em></span> 
     </span>
    </p>

    <p class='ocr_par' dir='ltr' id='par_1_8' title="bbox 62 2680 615 2767">
     <span class='ocr_line' id='line_1_26' title="bbox 62 2680 615 2767; baseline 0.004 -15"><span class='ocrx_word' id='word_1_190' title='bbox 62 2713 88 2754; x_wconf 80' lang='lat'><em>25</em></span> <span class='ocrx_word' id='word_1_191' title='bbox 101 2703 215 2766; x_wconf 81' lang='grc' dir='ltr'><em>ναῖκες</em></span> <span class='ocrx_word' id='word_1_192' title='bbox 234 2680 346 2756; x_wconf 70' lang='grc' dir='ltr'><em>αύτοόν</em></span> <span class='ocrx_word' id='word_1_193' title='bbox 363 2680 445 2756; x_wconf 90' lang='grc' dir='ltr'><em>καθ’</em></span> <span class='ocrx_word' id='word_1_194' title='bbox 467 2681 615 2767; x_wconf 83' lang='grc' dir='ltr'><em>ἕαυτάς.”</em></span> 
     </span>
    </p>

    <p class='ocr_par' dir='ltr' id='par_1_9' title="bbox 91 2782 1099 3182">
     <span class='ocr_line' id='line_1_27' title="bbox 179 2782 1099 2877; baseline -0.002 -21"><span class='ocrx_word' id='word_1_195' title='bbox 179 2793 208 2858; x_wconf 84' lang='grc'><em>6.</em></span> <span class='ocrx_word' id='word_1_196' title='bbox 234 2789 302 2856; x_wconf 84' lang='grc' dir='ltr'><em>Καὶ</em></span> <span class='ocrx_word' id='word_1_197' title='bbox 325 2784 427 2858; x_wconf 91' lang='grc' dir='ltr'><em>πάλιν</em></span> <span class='ocrx_word' id='word_1_198' title='bbox 452 2782 532 2877; x_wconf 82' lang='grc' dir='ltr'><em>μεθ’</em></span> <span class='ocrx_word' id='word_1_199' title='bbox 561 2790 656 2876; x_wconf 82' lang='grc' dir='ltr'><em>ἕτερα</em></span> <span class='ocrx_word' id='word_1_200' title='bbox 679 2788 740 2877; x_wconf 81' lang='grc' dir='ltr'><em>τὴν</em></span> <span class='ocrx_word' id='word_1_201' title='bbox 767 2785 907 2877; x_wconf 79' lang='grc' dir='ltr'><em>ἐσχάτην</em></span> <span class='ocrx_word' id='word_1_202' title='bbox 929 2791 987 2875; x_wconf 77' lang='grc' dir='ltr'><em>τῆς</em></span> <span class='ocrx_word' id='word_1_203' title='bbox 1007 2784 1099 2857; x_wconf 67' lang='lat' dir='ltr'>‘Is-d</span> 
     </span>
     <span class='ocr_line' id='line_1_28' title="bbox 101 2887 1068 2980; baseline 0.002 -23"><span class='ocrx_word' id='word_1_204' title='bbox 101 2887 273 2978; x_wconf 80' lang='grc' dir='ltr'><em>ρονσαλὴμ</em></span> <span class='ocrx_word' id='word_1_205' title='bbox 300 2896 498 2980; x_wconf 85' lang='grc' dir='ltr'><em>πολιορκίαν</em></span> <span class='ocrx_word' id='word_1_206' title='bbox 530 2892 739 2980; x_wconf 78' lang='grc' dir='ltr'><em>σαφέστερον</em></span> <span class='ocrx_word' id='word_1_207' title='bbox 772 2887 927 2979; x_wconf 88' lang='grc' dir='ltr'><em>κηρύττει</em></span> <span class='ocrx_word' id='word_1_208' title='bbox 959 2891 1068 2977; x_wconf 86' lang='grc' dir='ltr'><em>λέγων</em></span> 
     </span>
     <span class='ocr_line' id='line_1_29' title="bbox 96 2983 1069 3083; baseline 0.002 -24"><span class='ocrx_word' id='word_1_209' title='bbox 96 2983 196 3060; x_wconf 61' lang='grc' dir='ltr'><em>κίδοδ</em></span> <span class='ocrx_word' id='word_1_210' title='bbox 214 2986 334 3080; x_wconf 76' lang='grc' dir='ltr'><em>ἡμέραι</em></span> <span class='ocrx_word' id='word_1_211' title='bbox 359 2998 511 3081; x_wconf 81' lang='grc' dir='ltr'><em>ἔρχονται</em></span> <span class='ocrx_word' id='word_1_212' title='bbox 528 2994 590 3062; x_wconf 69' lang='grc' dir='ltr'><em>τοι]</em></span> <span class='ocrx_word' id='word_1_213' title='bbox 606 2999 743 3083; x_wconf 90' lang='grc' dir='ltr'><em>κυρίου,</em></span> <span class='ocrx_word' id='word_1_214' title='bbox 769 2993 825 3060; x_wconf 85' lang='grc' dir='ltr'><em>καὶ</em></span> <span class='ocrx_word' id='word_1_215' title='bbox 846 2989 1069 3081; x_wconf 83' lang='grc' dir='ltr'><em>διαμερισθή-</em></span> 
     </span>
     <span class='ocr_line' id='line_1_30' title="bbox 91 3090 1067 3182; baseline -0.002 -22"><span class='ocrx_word' id='word_1_216' title='bbox 91 3113 217 3170; x_wconf 59' lang='grc' dir='ltr'><em>,σονται</em></span> <span class='ocrx_word' id='word_1_217' title='bbox 235 3093 275 3162; x_wconf 82' lang='grc' dir='ltr'><em>τὰ</em></span> <span class='ocrx_word' id='word_1_218' title='bbox 293 3091 401 3163; x_wconf 81' lang='grc' dir='ltr'><em>σκῦλά</em></span> <span class='ocrx_word' id='word_1_219' title='bbox 425 3115 487 3164; x_wconf 89' lang='grc' dir='ltr'><em>σου</em></span> <span class='ocrx_word' id='word_1_220' title='bbox 512 3096 549 3163; x_wconf 90' lang='grc' dir='ltr'><em>ἐν</em></span> <span class='ocrx_word' id='word_1_221' title='bbox 572 3096 642 3182; x_wconf 82' lang='grc' dir='ltr'><em>σοὶ,</em></span> <span class='ocrx_word' id='word_1_222' title='bbox 670 3096 727 3163; x_wconf 85' lang='grc' dir='ltr'><em>καὶ</em></span> <span class='ocrx_word' id='word_1_223' title='bbox 753 3092 940 3175; x_wconf 81' lang='grc' dir='ltr'><em>ἐπισυνάξει</em></span> <span class='ocrx_word' id='word_1_224' title='bbox 958 3090 1067 3160; x_wconf 88' lang='grc' dir='ltr'><em>πάντα</em></span> 
     </span>
    </p>

    <p class='ocr_par' dir='ltr' id='par_1_10' title="bbox 62 3189 1069 3284">
     <span class='ocr_line' id='line_1_31' title="bbox 62 3189 1069 3284; baseline 0 -24"><span class='ocrx_word' id='word_1_225' title='bbox 62 3219 89 3260; x_wconf 76' lang='grc' dir='ltr'><em>ιο</em></span> <span class='ocrx_word' id='word_1_226' title='bbox 103 3191 142 3262; x_wconf 83' lang='grc' dir='ltr'><em>τά</em></span> <span class='ocrx_word' id='word_1_227' title='bbox 161 3201 247 3282; x_wconf 79' lang='grc' dir='ltr'><em>ἔθνη</em></span> <span class='ocrx_word' id='word_1_228' title='bbox 268 3196 320 3263; x_wconf 80' lang='grc' dir='ltr'><em>ἐπὶ</em></span> <span class='ocrx_word' id='word_1_229' title='bbox 340 3192 555 3284; x_wconf 75' lang='grc' dir='ltr'><em>Ἰερουσαλὴμ</em></span> <span class='ocrx_word' id='word_1_230' title='bbox 581 3202 628 3277; x_wconf 84' lang='grc' dir='ltr'><em>είς</em></span> <span class='ocrx_word' id='word_1_231' title='bbox 647 3193 809 3284; x_wconf 84' lang='grc' dir='ltr'><em>πόλεμον,</em></span> <span class='ocrx_word' id='word_1_232' title='bbox 832 3197 888 3263; x_wconf 85' lang='grc' dir='ltr'><em>καὶ</em></span> <span class='ocrx_word' id='word_1_233' title='bbox 905 3189 1069 3260; x_wconf 80' lang='grc' dir='ltr'><em>άλύσεται</em></span> 
     </span>
    </p>
   </div>
   <div class='ocr_carea' id='block_1_3' title="bbox 171 3426 1069 3492">
    <p class='ocr_par' dir='ltr' id='par_1_11' title="bbox 171 3426 1069 3492">
     <span class='ocr_line' id='line_1_32' title="bbox 171 3426 1069 3492; baseline 0.002 -15"><span class='ocrx_word' id='word_1_234' title='bbox 171 3426 386 3492; x_wconf 75' lang='lat' dir='ltr'>5Zaeh.12‚2.</span> <span class='ocrx_word' id='word_1_235' title='bbox 430 3483 433 3488; x_wconf 47' lang='lat'>‚</span> <span class='ocrx_word' id='word_1_236' title='bbox 491 3430 522 3477; x_wconf 77' lang='lat'><em>12</em></span> <span class='ocrx_word' id='word_1_237' title='bbox 541 3428 735 3488; x_wconf 67' lang='lat' dir='ltr'>Zaeh.12,10.</span> <span class='ocrx_word' id='word_1_238' title='bbox 839 3427 1069 3490; x_wconf 74' lang='lat' dir='ltr'><strong>28Za0h.14,1.</strong></span> 
     </span>
    </p>
   </div>
   <div class='ocr_carea' id='block_1_4' title="bbox 0 0 1171 3818">
    <p class='ocr_par' dir='ltr' id='par_1_12' title="bbox 0 0 1171 3818">
     <span class='ocr_line' id='line_1_33' title="bbox 0 0 1171 3818; baseline 0 0"><span class='ocrx_word' id='word_1_239' title='bbox 0 0 1171 3818; x_wconf 95' lang='lat' dir='ltr'><em> </em></span> 
     </span>
    </p>
   </div>
  </div>
 </body>
</html>
