2326 3818
122 146 137 178 ι
343 124 563 178 ΚΕΦΔΛΑΙΩΝ
582 126 816 178 ΚΔΤΑΓΡΑΦΗ.

145 269 215 331 601,
231 272 255 321 2.
301 259 429 337 Περὶ
392 284 445 361 της
461 258 494 321 ἓν
509 254 643 344 θαλόττγ
657 262 779 336 πορείας
793 284 846 323 του
834 263 1003 338 Χριστοῦ.

144 352 215 413 603,
231 356 258 406 2.
291 344 366 421 Περι
376 368 438 407 των
449 337 757 407 ἕπττελεσθὲντωνυπ
775 341 1069 445 οὗτοῦποροδόξων.

145 436 214 498 601,
231 441 255 491 4.
294 429 370 510 Περὶ
390 453 451 493 των
470 431 559 509 σημεῖ
557 452 600 491 ων
545 429 664 491 {nal
686 429 834 511 ττρότων,
857 420 901 494 οἷν
914 429 1068 514 κατειργό-

105 534 186 577 σοτο.

144 605 214 669 609,
230 610 255 660 4.
300 598 374 680 Περὶ
395 601 448 662 τοῦ
468 591 509 677 μὴ
530 601 682 678 φανητιᾶν
700 598 735 662 Ιν
754 603 797 686 τῷ
822 602 1070 679 παροδοξοποιεῖν

101 677 154 745 τόν
169 681 314 758 Χριστόν.

143 774 212 836 612,
230 778 254 830 3.
293 767 370 847 Περὶ
385 769 440 829 τοῦ
454 760 495 847 μὴ
510 762 677 830 πιστεύσειν
692 760 784 843 εἰς
747 762 840 831 αυτόν
859 761 911 831 τόν
925 771 987 833 τῶν
998 763 1069 834 Ιου·

102 854 195 915 δαίων
212 847 293 914 λαόν.

143 941 214 1004 614,
229 947 255 998 0.
295 931 349 1010 Ὡς
363 934 411 998 ἐπὶ
433 932 571 999 πῶλον
556 936 716 1018 οχοόμενος
736 932 854 1001 ἕλόσειν
874 931 969 1014 εἰς
936 963 972 1001 το
983 937 1070 1021 Ἱερο-

98 1021 217 1098 σόλυμα
232 1017 457 1101 προφητεύεται.

143 1112 218 1175 618
240 1117 283 1168 22
325 1105 402 1185 Περὶ
422 1108 475 1180 τοῦ
495 1096 534 1181 τός
553 1098 630 1168 ἆννᾶ
652 1130 694 1192 τῳ
682 1109 774 1193 υἱῷ
796 1106 895 1188 Δοβλό
915 1105 1067 1188 ἰπτφωνή-

97 1213 201 1270 ματος.

142 1281 212 1343 622,
228 1286 271 1338 24.
310 1275 386 1355 Περὶ
397 1268 498 1337 Ἰούδα
518 1297 572 1336 του
559 1271 750 1374 προδότου,
772 1275 821 1337 καὶ
837 1301 898 1339 των
912 1298 970 1339 ουν
984 1270 1069 1364 αὐτῷ

94 1354 154 1441 τὴν
168 1353 244 1422 nav&
258 1361 312 1422 τοῦ
331 1365 462 1442 σωτῆρος
475 1351 563 1461 ἡμῶν
583 1351 747 1468 ἕπτβουλόρν
761 1343 1054 1465 ουσκευγσομὲνων.

139 1446 215 1515 633,
234 1455 275 1507 10.
306 1445 375 1507 ”Eu
395 1445 463 1525 περὶ
482 1467 536 1506 του
523 1437 662 1523 Ἰούδα,
683 1445 734 1507 καὶ
755 1448 816 1508 των
836 1440 894 1509 σόν
914 1439 1067 1533 αὐτῷτὴν

95 1529 172 1593 κατό
188 1554 241 1593 του
228 1534 389 1634 Χριστοῦ
404 1521 553 1608 συσκενὴν
568 1495 786 1607 πεποόημένων.

142 1621 212 1694 637
225 1624 267 1674 20.
295 1610 362 1674 Ἐτι
377 1614 461 1712 περὶ
459 1635 513 1674 του
501 1609 639 1695 ’Ἰοόδο,
655 1615 707 1675 πολ
721 1638 773 1676 του
762 1608 869 1689 εἰς
837 1640 892 1694 την
902 1613 1003 1695 χώραν
1015 1607 1066 1678 αό·

92 1703 150 1761 τοῦ
175 1679 421 1778 όντειοοτχθέντος
445 1661 639 1779 ἀποστόλου,
657 1698 709 1760 παλ
742 1699 809 1779 περὶ
839 1704 893 1763 τοῦ
916 1696 1067 1763 Ἰουδαίων

99 1784 218 1856 ἔθνους.

141 1874 211 1936 644,
227 1878 253 1930 2.
280 1860 348 1929 Ἐτι
355 1865 431 1967 περὶ
446 1888 499 1928 του
487 1861 607 1929 Ἰοόόα
623 1866 673 1928 καλ
688 1892 749 1930 των
765 1863 917 1950 ἀργυρίων
931 1863 1006 1931 ἀνθ’
1024 1856 1067 1932 τόν

97 1945 148 2015 τόν
163 1952 269 2051 κόριον
283 1948 452 2033 προόόωκε,
468 1976 517 2013 και
527 1951 595 2032 περὶ
607 1976 660 2031 της
668 1943 870 2034 αποβολης
829 1977 890 2017 των
899 1978 981 2035 παρα
992 1949 1065 2018 Ιου-

94 2041 194 2112 θαίοις
208 2029 363 2116 ἀρχόντων
378 2058 408 2097 τε
423 2061 473 2098 και
465 2033 668 2139 ἀρχομένων.

140 2129 252 2190 6532.
287 2123 356 2183 Eu
372 2121 440 2196 περι
455 2143 508 2183 τον
522 2115 650 2185 Ιουόα
636 2145 729 2202 ονο
730 2126 784 2185 στί.

140 2214 210 2274 653,
226 2216 253 2268 0.
298 2206 427 2308 Περι
390 2231 443 2286 της
453 2204 612 2286 ἕκλείψεω
627 2230 680 2268 του
668 2204 844 2286 ηλουτης
855 2205 903 2270 ἔπι
915 2233 957 2271 τω
946 2207 1064 2271 πόθει

91 2294 150 2354 τοῦ
169 2294 311 2394 σωτῆρούς
322 2285 408 2371 ἡμῶν
429 2293 640 2372 γεγενημένης,
666 2291 805 2375 καὶπερὶ
826 2296 880 2356 τοῦ
901 2273 1066 2369 πόντελοῦς

91 2370 226 2458 όλὲθρου
239 2401 293 2439 του
280 2371 417 2439 ’ίΙουδοι
403 2380 458 2439 ίων
473 2377 592 2450 ἔθνους.

138 2469 207 2529 655,
225 2473 268 2526 23.
298 2461 365 2524 Ἔτι
377 2461 443 2544 περὶ
456 2465 510 2540 τῆς
522 2463 681 2540 ἐκλείψεως
691 2484 745 2523 του
732 2459 809 2542 ἡλί
806 2486 845 2525 ου
858 2462 909 2527 καλ
923 2465 979 2525 τοῦ
988 2457 1064 2524 κοντοὶ

91 2538 127 2607 τό
142 2543 288 2623 σωτήριον
302 2544 403 2621 πόθος
417 2551 534 2647 καιροῦ.

138 2637 209 2698 658,
224 2640 269 2691 20.
285 2630 375 2729 Περὶ
387 2635 448 2692 τῶν
459 2625 534 2693 κοιτόι
545 2624 578 2693 τό
571 2626 737 2735 σωτήριον
751 2628 851 2707 πόθος
862 2630 1066 2696 ἔπιτελεσθέν·

91 2738 162 2779 των.
192 2717 247 2790 Εἰς
261 2708 294 2777 τό
310 2709 423 2788 τέλος
404 2740 480 2797 οπερ
495 2719 547 2797 τῆς
562 2707 750 2796 ἀντιλήψεως
765 2722 817 2796 τῆς
833 2716 971 2796 ἑωθινῆς.
