2326 3818
319 109 506 162 DEMONST.
525 109 658 161 EVANG.
670 109 693 159 1.
713 111 753 161 10.
978 107 1019 172 67

53 252 110 320 καὶ
128 248 225 339 ἡμεῖς
244 247 466 338 ἐλογισάμεθα
485 244 589 318 αὐτὸν
607 247 694 319 εἶναι
718 252 755 318 ἐν
780 247 885 344 πόνῳ,
905 253 961 320 καί
985 256 1022 323 ἐν

54 357 176 441 πληγή,
196 355 252 421 καὶ
270 356 307 422 ἐν
325 348 486 421 κακώσει·
507 346 606 431 αῦτδς
631 350 668 418 δὲ
689 353 938 441 ἐτραυματιόθη
965 350 1021 422 διὰ

53 452 111 536 τὰς
134 452 296 542 ἁμαρτίας
318 447 425 542 ήμῦν,
450 454 506 522 καὶ
530 450 770 541 μεμαλοίκισται
793 453 849 523 διὰ
867 453 924 535 τὰς
941 451 1022 525 οἶνο-

53 563 131 645 μίας
149 556 256 644 ἡμῶν,
275 560 411 625 παιδεία
430 552 565 643 εἰρήνης
583 550 678 642 ήμῦν
692 551 743 623 ἐπ’
762 551 876 643 αῦτδν,
890 561 936 648 τῷ
955 555 1020 645 μοι’-

28 667 140 728 ιλωπι
165 654 269 727 αὐτοῦ
291 651 387 746 ἡμεῖς
412 654 569 745 ίοίθημεν,
596 657 651 724 καὶ
682 652 797 746 κῦριος
822 659 1019 746 παρέδωκεν

55 756 157 829 αῦτδν
196 775 268 841 ταῖς
298 756 473 848 ἁμαρτίαις
503 755 607 847 ἡμῶν.
647 754 746 840 αῦτδς
769 754 833 848 γὰρ
857 753 1021 847 ἁμαρτίαν

53 857 116 931 οῦκ
151 865 319 948 ἐποίησεν,
355 857 429 930 οὐδ’
467 857 591 949 εὑρέθη
615 857 711 941 δόλος
748 863 785 931 ἐν
812 864 858 954 τῷ
883 859 1021 951 στόματι

54 960 186 1034 αῦτοῦ.”

133 1071 181 1134 17.
222 1061 269 1135 Τὰ
308 1061 406 1153 ὅμοια
445 1061 574 1144 τούτοις
620 1064 675 1131 καὶ
709 1060 867 1151 Ἱερεμίας
911 1068 1022 1154 ἕτερος

17 1197 42 1237 10
50 1161 215 1255 Ἑβραίων
238 1163 410 1254 προφήτης
435 1167 488 1234 ἐπὶ
506 1161 689 1254 προσώπου
706 1171 765 1235 τοῦ
789 1171 935 1253 Χριστοῦ
954 1172 1022 1237 ἐπι-

56 1284 175 1357 φωνεϊ,
193 1269 300 1355 λέγων
320 1262 337 1290 “
349 1265 412 1355 ἐγὼ
431 1264 477 1348 ὡς
493 1262 613 1354 ἀρνίον
630 1263 756 1336 ἁκακον
774 1263 938 1356 ἁμῦμευον
962 1274 1023 1339 τοῦ

54 1364 234 1440 θῦεσθαι.”

129 1467 416 1559 Ἐπισφρανίζεται
450 1468 508 1549 τὰς
532 1466 659 1538 τούτων
683 1467 885 1559 προρρήσεις
908 1469 1020 1541 Ἰωὰν-
1035 1512 1077 1562 (37,

56 1601 116 1661 νης
146 1570 164 1641 ὃ
191 1570 374 1660 βαπτιστής
400 1574 454 1640 ἐπὶ
477 1574 536 1660 τῆς
564 1575 625 1640 τοῦ
655 1574 802 1660 σωτῆρος
827 1566 923 1661 ήμῶν
953 1578 1041 1643 ἐπιν

17 1709 42 1750 15
57 1681 207 1763 φανείας.
257 1671 342 1742 ίδών
367 1671 431 1761 γὰρ
455 1669 575 1758 αὐτὸν,
593 1673 649 1742 καὶ
667 1689 736 1755 τοῖς
760 1679 926 1764 παροῦσιν
951 1679 1024 1744 ἐπι-

56 1779 168 1859 δείξας
183 1770 227 1858 ῦς
244 1772 309 1863 ἁρα
328 1772 428 1855 αὐτὸς
453 1772 539 1863 εἴηὸ
564 1771 868 1865 προφητευόμενθς,
894 1776 1022 1866 ἐπεφώ-

55 1902 161 1968 νησεν
173 1874 248 1948 “ms
267 1874 284 1946 ὁ
303 1874 407 1966 ἁμυδς
424 1880 485 1947 τοῦ
502 1881 601 1964 θεοῦ,
619 1875 637 1946 δ
657 1888 763 1965 αίρων
781 1876 842 1966 τήν
856 1872 1023 1967 ἁμαρτίαν

55 1985 115 2050 τοῦ
129 1976 283 2069 κόσμου.”
311 1984 359 2048 18.
371 1977 425 2049 ὅτε
444 1987 561 2048 τοίνυν
578 1977 662 2047 κατὰ
678 1977 737 2061 τὰς
754 1982 822 2048 των
840 1985 1024 2069 προφητωυ

56 2088 240 2170 μαρτυρίας
259 2077 395 2170 εὕρηται
418 2078 454 2150 τὸ
478 2083 563 2169 με’μα
588 2082 643 2149 καὶ
667 2087 778 2170 τίμιον
803 2081 925 2168 λύτρον
945 2081 1024 2152 'Iov-

17 2217 43 2256 κο
58 2190 164 2253 δαίων
181 2181 266 2272 ὁμοῦ
285 2184 341 2250 καί
354 2180 535 2269 Ἑλλήνων,
554 2180 590 2251 τὸ
607 2186 668 2251 τοῦ
681 2182 805 2265 παντὸς
823 2181 949 2272 κόσμου
968 2214 1024 2253 κα-

56 2282 212 2371 θάρσιον,
231 2281 267 2353 τῦ
286 2281 423 2352 πάντων
450 2280 644 2371 ἀνθρώπων
668 2280 872 2373 ἁντίψυχον,
897 2285 933 2354 τὸ
958 2284 1022 2354 ποί-

57 2411 117 2474 σης
136 2392 271 2472 κηλῖδος
289 2387 345 2454 καὶ
359 2381 520 2473 ἁμαρτίας
544 2382 696 2472 καθαρὸν
715 2389 854 2472 ίερείον,
879 2381 896 2455 ὁ
922 2383 1025 2475 ἁμνός

56 2493 116 2558 τοῦ
134 2490 239 2575 θεοῦ,
258 2486 294 2556 τδ
313 2487 472 2575 θεοφιλὲς
489 2488 546 2555 καὶ
563 2483 669 2573 ἁγνὸν
686 2484 872 2575 πρόβατον,
891 2485 927 2556 τὸ
946 2514 1053 2576 προ-ι,

56 2587 287 2680 φητευόμενον
304 2585 439 2679 ιἰρνίον,
467 2578 508 2658 οῦ
526 2585 582 2657 διὰ
599 2592 658 2677 τῆς
682 2591 804 2659 ἐνθέου
829 2591 884 2659 καὶ
907 2612 1026 2679 μυστι-

16 2725 42 2762 οῡ
58 2696 118 2780 κής
137 2699 354 2771 διδασκαλίας
372 2689 493 2771 πάντες
510 2685 605 2780 ἡμεῖς
618 2697 654 2761 of
670 2693 702 2773 ἐξ
721 2694 835 2761 ἐθνων
860 2690 921 2780 τήν
945 2689 1025 2779 &qoe-

57 2821 113 2865 σιν
130 2801 198 2864 τῶν
216 2794 388 2883 προτέρων
411 2787 655 2882 ἁμαρτημάτων
674 2790 865 2882 εῦροίμεθα,
892 2792 943 2864 διό
968 2798 1024 2865 καὶ
1040 2819 1080 2871 [τοι

52 2895 226 2966 Ἰουδαίων
244 2900 280 2964 οί
296 2902 343 2977 είς
361 2891 464 2965 αῦτὸν
482 2892 658 2982 ἠλπικότες
674 2893 849 2984 ἐλεῦθεροι
866 2901 924 2984 της
939 2907 1027 2967 Μω-

57 3001 142 3079 σέως
160 2993 314 3086 ἀφίενται
333 2994 489 3085 κατάρας,
509 2994 643 3077 είκότως
660 2993 723 3086 τήν
746 2996 867 3069 τούτου
891 2998 1027 3087 μνήμην

57 3103 118 3170 τοῦ
149 3127 185 3168 τε
215 3096 364 3188 σώματος
391 3095 499 3169 αῦτοῦ
521 3100 577 3168 καὶ
603 3102 662 3169 τοῦ
695 3104 831 3188 αἵματος
854 3099 916 3188 τήν
945 3097 1026 3168 ῦπό-

17 3238 43 3276 εο
58 3223 183 3293 μνησιν
207 3196 368 3292 ὁσημέραι
397 3204 642 3287 ἐπιτελοῦντες,
669 3202 725 3271 καὶ
757 3205 815 3288 της
840 3207 1027 3290 κρείττονος

57 3355 261 3363 -————.—-.

129 3442 159 3487 11
178 3438 236 3489 ιω.
256 3439 297 3502 11,
318 3438 358 3490 19.
464 3437 557 3488 17J0.
578 3438 600 3498 1,
620 3438 662 3490 29.

833 3520 882 3588 5¹³5
