2326 3818
518 103 739 155 ΚΕΦΔΑΑΙΩΝ

231 509 408 583 Κεφαλαίων
429 499 607 586 καταγραφή
629 511 727 584 duplex
744 513 770 568 in
787 512 863 570 libris
879 523 935 576 est,
960 513 1043 572 altera
1061 519 1117 573 sin·

146 596 218 669 gulis
239 596 315 653 libris
336 597 502 672 praemisso,
519 596 553 652 ab
569 587 637 651 ταίλε
653 589 766 652 ἔνεστιν
783 590 814 651 ἐν
835 595 877 672 τῇ
895 641 900 652 .
917 639 923 653 .
940 642 946 654 .
964 589 1114 674 συγγραμ·

145 699 215 754 ματι
226 680 368 757 incipiens,
385 698 465 755 quam
478 698 560 754 supra
572 680 743 737 exhibuimus
755 699 782 754 p.
792 681 942 743 vti-xiii,
958 684 1041 739 altera
1058 686 1115 741 sin·

145 766 217 840 gulis
238 766 373 841 capitibus
395 765 489 821 iisdem
512 766 619 839 quidem
640 764 729 822 verbis
757 766 941 840 praescripta,
966 767 1012 824 sed
1035 778 1114 824 aucta

144 852 320 925 Argumentis
335 850 458 907 iocorum
475 866 545 922 quos
556 849 690 906 Eusebius
703 851 840 924 excerpsit
851 850 1023 907 biblicorum.
1039 853 1113 909 Libri

145 937 235 1033 primi
247 929 418 1006 κεφαλαίων
440 925 618 1008 καταγραφή
638 951 691 991 una
713 951 774 991 cum
796 937 890 1008 primis
912 937 1005 1009 operis
1026 938 1117 1009 ipsius

144 1019 251 1094 paginis
267 1018 366 1074 excidit
382 1036 414 1075 eu
429 1020 522 1076 codice
535 1020 659 1075 Parisino
675 1019 789 1093 eiusque
805 1021 981 1094 apographis
998 1037 1114 1094 quorum

144 1120 199 1160 uno
208 1120 274 1158 usus
282 1103 652 1179 estRobertusStephanusa
657 1103 748 1161 1545:
755 1105 826 1161 unde
834 1104 1118 1161 ineditroneParrsma

144 1186 268 1245 amone
291 1189 529 1263 triumprimorum
543 1178 952 1263 capitumirroorrigpnprap
959 1189 1072 1245 Vii5-
1084 1189 1116 1261 9)

145 1272 178 1328 ab
200 1272 306 1329 editore
327 1274 477 1348 composita
502 1282 558 1337 est,
584 1272 755 1347 reliquorum
777 1289 842 1330 vero
863 1277 982 1367 capitum
1002 1274 1064 1329 inde
1080 1274 1113 1329 ab

146 1366 244 1430 quarto
264 1374 351 1432 usque
375 1359 406 1415 ad
431 1359 563 1416 decimum
579 1356 714 1432 (suprap.
732 1358 783 1421 Vh,
799 1358 934 1430 10-23)
955 1344 1118 1425 ὑποθέσεις

147 1458 178 1498 ox
194 1442 278 1499 altera
300 1444 441 1517 suppletae
462 1452 526 1499 sunt
547 1438 721 1514 κεφαλαίων
741 1439 935 1520 καταγραφῇ,
956 1460 1036 1517 ροισι
1058 1445 1114 1499 sin·

144 1527 216 1601 gulis
245 1528 379 1601 capitibus
405 1528 601 1601 praescriptam
627 1530 653 1583 in
678 1527 755 1584 libris
780 1545 841 1584 esse
872 1545 953 1602 supra
982 1526 1112 1584 dicebam.

145 1611 239 1667 Omnia
255 1611 327 1666 iraud
342 1611 423 1667 dubie
439 1613 544 1682 integra
560 1610 671 1666 suerunt
686 1613 714 1666 in
738 1613 830 1668 codice
845 1613 1060 1673 biaurocordati,
1082 1630 1113 1667 eu

146 1713 200 1769 quo
217 1693 372 1768 Stephanus
388 1694 532 1768 Berglerus
548 1696 656 1750 initium
676 1696 767 1768 operis
783 1694 815 1750 ab
828 1712 857 1750 se
867 1695 1034 1768 descriptum
1052 1695 1070 1750 1.
1083 1698 1117 1750 Α.

142 1780 267 1835 Fabricio
296 1779 429 1835 edendum
458 1778 549 1841 misit,
578 1779 611 1834 de
640 1796 695 1852 quo
719 1780 746 1834 in
773 1779 945 1835 Praefatione
968 1779 1036 1840 dixi.
1067 1780 1113 1834 sed

143 1864 283 1938 neglecta,
300 1881 369 1937 quae
385 1867 412 1919 in
429 1863 522 1919 codice
538 1862 585 1941 illo
602 1863 673 1918 inauri
689 1863 769 1920 dubie
779 1863 929 1937 praemissa
944 1863 1005 1925 init,
1021 1878 1114 1935 κεφα-

142 1945 233 2004 λαίων
249 1943 440 2026 καταγραφῇ.

228 2030 405 2106 Singulorum
427 2033 546 2106 capitum
566 2033 733 2106 Argumenta
754 2048 837 2106 quum
859 2031 952 2088 eadem
974 2033 1028 2086 sint
1045 2048 1107 2104 quar

142 2117 220 2174 libris
231 2117 347 2190 singulis
360 2117 526 2173 coniunctim
539 2124 603 2172 sunt
617 2117 766 2190 praemissa
775 2117 802 2171 in
815 2115 962 2178 codicibus.
979 2132 1031 2190 ego
1045 2133 1099 2189 quo

142 2218 196 2275 que
212 2218 242 2258 ca
264 2202 292 2256 in
314 2196 486 2273 κεφαλαίων
507 2196 685 2280 καταγραφῇ
706 2216 788 2274 supra
810 2201 900 2274 posita
916 2218 943 2274 p.
960 2201 1089 2256 iiii-iii.r

142 2285 309 2364 coniunctim
337 2280 444 2342 exhibui
475 2303 526 2342 nec
553 2285 670 2359 singulis
697 2283 833 2359 capitibus
853 2286 954 2340 iterum
983 2286 1084 2358 praemi

142 2372 222 2427 tenda
234 2387 295 2427 esse
307 2372 410 2445 putavi.
423 2373 527 2426 servavi
539 2387 603 2427 vero
619 2386 688 2445 quae
704 2369 772 2427 locis
788 2369 894 2426 biblicis
910 2370 1026 2443 aliisque
1043 2387 1078 2426 no

142 2456 225 2512 nullis
240 2457 425 2529 praescriptae
441 2464 506 2511 sunt
516 2445 688 2528 ὑποθέσεις,
702 2454 805 2546 quibus
817 2453 867 2510 hae
879 2462 943 2509 sunt
958 2454 1073 2509 addenda

183 2538 251 2633 Pag
267 2539 336 2602 161,
350 2543 375 2593 b.
391 2539 433 2594 ed.
450 2548 576 2601 nostrae,
593 2532 661 2593 ’Ότι
676 2523 820 2593 οὐδὲν
780 2555 839 2593 των
853 2524 912 2592 απὸ
927 2534 982 2612 γῇς
997 2527 1052 2611 χρὴ

143 2615 192 2679 ἐπὶ
209 2640 332 2679 παντων
346 2618 412 2701 θεῷ
427 2613 496 2678 οὔτε
511 2617 628 2718 θυμιᾶν
643 2611 710 2677 οὔτε
727 2610 830 2678 θύειν.

186 2707 256 2769 161,
272 2709 314 2761 19.
351 2696 416 2762 Eri
432 2701 499 2800 περι
515 2722 617 2762 αυτου

185 2791 294 2849 1676
340 2779 423 2862 Πρὸς
444 2807 512 2860 τους
531 2779 736 2857 ακειθοῦντας
740 2785 794 2884 τῇ
810 2785 872 2845 τῶν
891 2786 1016 2862 μαθητω

143 2871 272 2950 σωτῆρος
282 2858 368 2946 ἡμων
377 2869 493 2967 περί
452 2895 512 2931 των
523 2862 748 2978 παραδόξων’
712 2890 804 2931 αντου
793 2865 905 2948 πράξε
893 2892 949 2931 εων
965 2869 1014 2949 tien

187 2959 245 3017 187
272 2962 313 3015 ll.
354 2947 499 3032 Ἰωσήπου
514 2954 581 3036 περὶ
597 2977 650 3016 τον
639 2955 809 3036 Χριστοῦ.

210 3129 225 3176 3
244 3115 461 3191 Σογγραμματα
478 3125 529 3176 hos
537 3123 632 3203 libros
648 3125 813 3175 Eusebius
805 3139 864 3202 rpse
885 3129 989 3174 consta

143 3191 241 3268 pellet.
254 3191 298 3244 Suc
311 3208 337 3258 p
351 3193 415 3243 86α.
435 3188 486 3244 διὰ
498 3190 550 3243 τοῦ
562 3183 615 3255 πρὸ
630 3207 732 3244 τουτον
745 3184 971 3270 συγγράμματος.

144 3251 194 3308 δια
216 3256 266 3310 τοῦ
295 3253 407 3323 κρότον
435 3251 653 3326 συγγράμματος
681 3257 732 3326 τῇς
743 3271 904 3338 παρρνσης
936 3251 964 3310 r'n

142 3325 536 3407 pariterquep.105d.etp.
556 3319 756 3392 lum-bocci
774 3317 829 3408 πρὸ
849 3319 950 3376 τούτου

142 3407 212 3455 ματι
230 3391 316 3460 τρίτῳ
334 3409 396 3446 orci
414 3392 466 3461 τῆς
483 3385 681 3460 Εοαγγελικῇς
698 3378 876 3452 ὑποθέσεως,
898 3400 925 3445 et
