2326 3818
142 152 205 214 442
546 152 696 203 ουεοοιι

144 314 238 379 κησις
262 288 344 380 μετά
367 294 515 376 κέντρων
538 289 675 379 αὐτοὺς,
704 288 794 361 τοῦτ’
826 299 894 360 ἔστι
912 290 993 379 μετά
1013 303 1113 382 σκλη-

145 399 214 482 ρῶν
233 392 473 482 ἐπιταγμάτων,
485 395 817 481 καταδουλουμένων,
833 393 944 482 (τούτο
958 392 1022 483 γάρ
1039 394 1113 482 ἐδή-

77 524 133 574 (328)
148 505 209 565 λου
228 501 296 564 τῶν
314 501 424 583 μυιῶν
442 497 497 564 καὶ
515 499 583 564 τῶν
601 499 763 583 μελιττῶν
785 491 825 563 τά
843 497 1112 586 παραδείγματα)

145 600 199 666 καὶ
225 599 277 665 ἐπὶ
304 591 444 683 πάσινη
467 603 534 665 τῶν
562 599 674 665 ἐθνῶν
692 592 756 664 ἀπὸ
782 599 839 683 τῆς
858 598 1019 684 προτέρας
1040 602 1113 687 ἐρη-

143 707 220 788 μίας
236 705 281 778 είς
296 695 357 786 τὴν
370 695 452 766 κατά
465 696 549 779 θεὸν
562 703 729 784 γεωργίαν
742 696 923 785 μεταβολή;
943 703 992 768 94,
1008 704 1113 770 ταῦτα
1126 725 1139 766 ο

146 799 187 889 δὴ
219 790 281 869 οὖν
311 795 499 887 ὀφθαλμοῖς
529 796 691 886 ὀρῶμενα.
704 806 754 879 τίς
778 797 839 868 οὐκ
866 797 908 868 ἀν
934 804 1113 889 ἐκπλαγείη

143 898 339 987 θαυμάσας;
363 907 412 979 τίς
432 899 468 967 δὲ
486 897 526 969 οὐ
544 907 645 968 θείαν
664 895 707 980 ῶς
725 897 860 987 ἀληθῶς
877 898 1114 989 ὁμολογήσειεν

144 997 187 1071 ἀν
204 999 265 1090 τὴν
283 998 485 1090 πρόρρησιν,
504 996 638 1070 ἀκούων
655 998 791 1070 ἀνωθεν
809 1002 872 1087 πρὸ
891 1010 1007 1090 χιλίων
1025 1002 1115 1074 ὅλων

146 1105 229 1171 ἐτῶν
256 1107 292 1171 ἐν
315 1109 444 1190 βίβλοις
467 1100 668 1191 ἀποκείμενα
686 1106 791 1171 τοιῶτα
808 1105 863 1171 καὶ
890 1103 1114 1194 μελετῶμενα,

145 1202 185 1272 οὐ
204 1205 270 1291 μὴν
288 1201 405 1274 άλλοτε
424 1211 469 1284 είς
488 1205 579 1286 τέλος
597 1202 743 1293 ἀχθέντα
761 1199 782 1291 ἢ
799 1201 880 1292 μετά
895 1205 957 1292 τὴν
970 1209 1031 1274 τοῦ
1048 1229 1112 1276 σω·
1128 1231 1153 1272 ιο

118 1307 243 1393 οτῆρος
260 1299 356 1394 ἡμῶν
373 1313 579 1395 παρουσίαν;
601 1313 631 1374 εί
645 1302 686 1391 δὴ
696 1296 758 1375 οὖν
771 1305 959 1395 θαυμάσιος
973 1304 994 1394 ἡ
1012 1307 1113 1397 πρόρ-

146 1428 257 1495 ρησις,
277 1409 331 1475 καὶ
357 1414 405 1476 ἔτι
422 1409 682 1496 θαυμασιωτέρα
707 1409 763 1475 καὶ
781 1402 866 1497 ὑπὲρ
885 1406 993 1478 πάντα
1012 1409 1113 1497 λόγον

145 1504 241 1596 ἡτῆς
260 1505 474 1597 προρρήσεως
492 1516 643 1596 ἔκβασις,
668 1515 702 1576 τί
728 1515 782 1578 δεῖ
797 1507 950 1580 ἀπιστεῖν
969 1517 1000 1580 εί
1016 1513 1072 1580 καὶ
1091 1510 1112 1598 ἡ

145 1609 259 1698 πρῶτη
283 1615 343 1680 τοῦ
370 1612 664 1698 προφητευομένου
682 1606 828 1698 πάροδος
846 1609 1037 1698 παράδοξον
1055 1616 1112 1682 καί

142 1709 228 1798 ὑπὲρ
243 1714 355 1780 πᾶσαν
368 1708 553 1798 ἀνθρώπου
570 1709 676 1803 φύσιν
688 1707 749 1798 τὴν
762 1718 820 1800 τῆς
834 1715 995 1798 γενέσεως
1013 1742 1111 1783 κατα·
1128 1741 1154 1781 ιε

145 1811 250 1899 βολην
275 1821 421 1901 εἴληχεν,
446 1810 544 1881 ὁπότε
567 1815 623 1882 καὶ
647 1811 760 1900 ἡτῶν
784 1817 910 1883 λοιπῶν
926 1813 1113 1904 θαυμάτων

146 1912 287 2002 ἐναργὴς
304 1912 379 1998 ὄψις
398 1910 460 2002 οὐχ
478 1909 586 2000 ἥττων
609 1903 694 1983 οὖσα
712 1911 852 2002 ἀπάτης
870 1918 1032 2001 γενέσεως
1051 1914 1114 1984 αὐ-

144 2021 204 2082 τοῦ
222 2014 366 2099 βιάζεται
381 2016 435 2082 καὶ
446 2011 507 2100 την
521 2018 589 2086 τῶν
602 2011 714 2085 ἀλλων
727 2018 795 2084 τῶν
812 2012 885 2084 κατ’
906 2014 1009 2087 αὐτὸν
1027 2042 1114 2106 πρα-

145 2117 297 2202 χθέντων
320 2112 544 2203 ἀποδέχεσθαι
567 2124 774 2206 μαρτυρίαν;
799 2113 884 2186 ἀλλά
902 2119 965 2208 γὰρ
983 2116 1114 2200 τούτοις

114 2253 127 2280 0
146 2219 219 2301 ἑξῆς
237 2215 318 2304 μετά
335 2214 370 2286 τὸ
386 2212 456 2298 “ele
474 2217 625 2306 βόσκημα
641 2217 811 2305 προβάτου
822 2222 876 2288 καί
895 2217 1112 2309 καταπάτημα
1126 2246 1152 2286 εο

145 2315 245 2405 βοός”
267 2321 432 2404 συνῆπται
459 2322 598 2409 δευτέρα
616 2349 664 2401 τις
690 2318 871 2410 πρόρρησις
890 2320 1054 2410 συγγενὴς
1072 2326 1113 2411 τῇ

145 2423 402 2509 προτεθειμίνη,
431 2418 596 2510 ἀρχομένη
623 2418 688 2490 ἀπὸ
714 2428 773 2490 τοῦ
795 2417 873 2490 “nal
899 2422 971 2492 εἶπε
996 2421 1113 2511 κύριος

145 2520 226 2610 πρός
243 2551 301 2609 με,
329 2520 411 2606 λάβε
438 2525 568 2614 σεαυτῷ
594 2518 730 2610 τόμον,”
754 2517 797 2609 ἣν
814 2525 870 2592 καὶ
889 2519 995 2612 αὐτὴν
1014 2526 1114 2594 ἐκθέ*

144 2649 238 2709 μενοι
257 2624 338 2708 φέρε
358 2620 642 2711 διασκοπήσωμεν.

116 2919 131 2960 d
485 2887 563 2963 Ἀπὸ
581 2896 640 2962 του
655 2890 771 2980 αὐτοῦ.
1124 2917 1151 2958 ‘25

221 3028 270 3094 95.
287 3020 378 3096 “Kal
397 3008 469 3096 είπε
487 3026 600 3117 κύριος
618 3025 700 3116 πρός
718 3011 777 3115 με,
802 3025 884 3113 λάβε
907 3030 1037 3120 σεαυτῶ
1056 3023 1113 3095 τό-

145 3154 207 3212 μον
226 3133 344 3197 καινοῦ
366 3126 528 3216 μεγάλου,
552 3132 608 3197 καλ
630 3127 761 3218 γράψον
785 3135 832 3210 είς
851 3126 954 3198 αὐτὸν
971 3135 1113 3218 γραφίδι

142 3223 330 3318 ἀνθρώπου
360 3233 420 3299 του
452 3227 552 3312 ὀξέως
584 3227 757 3319 προνομὴν
792 3232 926 3317 ποιησαι
959 3228 1112 3300 σκύλων·

144 3383 154 3388 ..
159 3384 346 3392 Q—

214 3459 245 3506 ιο
264 3459 348 3520 οπο,
363 3462 386 3508 1.
