2326 3818
328 116 516 169 DEMONST.
535 117 668 168 EVANG.
686 118 709 168 I.
730 120 757 168 9.
985 113 1028 179 59

59 259 185 347 μέλειν,
204 255 249 338 ὡς
272 250 315 325 ᾷν
339 252 404 345 ήδη
422 261 490 326 τῶν
515 253 719 345 πραγμάτων
751 256 947 344 φθινόντων
971 260 1028 327 καὶ

60 357 305 453 ἀποληγόντων
330 360 384 427 ἐπὶ
415 361 518 447 πέρας
552 386 588 427 τε
624 366 762 446 ἔσχατον
802 357 1026 447 ἐλαυνόντων,

62 458 250 551 διαρρήδην
263 459 327 547 πρὸ
345 463 404 547 τής
421 462 482 529 του
498 465 576 547 βίου
594 468 789 540 συντελείας
806 464 864 549 τής
886 459 1026 550 εὐαγγε-
1041 486 1080 539 [νη

61 568 155 650 λικής
180 567 398 642 διδασκαλίας
426 563 479 630 ἐπὶ
503 559 627 649 θύραις
657 561 813 632 ἐλαύνειν
835 567 1026 652 λεγομένης,

33 660 279 744 εάνανεάσεοός
315 691 350 733 τε
387 692 442 732 και
471 669 728 751 παλιγγενεσίας
757 668 877 744 αίῶνος
912 667 1027 751 ἑτέρου

59 764 141 836 ὅσον
172 762 265 836 οὔπω
295 767 473 854 μέλλοντος
496 764 738 854 ἐπιστήσεσθαι
762 768 1026 857 προκηρυιτομέ-

60 897 129 954 νης.
167 871 196 938 5.
216 875 277 957 μία
293 868 356 957 μὲν
374 859 437 938 οὖν
454 865 614 949 ἀπόδοσις
633 863 734 956 αὕτη·
766 871 906 958 δευτέρα
931 865 962 937 δ’
984 861 1027 937 ἀν

61 980 112 1058 είη
130 968 274 1057 τοιαύτη.
313 986 382 1051 τοῖς
396 970 458 1058 μέν
476 978 630 1049 παλαιοῖς
649 965 826 1058 ἀνειμένον
852 973 908 1040 καί
933 967 1028 1039 ἐλεό-

59 1084 165 1159 θερον
189 1075 341 1161 ’μετιοῦσι
369 1078 446 1160 βίον
468 1069 571 1141 οὐδὲν
595 1060 639 1159 ήυ
671 1069 827 1160 ἐμποδών
849 1084 944 1142 οἴκου
970 1073 1054 1140 καὶο

19 1204 45 1243 ιο
60 1179 192 1243 παίδων
211 1181 436 1264 προίστασθαι
460 1170 542 1262 μετά
564 1177 623 1260 τής
650 1176 727 1263 περὶ
754 1175 792 1242 τδ
825 1185 923 1245 θεῖον
949 1194 1028 1262 σχο-

59 1278 119 1362 λής
137 1272 253 1356 αὐταῖς
271 1292 428 1362 γαμεταῖς
447 1277 502 1344 καί
518 1276 613 1344 παισὶ
639 1276 695 1343 καὶ
720 1285 823 1356 οίκοις
847 1283 1027 1363 θεοσεβείν

59 1373 313 1465 ἀπερισπάστως
343 1378 560 1464 δυναμένοις,
591 1376 647 1444 καὶ
670 1381 831 1468 μηδαμῶς
863 1372 928 1445 ὑπὸ
958 1383 1027 1445 τῶν

61 1475 152 1558 έκτδς
170 1479 228 1565 τής
246 1480 323 1567 περὶ
341 1475 381 1545 τά
394 1483 532 1564 κρείττω
547 1479 740 1563 προθέσεως
754 1473 1025 1565 ἀποσπωμένοις·

59 1577 100 1647 τά
120 1579 156 1648 δὲ
174 1577 254 1649 καθ’
276 1577 362 1667 ήμᾷς
379 1587 484 1668 μυρία
501 1576 541 1647 τά
556 1575 648 1658 ἐκτός
661 1580 886 1666 καθέλκουτα,
909 1581 965 1648 καὶ
981 1587 1027 1659 είς

19 1711 47 1751 15
61 1678 260 1762 ἀλλοκότους
283 1687 466 1771 φροντίδας
489 1679 730 1770 περιούροντα,
749 1685 807 1768 τῆς
825 1709 860 1751 τε
879 1684 957 1769 περὶ
987 1678 1027 1749 τά

58 1787 128 1875 θεᾷ
147 1779 270 1871 ἀρεστά
293 1786 441 1872 σπουδής
461 1778 648 1871 ἀφιστάντα
665 1780 832 1870 τυγχάνει,
874 1788 902 1852 6.
928 1787 1027 1852 τοῦτο

57 1889 141 1972 γοῦν
155 1895 263 1960 αίτιον
282 1885 367 1955 εἶναι
386 1890 444 1972 τής
461 1888 530 1954 τῶν
547 1881 664 1972 γάμων
682 1887 845 1972 συστολῆς
863 1891 1027 1972 παρίστη-

58 2007 113 2055 σιν
139 1984 157 2055 ὁ
187 1991 244 2074 τής
271 1983 498 2075 εὐαγγελικής
513 1992 731 2068 διδασκαλίας
755 1984 862 2074 λόγος,
877 1984 1027 2074 Ιφάσκων

53 2082 71 2107 “
80 2094 176 2157 τοῦτο
206 2090 245 2157 δέ
261 2117 363 2177 φημι,
388 2086 547 2176 ἀδελφοὶ,
571 2086 589 2156 δ
613 2088 735 2177 καιρὸς.
749 2090 1024 2176 συνεσταλμένος.

14 2219 45 2259 εο
58 2185 94 2257 τὸ
113 2187 230 2258 λοιπόν
248 2192 354 2276 ἐστιν,
373 2195 429 2259 ἵνα
447 2191 503 2258 καὶ
522 2194 557 2259 οί
572 2196 702 2278 ἔχοντες
724 2207 887 2277 γυναῖκας
912 2188 956 2269 ὡς
978 2186 1049 2277 μήτ

58 2297 189 2378 ἔχοντες
208 2281 269 2359 οἷσι
287 2292 343 2359 καί
368 2295 403 2359 οί
425 2297 596 2371 κλαίοντες
620 2289 663 2371 ὥς
682 2289 727 2379 μή
755 2298 944 2379 κλαίοντες,
970 2293 1026 2359 καὶ

58 2397 93 2460 οί
118 2398 289 2480 χαίροντες
322 2385 366 2470 ιδς
391 2393 436 2480 μὴ
461 2400 643 2480 χαίροντες,
665 2393 722 2460 καὶ
749 2397 783 2461 οί
810 2389 1026 2480 ἀγοράζοντες

59 2488 104 2573 ὡς
117 2492 162 2582 μή
177 2493 389 2582 κατέχοντες,
408 2494 517 2562 καλοί
532 2491 697 2581 χρεόμενοι
714 2496 761 2585 τᾷ
781 2492 895 2586 κόσμῳ
920 2491 1027 2585 τούτῳ

58 2594 102 2674 ὡς
128 2593 173 2684 μή
194 2592 453 2683 καταχρώμενοι.
496 2592 640 2681 παράγει
665 2590 728 2684 γάρ
763 2591 799 2664 τδ
825 2598 934 2683 σχήμα
965 2598 1027 2664 τοῦ

15 2728 44 2767 τε
58 2695 184 2785 κόσμου
202 2695 337 2767 τούτου·
365 2699 456 2767 θέλω
481 2697 519 2765 δέ
535 2692 622 2784 ὑμᾶς
645 2691 848 2787 ἀμερίμνους
873 2697 974 2766 εἶναι·
1009 2695 1027 2766 δ

57 2795 183 2886 ἀγαμος
200 2803 344 2890 μεριμνᾷ
361 2796 401 2867 τά
418 2801 479 2868 τοῦ
496 2805 635 2886 κυρίου,
661 2803 731 2879 πῶς
757 2794 860 2890 ἀρέση
892 2802 938 2891 τᾷ
965 2827 1027 2868 κυ-

58 2906 136 2991 ρίῳ·
168 2897 186 2967 ὁ
219 2900 255 2969 δὲ
285 2897 436 2989 γαμήσας
466 2903 610 2991 μεριμνᾷ
635 2897 676 2967 τά
698 2903 758 2969 τοῦ
781 2898 924 2989 κόσμου,
957 2903 1028 2981 πως

57 2996 160 3091 ἀρέση
190 3004 231 3092 τᾷ
261 3004 408 3089 γυναικὶ,
436 3002 492 3070 καὶ
516 3005 717 3090 μεμέρισται.
769 3008 796 3071 7.
817 3005 873 3071 καὶ
896 2999 916 3089 ή
940 2998 1027 3089 γυνή

56 3101 77 3190 ή
101 3099 227 3191 άγαμος
254 3105 310 3172 καὶ
333 3102 354 3191 ή
377 3105 546 3191 παρθένος
569 3106 715 3194 μεριμνᾷ
740 3098 782 3171 τά
801 3108 860 3173 τοῦ
895 3111 1026 3190 κυρίου,

15 3235 42 3274 εο
56 3209 114 3274 ’ίνα
132 3198 236 3292 άρέση
261 3208 309 3298 τῷ
333 3212 457 3297 κυρίῳ,
476 3210 533 3274 ’ίνα
551 3193 572 3294 ή
590 3202 670 3291 ἁγία
688 3206 743 3273 καὶ
762 3208 809 3296 τῷ
826 3201 953 3291 στόματι
971 3205 1028 3272 καὶ

127 3440 158 3488 19
178 3440 190 3487 l
211 3436 273 3488 Cor.
291 3439 315 3501 7,
334 3439 377 3487 29.
