2326 3818
306 146 490 199 οοΜοαευ
508 145 641 198 EVANG.
660 148 722 198 v11
741 148 763 195 1
960 144 1024 208 489

57 285 217 377 χρόνους,
243 289 358 356 ἐπὶ
318 315 377 375 της
400 289 548 409 Χριστοῦ
565 291 751 408 παρουσίας
771 283 974 372 γενήσεσθαι
992 291 1026 354 οί

57 384 147 459 θεῖοι
164 390 305 511 χρησμοὶ
325 385 570 478 προηγόρευον,
595 416 616 455 α
605 378 690 454 ”aaz
709 403 781 466 ταῖς
798 385 1023 475 προρρήσεσιν

10 586 11 592 ¹
57 487 253 570 ἀκολούθως
277 496 324 569 είς
347 493 450 577 πέρας
474 483 662 557 ἐλθόντα“
643 510 724 556 οσον
741 483 836 557 οὔπω
854 486 1025 576 παραστή-

58 614 159 661 σεται.
204 595 234 659 5.
252 589 292 658 τά
316 619 354 676 γε
378 589 445 679 μὴν
468 601 557 659 αίτια
580 617 641 659 του
665 586 710 677 μη
735 587 913 679 πρότερον,
940 587 1024 657 ἀλλά

32 696 123 764 ενόν
142 687 195 763 ἐπ’
216 689 362 781 ἐσχάτων
380 695 505 779 καιρῶν
523 688 604 779 μετά
621 688 681 760 τόν
698 687 826 779 μακρόν
844 692 900 759 καὶ
918 687 1024 759 πολόν

57 797 163 863 αίῶνα
176 791 236 863 τόν
249 791 395 881 Χριστόν
409 797 539 882 ἐμφανῆ
553 795 713 880 γενέσθαι
730 799 776 884 τῷ
793 799 857 884 βίῳ
876 793 1024 860 λέλεκται

58 897 118 984 μὲν
136 892 202 983 ἤδη
220 898 276 964 καλ
294 894 462 986 πρόσθεν,
489 890 530 963 οά
547 893 614 982 μὴν
631 891 716 962 ἀλλά
734 896 790 963 καί
808 896 872 963 νυν
891 896 927 962 ἐν
941 899 1025 979 βρα-

58 1000 150 1086 χέσιν
169 994 344 1085 εἰρήσεται.
370 1002 399 1066 6.
419 994 522 1075 πολὺς
536 986 579 1081 ἦν
596 993 700 1064 πάλαι
712 991 875 1084 πρότερον
888 991 945 1074 τάς
958 1000 1026 1063 τοῖν

58 1094 251 1184 ἀνθρώπων
265 1095 372 1186 ψυχάς
387 1100 570 1167 ἐπισκοτῶν
588 1094 781 1184 ἀφροσύνης
801 1098 856 1164 καλ
870 1094 1025 1184 ἀσεβείας
1039 1122 1053 1162 ο

20 1232 44 1270 10
59 1198 201 1287 αὐχμὸς,
227 1197 322 1286 δεινή
339 1225 375 1267 τε
392 1194 533 1284 ἀθεότης
551 1204 803 1285 κατακρατοῦσα
826 1201 886 1266 τοῦ
904 1195 1025 1277 παντὸς

57 1294 251 1384 ἀνθρώπων
268 1307 357 1386 βίον,
377 1295 421 1378 οἷς
440 1300 545 1387 μηδὲν
556 1302 624 1367 τῶν
642 1294 770 1385 ἀγρίων
783 1301 839 1367 καί
853 1293 1026 1367 ἀτιθάσων

58 1407 190 1488 θηρίων
216 1404 390 1489 διαφέρειν
415 1405 545 1470 δοκεῖν·
578 1397 659 1487 μήτε
682 1403 765 1487 γοῦν
792 1396 919 1486 πόλεις,
943 1396 1025 1486 μήτε

59 1508 235 1588 πολιτείας,
255 1499 336 1589 μήτε
353 1497 488 1589 νόμους,
506 1497 588 1588 μήτε
607 1529 637 1569 τι
652 1497 776 1588 σεμνόν
790 1499 1025 1587 καὶβιωφελὲς

59 1600 200 1688 εἰδότες,
219 1602 304 1691 μηδὲ
320 1600 387 1690 μην
406 1600 585 1690 ἐπιστήμας
603 1604 658 1670 καὶ
676 1603 793 1690 τέχνας
812 1605 849 1670 ἐν
866 1604 915 1693 νῷ
932 1603 1027 1670 τιθέ-

21 1733 45 1774 15
58 1730 151 1792 μενοι
169 1701 286 1791 ἀρετῆς
304 1731 340 1772 τε
358 1704 413 1772 καλ
431 1710 631 1791 φιλοσοφίας
644 1700 718 1772 οὐδ’
741 1709 788 1781 είς
806 1708 941 1771 ἔννοιαν
959 1699 1026 1772 ίόν-

58 1831 129 1891 τες,
153 1803 270 1893 μόναις
295 1801 349 1890 ἐπ’
379 1808 527 1894 ἐρημίαις
552 1811 589 1874 ἐν
612 1833 647 1873 τε
664 1799 756 1891 ὄρεσι
780 1806 835 1872 καὶ
853 1810 1026 1890 σπηλαίοις

59 1908 114 1976 καὶ
139 1904 264 1995 κάμαις
288 1903 345 1987 τάς
365 1904 536 1994 διατριβάς
555 1907 744 1991 ἐποιοῦντο,
763 1902 1027 1995 ληστρικοότερον

60 2010 283 2095 ἐπιτιθέμενοι
307 2025 376 2086 τοῖς
400 2005 634 2094 πλησιάζουσι,
664 2014 852 2094 πορίζοντες
882 2003 922 2074 τά
944 2003 1027 2094 πρὸς

58 2106 94 2175 τό
114 2113 173 2193 ζῆν
189 2106 251 2176 οὐκ
265 2105 411 2176 ἀλλοθεν
426 2104 501 2176 ἀλλ’
523 2104 542 2195 6
557 2113 593 2177 ἐκ
606 2111 664 2195 τῆς
677 2112 745 2177 τῶν
759 2109 1028 2196 καταδεεστέραν

20 2239 45 2278 νο
59 2214 351 2286 καταδυναστείας.
384 2214 411 2278 7.
427 2205 511 2277 ἀλλά
529 2205 687 2296 μὴνοάδὲ
699 2206 784 2278 θεὸν
796 2201 855 2277 τόν
871 2210 923 2276 ἐπὶ
943 2206 1027 2276 πάν-

58 2336 126 2377 των
144 2306 281 2397 ᾔδεσαν,
300 2306 383 2377 οὐδέ
398 2336 436 2396 γε
455 2305 626 2395 εὐσεβείας
638 2303 786 2395 ἀληθοῦς
806 2307 942 2396 τρόπον,
960 2337 1028 2396 φυ-

59 2425 167 2489 σικαῖς
186 2411 223 2478 δὲ
242 2414 386 2490 ἐννοίαις
403 2406 663 2497 ἀνακινοόμενοι
680 2406 717 2476 τό
734 2410 796 2495 μὲν
809 2404 972 2495 ὑπάρχειν
992 2413 1027 2476 έν

58 2527 126 2591 τοῖς
145 2501 221 2580 οὖσι
238 2519 340 2581 θείαν
358 2508 432 2581 τινά
452 2508 597 2600 δύναμιν
610 2512 666 2579 καλ
678 2507 762 2578 θεὸν
776 2509 861 2578 εἶναι
881 2511 935 2576 καὶ
953 2506 1026 2577 ὀνο·
1040 2540 1094 2590 μοι)

57 2610 220 2701 μάζεοθαι
238 2610 402 2701 σωτήριόν
419 2641 455 2682 τε
473 2615 528 2682 καὶ
546 2607 760 2702 εὐεργετικην
772 2607 950 2699 τυγχάνειν
967 2609 1028 2695 την

21 2742 46 2782 25
59 2722 287 2803 προσηγορίαν
305 2713 471 2802 αὐτοφυεϊ
488 2720 687 2803 διδασκαλίᾳ
701 2708 973 2800 συνωμολόγουν,
991 2709 1027 2779 τό

38 2816 98 2882 δὲ
121 2813 166 2901 μὴ
191 2812 271 2882 ἀλλο
296 2844 328 2882 τι
352 2823 498 2903 νομίζειν
521 2809 542 2902 6
565 2814 625 2884 τὸν
652 2818 805 2884 ἐπέκεινα
824 2808 953 2900 ἀπάσης
971 2818 1027 2900 τῆς

59 2907 229 3003 ὁρωμένης
253 2910 369 2994 οὐσίας
395 2911 513 2985 οὐκέθ’
538 2911 606 2984 οἷοί
627 2942 662 2984 τε
680 2905 767 3002 ἦσαν
790 2910 1025 3002 ἀποδέχεσθαι,

60 3020 88 3084 8.
110 3013 225 3102 διόπερ
243 3020 278 3083 οί
292 3015 355 3103 μὲν
373 3013 485 3085 αὐτοῖν
504 3013 765 3103 “ἐσεβάσθησαν
788 3017 844 3085 καὶ
869 3012 1025 3100 ἐλάτρευ-
1040 3045 1095 3096 [εει]

61 3123 182 3206 σαυτῇ
201 3122 304 3186 κτίσει
323 3113 414 3204 παρά
431 3115 490 3185 τὸν
507 3124 683 3204 κτίσαντα,
711 3121 744 3185 ol
764 3117 802 3186 δὲ
824 3112 1027 3204 ἐματαιώθη-

21 3237 125 3287 εοσαν
152 3221 189 3286 έν
214 3233 282 3298 τοϊς
309 3223 536 3307 διαλογισμοῖς
563 3215 693 3305 αὑτῶν,
721 3220 776 3286 καί
807 3220 984 3304 ἐσκοτίσθη
1007 3213 1027 3304 6

129 3452 162 3500 28
180 3451 258 3500 Rom.
274 3453 297 3512 1,
311 3451 343 3500 25
357 3455 385 3500 et
397 3453 438 3501 21.
