2326 3818
363 123 550 175 οειιοιιευ.
568 123 706 176 ενιαο.
725 125 758 178 x,
777 127 802 174 4.
1000 124 1063 187 649

91 259 230 355 νισμα.”
266 269 317 334 20.
338 261 419 334 ἄνθ’
441 253 524 334 αἷνὸ
548 263 611 354 μὲν
624 260 764 343 Ἀκύλας
783 265 866 351 φησὶ
881 259 965 353 “τήν
983 272 1063 354 μίαν

93 366 235 439 ἐκάλεσα
262 362 482 453 εὐπρέπειαν,
508 363 623 434 καὶ
586 393 649 453 την
672 366 789 453 ἑτέραν
813 362 954 435 ἐκάλεσα
972 375 1065 456 σχοί-

91 464 225 559 νισμα“’
226 465 357 537 ’δδέ
381 464 597 558 Σύμμαχος“
601 463 663 554 τήν
689 467 751 565 μέν
776 463 915 535 ἐκάλεσα
942 463 1065 557 εύπρέ-
1077 507 1088 535 0

92 597 209 657 πειαν,
226 565 288 657 τήν
307 570 345 639 δέ
358 576 440 658 μίαν
454 566 593 638 ἐκάλεσα
611 558 818 656 σχοίνιομαέ
847 596 908 638 του
894 562 1041 656 ’μέν’
1001 596 1065 639 ουν

65 668 217 751 επαντδς
231 677 355 752 ἔθνους
367 669 489 751 κάλλος
503 672 559 740 καὶ
574 667 842 758 εύπρέπειαντδν
851 681 949 740 θεῑον
958 667 1065 758 νόμον

92 770 203 845 καὶ
167 801 229 861 την
253 775 289 843 έν
312 770 402 864 αὐτῷ
426 775 666 897 περιεχομένην
694 770 862 861 διαθήκην
888 768 1064 859 ὠνόμασεν

93 874 237 957 εἰκότως.
270 878 321 944 21.
342 872 382 943 τά
395 903 430 944 τε
443 871 507 963 γάρ
525 873 631 963 σεμνά
648 877 706 961 τῆς
718 871 932 963 Ἰερουσαλήμ
951 871 1058 943 καὶ
1023 902 1064 942 τα

92 980 151 1066 της
178 974 409 1065 ἀρχιερατικῆς
432 983 656 1100 λειτουργίας,
680 979 736 1045 καὶ
755 975 864 1099 πάητα
881 974 944 1046 ὅσα
962 974 1065 1046 πάλαι

93 1077 258 1170 πρότερον
276 1082 313 1147 έν
330 1072 443 1157 αύτοῐς
457 1075 540 1146 κατά
553 1075 630 1158 τούς
644 1084 760 1158 θείους
774 1076 899 1165 νόμους
913 1082 969 1148 καὶ
983 1075 1066 1148 κατά

54 1211 80 1252 ιο
93 1178 156 1268 τήν
178 1177 326 1249 παλαιάν
349 1175 518 1265 διαθήκην
545 1175 769 1266 ἐπολιτεύετο,
794 1176 916 1267 κόσμος
944 1176 1066 1268 εύπρε-

93 1280 157 1370 πής
181 1277 311 1369 ύπήρχε
334 1297 402 1360 τοῖς
431 1277 497 1348 ὑπὸ
521 1277 649 1348 τούτων
676 1282 924 1367 κοσμουμένοις.
972 1288 1067 1368 σχοί-

93 1404 195 1471 νισμα
224 1383 261 1450 δὲ
290 1378 328 1450 τδ
351 1384 480 1467 πλῆθος
503 1386 564 1449 τοῦ
593 1387 717 1459 ἔθνους
740 1381 797 1448 καί
828 1376 918 1466 παρά
942 1389 1068 1449 Μωσεῖ

93 1487 249 1570 κέκληται
272 1483 401 1567 λέγοντι
415 1475 586 1567 “ἐγενήθη
613 1484 706 1568 μερίς
724 1487 845 1570 κυρίου
863 1477 941 1562 λαός
960 1477 1094 1550 αὐτοῦ(1

89 1580 223 1667 Ἰακώβ,
249 1587 424 1669 σχοίνισμα
448 1588 669 1668 κληρονομίας
694 1580 799 1651 αύτοῦ
813 1576 974 1669 Ἰσραήλ.”
1011 1588 1063 1651 22.

53 1709 79 1749 ιι
92 1677 176 1748 άλλά
194 1679 338 1778 γάροτων
353 1679 414 1750 δύο
429 1679 557 1751 τούτων
570 1680 710 1770 ῥάβδων
727 1680 860 1770 ἀθρόαν
877 1679 1067 1770 μεταβολήν

92 1779 297 1871 γενήσεσθαι
315 1781 398 1852 κατά
411 1782 488 1863 τούς
501 1784 726 1873 δηλουμένους
745 1781 887 1872 χρόνους
901 1792 1063 1870 θεσπίζει,

95 1883 139 1964 ὡς
153 1885 209 1953 καὶ
222 1888 280 1974 τής
299 1882 402 1955 πάλαι
422 1888 458 1955 ἐν
476 1882 561 1978 αύτή
579 1889 722 1966 παλαιάς
737 1882 913 1975 διαθήκης,
932 1887 1067 1955 καὶτοῦ
1146 1886 1148 1890 “

93 1984 196 2056 πάλαι
221 1992 258 2057 ἐν
287 1985 371 2078 αύτή
395 1986 538 2070 κάλλους
569 1985 909 2079 άφανιοθησομένου,
939 1989 999 2057 τού
1031 2017 1067 2060 τε

94 2094 326 2178 σχοινίσματος
344 2092 477 2159 καὶτοῦ
495 2089 618 2211 παντὸς
637 2097 760 2172 ἔθνους
780 2097 1067 2178 διασκεδασθησο-

55 2218 81 2258 τι
94 2191 215 2280 μένου,
243 2187 385 2258 ἐπάν
351 2219 412 2277 την
434 2188 534 2278 τιμήν
555 2196 616 2258 τοῦ
644 2193 865 2279 τετιμημένου
889 2191 1067 2277 τριάκοντα

94 2287 492 2413 τἠργυρίωντιμησάμενοι
503 2294 561 2376 ’τῆς
575 2294 674 2378 σφων
689 2288 957 2377 δυσσεβείαςτήν
964 2313 1066 2411 προσ·

92 2390 244 2481 ήκουσαν
269 2389 404 2481 άτιμίαν
426 2386 613 2479 ύπόσχοιεν.
655 2395 707 2459 23.
728 2394 817 2478 λεγει
844 2389 875 2459 δ’
904 2381 966 2460 ούν
986 2386 1065 2459 “καὶ

93 2493 240 2617 ληψρμαι
264 2493 326 2613 τήν
349 2491 477 2582 ῥάβδον
495 2522 559 2581 μου
577 2489 638 2614 τήν
661 2489 785 2580 καλήν,
809 2495 865 2561 καὶ
888 2487 1065 2615 άπρρρίψω

94 2592 219 2683 αύτήν,
244 2599 304 2665 τού
334 2591 553 2665 διασκεδάσαι
580 2591 643 2682 τήν
674 2591 843 2683 διαθήκην
866 2589 965 2683 μου.”
1010 2597 1066 2663 καὶ

57 2723 83 2764 ιε
96 2695 200 2766 πάλιν
220 2691 300 2766 “naz
324 2694 492 2788 άπέρριψα
515 2695 577 2786 τήν
601 2694 730 2787 ῥάβδον
755 2695 817 2785 τήν
843 2697 1004 2787 δευτέραν
1030 2695 1067 2766 τδ

94 2794 304 2887 σχοίνισμα.”
326 2801 382 2867 ἐπὶ
393 2797 521 2877 τούτοις
533 2796 616 2867 ἐπάν
630 2797 651 2886 6
664 2807 852 2887 προφητεία
865 2796 979 2889 φάοκη
989 2794 1068 2869 “nal

96 2903 202 2989 ἐξαροῖ
219 2898 296 2980 τούς
320 2914 408 2987 τρεῖς
426 2899 585 2986 ποιμένας
605 2900 641 2966 έν
657 2899 737 2986 μηνὶ
758 2901 825 2986 ἑνὶ,
852 2908 974 2987 νομίζω
992 2909 1067 2987 τρία
1082 2912 1135 2962 (48³)

95 2999 246 3090 τάγματα
271 3007 478 3070 αἰνίττεσθαι
500 3001 569 3066 των
593 2995 696 3067 πάλαι
719 3004 779 3067 τού
804 3005 887 3069 λαού
906 3007 966 3068 τοῦ
984 3004 1068 3069 θεού

96 3099 333 3192 προεστώτων,
364 3101 526 3189 βασιλέως
555 3100 612 3168 καὶ
646 3097 824 3222 άρχιερέως
853 3102 909 3168 καὶ
938 3097 1067 3189 προφή-

57 3232 83 3272 ιο
95 3232 168 3326 τρυ,
189 3205 259 3273 ἐπεὶ
277 3205 334 3272 καὶ
353 3201 466 3271 διά
422 3230 490 3271 των
506 3202 610 3322 τριῶν
626 3199 754 3269 τούτων
772 3201 941 3289 ποιμένων
958 3198 1067 3269 πάντα

95 3303 136 3374 τά
154 3304 238 3374 κατὰ
255 3303 332 3384 τούς
350 3301 452 3373 πάλαι
470 3299 632 3391 πρότερον
651 3295 875 3424 ᾠκονομειτο.’
876 3297 970 3371 ’.24
991 3299 1066 3372 ἀλλ’

98 3404 215 3495 ἐπειδή
234 3404 442 3497 διαστροφήν
460 3406 516 3474 καὶ
529 3408 563 3473 oc
574 3421 663 3494 τρεις
677 3392 768 3473 ούτοι
786 3401 979 3475 πεπόνθασι
997 3433 1067 3475 ποι-
