2326 3818
129 112 192 177 526
534 112 684 163 ααεεεα

130 259 262 343 πομπῆς
280 251 341 339 την
360 248 466 341 ἀρχὴν
484 249 702 340 ποιησώμεθα
726 253 783 337 της
801 248 1014 340 άριδμησεως
1033 255 1107 322 των

101 352 344 444 εέβδομάδων,
369 361 417 437 είς
442 361 497 442 ἐτη
517 352 635 423 ἑκατόν
657 354 713 422 καὶ
737 356 872 442 προσέτι
898 352 1105 442 περισσεύει,

129 463 255 526 πλείων
274 456 310 525 δὲ
328 454 458 546 χρόνος,
479 461 509 524 εί
526 450 589 543 ἀφ’
609 444 647 541 ἧς
661 452 784 544 ἡμέρας
802 458 846 547 τῷ
861 451 993 541 Δανιηλ
1011 448 1029 523 ὁ
1044 453 1104 544 άμ-

129 568 224 645 γελος
242 555 489 648 προεφήτευσε,
514 562 626 649 πολλῷ
646 557 682 625 δὲ
701 563 843 642 πλείων,
868 563 900 625 εί
916 551 975 624 ἀπ’
996 551 1103 645 άρχης

128 667 184 748 τῆς
212 666 446 748 αἰχμαλωσίας,
491 662 542 726 52.
563 655 762 746 εὑρίσκομεν
788 653 852 746 γάρ
876 655 938 744 τὴν
955 662 1132 744 Περσῶνε

128 768 302 848 βασιλείαν
314 768 401 830 ἔτεσι
412 764 592 841 διακοσίοις
600 756 779 848 τριάκοντα
793 762 1102 848 περιγραφομένην,

128 861 190 950 τήν
214 888 249 930 τε
268 857 481 931 Μακεδόνων
506 866 553 940 είς
577 867 634 948 ἔτη
652 857 824 948 τριακόσια
843 857 1099 950 [ἑβδομήκοντα]

128 970 416 1049 παρατείνουσαν,
443 958 603 1032 κάκεῖθεν
622 962 676 1031 ἐπὶ
694 960 730 1031 τό
754 968 910 1049 Τιβερίου
928 969 1101 1053 Καίσαρος

128 1064 362 1133 ἑκκαιδέκατον
380 1071 451 1144 έτος
465 1069 512 1144 είς
530 1070 586 1151 ἐτη
604 1060 770 1148 ἑξήκοντα.
795 1067 846 1132 53.
862 1059 927 1132 άπὸ
939 1064 975 1132 δέ
986 1059 1100 1152 Ἀρτα-

127 1166 243 1253 ξέρξου
262 1168 299 1233 αι’
316 1162 545 1253 ἑβδομήκοντα
559 1163 742 1254 ἑβδομάδες
757 1171 803 1245 είς
817 1161 875 1232 τόν
890 1166 1100 1251 ἐπὶΧριστού
1113 1193 1140 1232 ιο

98 1301 109 1329 e
128 1268 367 1336 συντελούνται
392 1264 514 1356 χρόνον
538 1266 621 1335 κατά
637 1263 715 1345 τούς
729 1263 904 1337 Ἰουδαίων
920 1261 1098 1354 άριθμοάς.

127 1363 191 1437 άπδ
205 1365 267 1459 γάρ
277 1375 436 1457 Νεεμίου,
456 1364 492 1449 δς
506 1364 571 1437 ὑπὸ
583 1364 795 1456 Ἀρταξέρξου
808 1363 870 1455 την
883 1365 1097 1456 Ἰερουσαλὴμ

127 1467 401 1558 άνοικοδομήσων
429 1471 601 1558 ἐπέμφθη,
636 1477 701 1538 ἔτει
728 1467 1015 1561 πεντεκαιδεκάτῳ
1043 1473 1100 1539 καὶ

128 1573 292 1664 ἑκατοστῷ
310 1578 367 1658 τῆς
386 1575 530 1660 Περσῶν
548 1578 735 1660 βασιλείας,
755 1567 860 1641 αάτοῦ
876 1598 911 1640 τε
926 1566 1101 1661 Ἀρταξέρ-

58 1700 112 1752 1243]
128 1676 186 1755 ξου
211 1678 382 1760 βασιλείας
402 1677 539 1765 εἰκοστῷ
557 1679 640 1759 ἐτει,
666 1674 721 1741 καὶ
736 1669 958 1760 Ὀλυμπιάδος
976 1670 1096 1761 ὀγδοη-
1112 1700 1138 1739 15

127 1778 244 1861 κοστης
268 1782 379 1862 τρίτης
403 1781 467 1844 ἔτει
491 1771 657 1867 τετάρτῳ,
680 1775 734 1843 ἐπι
751 1802 871 1844 τουτον
888 1772 946 1844 τόν
964 1771 1098 1862 χρόνον,

125 1871 161 1957 δς
186 1904 229 1963 ην
244 1871 464 1965 Ὀλυμπιάδος
488 1878 717 1962 διακοσιοστης
743 1878 900 1963 δευτέρας
924 1883 995 1956 ἔτος
1019 1873 1098 1945 δεό-

126 2004 239 2065 τερον,
269 1984 424 2064 Τιβερίου
451 1976 488 2044 δέ
506 1982 675 2065 Καίσαρος
699 1973 876 2064 ηγεμονίας
894 1979 1002 2056 ἐτος
985 2005 1100 2046 εκκαι-

128 2078 278 2161 δέκατον,
293 2075 738 2167 ἐτησυνάγεταιτετρακόσια
747 2076 975 2167 ἑβδομηκοντα
985 2082 1098 2166 πέντε,

126 2173 210 2266 άπερ
224 2174 381 2267 Ἐβραίκά
404 2177 601 2268 τετρακόσια
626 2179 826 2266 ἐνενήκοντα
843 2187 988 2267 γίνεται,
1014 2181 1098 2250 κατὰ
1112 2209 1139 2248 εο

99 2277 183 2349 οτὸν
201 2288 393 2368 σεληνιαῖου
418 2281 543 2371 δρόμον
569 2277 647 2361 τούς
666 2280 839 2361 ἐνιαυτοὺς
864 2284 1004 2352 ἐκείνων
1023 2285 1100 2364 ἐξα-

125 2385 374 2471 ριθμουμένων,
394 2381 437 2465 ὥς
452 2386 521 2454 ἐστι
535 2381 712 2473 πρόχειρον
727 2390 846 2469 εἰπεῖν,
860 2378 993 2471 ἡμερῶν
1005 2413 1098 2472 τρια-

125 2491 249 2554 κοσίων
274 2482 482 2572 πεντήκοντα
507 2483 698 2573 τεσσάρων,
726 2487 787 2554 τοῦ
812 2479 953 2570 ἡλιακοῦ
970 2483 1097 2556 κύκλον

124 2580 329 2674 ὑπάρχοντος
342 2583 477 2673 ημερῶν
489 2594 690 2674 τριακοσίων
705 2583 864 2673 ἑξήκοντα
878 2585 1096 2674 πέντετετάρ-

124 2705 198 2756 του
217 2714 280 2772 την
297 2685 361 2773 γάρ
379 2686 462 2755 κατὰ
481 2684 626 2773 σελήνην
645 2683 885 2775 δωδεκάμηνον
901 2686 1092 2810 παραλλάσ-
1109 2714 1136 2754 25

124 2810 195 2855 σειν
214 2783 349 2873 ημέραις
368 2789 488 2857 ἕνδεκα
506 2789 562 2857 και
579 2788 733 2907 τετάρτω.
770 2791 821 2857 54
841 2786 897 2857 διὰ
910 2815 1007 2857 τουτο
1017 2769 1096 2861 Έλ-

124 2894 221 2975 ληνες
248 2890 303 2956 καὶ
327 2884 482 2960 Ἰουδαῖοι
507 2907 596 2979 τρεις
622 2919 729 2980 μηνας
757 2893 955 2979 ἐμβολίμους
987 2897 1096 2961 ἔτεσιν

124 2983 209 3058 ὀκτὼ
235 2988 591 3078 παρεμβάλλουσιν.’
575 2989 706 3072 οκτάκις
732 3020 796 3080 γαρ
823 2989 863 3060 τὰ
891 2994 1011 3063 ένδεκα
1038 2995 1094 3062 καλ

123 3092 281 3177 τέταρτον
298 3109 388 3161 ποιεῖ
404 3099 573 3216 τρίμηνον.
597 3090 637 3162 τά
654 3100 772 3162 τοίνυν
785 3091 980 3182 τετρακόσια
995 3095 1096 3181 ἑβδο-

124 3221 271 3279 μηκοντα
289 3197 388 3264 πέντε
406 3189 497 3281 ἔτη’
480 3221 640 3284 οκταετηρ
643 3200 712 3277 ίδες
726 3203 876 3282 γίνονται
887 3222 1093 3282 πεντηκοντα
1107 3218 1135 3259 ω

125 3294 222 3363 έννεα
239 3299 357 3365 καὶ
313 3324 414 3386 μηνες
432 3314 505 3386 τρε
505 3326 530 3378 ς
564 3292 608 3377 ὡς
625 3294 786 3387 τριμήνου
803 3296 841 3367 δέ
855 3300 1093 3417 ἐμβολίμου
1050 3325 1091 3386 τη

123 3386 276 3464 όκταετία
293 3400 479 3486 γινομένης,
498 3405 555 3485 έτη
568 3406 726 3468 πεντεκαί
711 3404 807 3468 ίδεκα
821 3396 946 3486 ὀλίγων
960 3424 1093 3489 ημερων
