2326 3818
142 110 206 172 226
548 109 698 162 EUSEBH

142 246 275 337 ήξίουν,
300 245 384 341 ἡλίῳ
408 250 463 317 καὶ
486 246 611 339 σελήνῃ
635 249 690 317 καὶ
714 244 854 336 ἀστροις.
897 243 967 317 2.ὁὶ
993 245 1118 336 δήκαὶ

145 353 180 418 έν
197 354 237 440 τῇ
255 350 441 438 φαινομένῃ
459 356 528 420 τῶν
552 346 641 419 ὁλων
658 347 758 437 φύσει
778 350 1019 438 διαπρέποντα,
1039 347 1117 422 άνω

143 454 199 520 καὶ
222 449 272 520 ὁτι
298 448 440 539 μάλιστα
466 449 634 539 ἐγγυτάτω
654 448 699 531 οὸς
722 445 765 518 ἀν
783 453 820 519 έν
843 446 1027 537 προθύροις
1051 456 1118 522 τοῦ

144 554 388 641 παμβασιλέως,
406 549 464 633 τάς
482 556 550 623 τόν
566 550 723 639 ὁρώντων
740 547 832 633 όψεις
850 549 1056 639 ἀνεκαλεῖτο,
1075 556 1115 623 ἐκ

142 657 307 742 μεγέθους
316 656 371 723 καὶ
384 657 546 741 καλλονῆς
560 659 627 723 των
640 651 820 741 ὁρωμένων
831 649 1019 740 κτισμάτων
1030 651 1114 724 ἀνα·
1128 685 1142 726 ε

143 755 248 842 λόγως
266 758 326 824 τοῦ
343 751 478 824 πάντων
496 760 733 842 γενεσιονργοῦ
756 750 818 841 τήν
836 760 985 843 θεωρίαν
1005 758 1116 843 ἐμφα-

143 864 283 940 νίζοντα.
328 849 390 923 “τά
408 854 471 943 γάρ
495 850 618 944 ἀόρατα
643 849 782 940 αότοῦ,”
813 845 956 944 ήφησιν
980 852 1116 938 ὁθεῖος

116 984 129 1023 d
144 954 337 1042 ἀπόστολος,
351 949 439 1024 ’ἀπὸ
457 962 594 1036 κτίσεως
608 953 733 1044 κόσμου
747 971 816 1035 τοῖς
834 953 993 1045 ποιήμασι
1011 955 1117 1026 νοοό-

144 1083 227 1144 μενα
246 1061 447 1143 καθορᾶται,
466 1052 488 1144 ή
504 1084 543 1127 τε
558 1054 664 1137 ἀΐδιος
683 1052 789 1126 αὐτοῦ
806 1053 948 1145 δύναμις
965 1058 1022 1125 καὶ
1040 1069 1115 1127 θει-

81 1186 135 1236 μοι]
147 1152 256 1244 ότιχς.”
292 1160 321 1226 3.
341 1160 396 1226 καὶ
414 1161 511 1228 τουτο
531 1160 566 1228 δέ
584 1156 685 1229 πάλιν
702 1152 835 1246 ὁμίγας
845 1160 972 1245 Μωσῆς
986 1180 1116 1244 μνστα-
1130 1192 1156 1233 ιο

144 1275 253 1346 γωγεῖ.
294 1256 352 1329 τόν
377 1257 439 1347 γάρ
463 1288 513 1329 τοι
538 1264 597 1329 τοῦ
622 1267 742 1347 κυρίου
761 1265 885 1348 κλήρου
909 1265 958 1350 νῷ
978 1263 1117 1347 διαυγεῖ

144 1361 199 1428 καί
225 1362 316 1449 ψυχῇ
339 1362 573 1450 κεκαθαρμένῃ
598 1366 666 1431 των
688 1363 818 1448 νοητων
846 1361 901 1428 καὶ
924 1356 1116 1448 ἀσωμάτων

142 1458 344 1549 ὀριγνᾶσθαι
374 1464 571 1552 προτρέπων
608 1473 711 1551 είργει
740 1467 798 1549 τῆς
826 1464 894 1530 τῶν
929 1455 1115 1550 ὁρωμένων

144 1558 216 1631 κατ’
241 1560 387 1651 οὐρανόν
417 1560 620 1652 ἐκπλήξεως,
653 1565 814 1649 ἐπιλέγων
831 1556 903 1630 “ὁτι
935 1559 977 1650 δή
1004 1565 1114 1633 ταῦτα

142 1659 299 1751 ἀπένειμε
317 1661 431 1748 κύριος
447 1661 465 1733 ὁ
483 1662 563 1743 θεός
581 1686 643 1733 σου
661 1670 740 1732 πᾶσι
759 1679 827 1743 τοῖς
845 1660 1014 1733 έθνεσιν.”
1056 1661 1155 1739 διάει

142 1772 176 1833 τί
194 1761 229 1832 δ’
248 1762 520 1853 ἀπονενεμήσθαι
538 1773 642 1851 έφήσε
668 1769 822 1834 συνιδεῖν
844 1761 1037 1852 ἀναγκαῖον.
1079 1771 1112 1834 4.

143 1870 378 1946 πολυπλανοῠς
407 1862 622 1954 ὑπαρχούσης
646 1862 793 1954 ἀοράτως
823 1862 904 1952 ἡμῖν
934 1861 1021 1954 ἀμφὶ
1052 1866 1114 1938 τόν

80 1996 133 2046 μω)
143 1969 220 2054 περὶ
244 1969 308 2053 γήν
331 1962 413 2051 ἀέρα
435 1969 637 2053 πωτωμένης
660 1973 802 2054 χθονίου
833 1967 889 2034 καὶ
916 1972 1113 2055 δαιμονικῆς

143 2062 277 2151 οὐσίας,
296 2064 471 2152 ἀγνώστου
489 2094 524 2136 τε
542 2069 598 2136 καὶ
617 2065 812 2153 ἀδιακρίτου
830 2063 1033 2154 ἀνθρώποις,
1052 2076 1113 2158 τῆς

143 2173 210 2235 τῶν
229 2162 369 2254 άγαθων
387 2165 586 2258 πνευμάτων
603 2170 659 2238 καὶ
674 2167 852 2256 δυνάμεων
866 2171 921 2238 καὶ
936 2164 1049 2238 αότῶν
1067 2170 1111 2258 δή
1126 2201 1152 2241 εο

142 2274 210 2337 των
233 2276 340 2338 θείων
364 2265 515 2358 ἀγγέλων
539 2266 620 2355 πρός
643 2268 683 2339 τά
701 2276 800 2359 χείρω
822 2267 987 2357 διαφόρου
1005 2282 1113 2340 καθε-

143 2367 289 2459 στάσής,
321 2367 382 2441 οὐκ
412 2370 519 2452 άλλως
551 2361 588 2440 εὖ
613 2369 680 2460 εἶχε
702 2386 770 2451 τοῖς
793 2377 850 2460 τῆς
873 2368 1031 2440 ἀνωτάτω
1049 2375 1113 2440 τοῦ

143 2475 375 2561 παμβασιλέως
411 2468 583 2561 εὐσεβείας
613 2468 860 2541 ἀποπίπτουσιν
887 2467 907 2558 ἢ
931 2474 999 2540 τοῖν
1023 2468 1111 2561 ὁρω-

142 2577 254 2661 μένων
271 2572 343 2642 κατ’
364 2571 511 2660 οὐρανόν
529 2570 568 2642 τά
586 2571 743 2659 κράτιστα
761 2577 941 2662 αἱρεῖσθαι.
983 2577 1012 2642 5.
1035 2575 1110 2654 δέος

142 2673 205 2761 γάρ
224 2671 264 2743 οὐ
282 2671 318 2742 τό
342 2671 443 2762 τυχόν
462 2664 520 2761 ήν,
549 2672 675 2762 μήποτε
692 2672 775 2743 θεὸν
799 2679 970 2761 ζητοῦντες
995 2677 1051 2743 καὶ
1069 2671 1109 2743 τά
1123 2705 1151 2745 κε

142 2773 265 2861 ἀόρατα
283 2781 639 2863 πολυπραγμονοῦντες
664 2773 787 2865 ἀπορίᾳ
807 2781 875 2845 τῶν
893 2772 1035 2862 ἀφανῶν
1053 2779 1110 2845 καὶ

142 2871 276 2962 ἀδήλων
303 2881 350 2955 είς
375 2879 526 2957 ἐναντίας
546 2875 704 2965 δυνάμεις
728 2878 783 2944 καὶ
803 2875 996 2964 δαιμονικάς
1013 2902 1110 2962 περι-

113 2991 308 3063 οτραπείεν.
357 2981 423 3047 τῶν
453 2973 633 3066 ὁρωμένων
663 2968 724 3046 οὖν
746 2975 786 3045 τά
807 2975 915 3047 πάντα
940 2983 1108 3062 διαπρεπῆ

143 3082 203 3147 τοῦ
233 3084 317 3149 θεοῦ
349 3076 621 3168 δημιουργήματα
650 3096 719 3158 τοῖς
757 3076 803 3166 μή
832 3084 891 3148 τοῦ
922 3084 1107 3164 κρείττονος

144 3182 327 3269 ἐφιεμένοις
349 3178 619 3266 παραδεδόσθαι,
651 3176 855 3268 ἀμωσγέπως
880 3180 1020 3250 ἐνθένδε
1048 3182 1106 3262 τῆς
1121 3209 1148 3250 οο

210 3411 413 3472 λΜωλω
520 3412 743 3470 ΜΒΜΑΝ.
