2326 3818
145 128 210 191 γορ
557 92 708 180 Εοειιού

82 297 136 348 (τοι)
147 265 327 356 δαιμόνων,
345 263 457 337 αὐτων
471 267 570 356 δὴ
525 297 592 338 των
610 271 818 391 χρησμῳδῶν
831 272 935 357 θεων,
953 266 1056 340 αἰιονε
1068 298 1117 365 τω

146 373 270 459 σωτήρι
283 364 378 457 ἡμων
392 367 453 458 οὐχ
468 366 579 457 ὥσπερ
598 367 641 438 σύ
654 376 820 458 γοητείαν,
840 366 918 438 ἀλλ’
939 366 1116 459 εὐσέβειαν

145 473 201 539 καὶ
220 478 345 559 σοφίαν
362 473 476 541 παίί
445 478 493 551 είς
511 468 676 560 οὐρανοὺς
700 468 824 541 ἄνοδον
842 469 1113 594 μαρτυρούντων.

145 580 194 652 τίς
221 568 293 642 θ’
280 601 323 642 αν
353 571 481 661 γένοιτό
512 594 566 642 σοι
588 568 716 642 τούτων
745 569 932 655 ἀξιόπιστος
956 567 1114 662 ὁμολογία

145 678 270 762 μαλλον
288 678 345 761 τῆς
364 702 423 743 του
413 668 523 742 καθ’
548 667 643 792 ήμων
660 681 821 762 πολεμίου
842 677 991 763 γραφής,
1016 671 1059 763 ήν
1078 677 1145 745 ένῡ

145 771 194 855 οἷς
213 775 406 864 ἐπέγραψε
409 772 512 860 Ἥερὶ
538 777 595 861 της
623 777 659 843 ἐκ
683 782 807 861 λογίων
833 771 1057 865 φιλοσοφίας”
1078 779 1115 846 έν

144 886 244 967 τρίτῳ
264 874 496 964 σνγγραμματι
513 877 678 961 τέθειται,
699 864 767 945 ωθέ
782 902 852 957 πως
872 879 1014 967 ίστορων
1031 876 1115 947 κατὰ

91 1003 131 1055 [ω]
147 979 252 1059 λέξιν;

117 1104 130 1143 ι
221 1070 316 1146 VH.
318 1073 531 1166 Παραδοξον
556 1088 636 1157 ἴσως
656 1074 821 1160 δόξειεν”
800 1106 844 1147 αν
868 1101 957 1147 τισιν
975 1077 1110 1147 εἶναι
1077 1106 1115 1147 το

145 1178 266 1266 μέλλον
284 1179 442 1266 λέγεσθαι
460 1173 524 1267 ὐφ’
540 1173 644 1267 ήμῶν.
673 1177 731 1248 τὸν
745 1176 809 1268 γὰρ
828 1176 972 1269 Χριστὸν
989 1183 1024 1247 σι’
1038 1181 1115 1250 θεοὶ
1129 1203 1160 1243 1ο

146 1275 386 1366 εὐσεβέστατον
412 1276 626 1368 ἀπεφήναντο
658 1282 715 1348 καὶ
746 1276 918 1350 ἀθάνατον
943 1277 1116 1368 γεγονότα,

146 1377 302 1471 εὐφήμως
325 1411 361 1451 τε
379 1379 485 1451 αὐτοῦ
506 1376 788 1470 μνημονεύονσι.”
825 1383 880 1450 καὶ
898 1375 1029 1468 ὑποβὰς
1047 1383 1116 1450 ἐπι-

144 1484 233 1570 λέγει
253 1481 352 1571 “mol
376 1485 461 1569 γοῦν
485 1485 546 1552 τοῦ
568 1485 715 1571 Χριστοῦ
734 1479 972 1572 έρωτησάντων
998 1487 1031 1552 εί
1047 1488 1117 1553 ἔστι

145 1582 279 1673 θεός[ή
293 1582 423 1670 Εκοίτη]
444 1585 549 1671 φησὶν

235 1723 319 1790 Όττι
332 1751 387 1830 μεν
404 1721 544 1807 ἆθανοίτη
558 1720 642 1808 ψυχή
660 1721 733 1806 μετὰ
749 1733 833 1805 σῶμα
848 1729 1004 1829 προβαίνει
1130 1738 1155 1781 1⁵

245 1811 435 1917 γιγνώσκεις,
452 1814 558 1890 σοφίης
575 1811 606 1873 δὲ
621 1812 783 1918 τετμημένη
798 1811 862 1873 αι’ὲν
876 1804 996 1874 ὐλᾶται·

246 1893 350 1975 ἀνέρος
365 1891 485 1981 εὐσεβίη
499 1893 739 1976 προφερεστύτον
756 1895 832 1956 ἐστὶν
848 1894 946 1973 ἐκείνη

246 1980 349 2060 ψυλλ

120 2116 418 2206 ιεύσεβέστατον’
405 2117 469 2210 οίρα
493 2126 556 2209 έφη
582 2116 684 2190 αὐτὸν
710 2125 766 2189 καί
783 2116 845 2206 τήν
869 2117 980 2209 ψυχήν
999 2115 1116 2211 αὐτοῦ,

145 2218 298 2310 καθάπερ
325 2224 381 2290 καὶ
403 2225 472 2290 των
490 2219 619 2308 ἄλλων,
638 2220 719 2309 μετὰ
736 2219 886 2292 θάνατον
905 2217 1118 2293 ὐπαθανατι-
1131 2245 1159 2287 τε

145 2324 287 2411 σθήναι,
320 2320 363 2411 ήν
395 2324 507 2410 σέβειν
539 2319 743 2412 ἀγνοοῦντας
775 2320 853 2404 τούς
884 2322 1117 2412 Χριστιανούς.

147 2423 433 2516 ἐπερωτησάντων
453 2425 490 2494 δε
510 2423 566 2494 διὰ
583 2453 615 2494 τι
610 2422 801 2513 ’ἐκολάσθη
821 2431 960 2513 ἔχρησεν

245 2576 338 2669 Σῶμμ
354 2569 407 2670 μὲν
419 2566 582 2669 ἆθρανὲσιν
596 2568 786 2669 βασάνοις’
753 2593 810 2630 αιει
802 2569 1036 2672 προβέβληται·

247 2645 330 2733 ψυχή
348 2646 377 2714 δ’
395 2645 541 2732 εὐσεβέων
564 2654 604 2726 εἰς
620 2647 765 2735 οὐράνιον
780 2654 871 2715 πέδον
887 2647 971 2725 ιζει,”

144 2796 174 2858 2.
203 2796 258 2859 καὶ
278 2795 420 2880 ἐπιλέγει
445 2790 526 2879 μετὰ
550 2788 609 2862 τὸν
632 2791 781 2882 χρησμὸν
807 2788 922 2881 ἑξής“
926 2789 1025 2874 αὐτὸς
1052 2783 1161 2866 οὐνεο

146 2887 286 2979 εὐσεβής
304 2895 360 2960 καὶ
379 2900 425 2974 είς
443 2889 626 2983 οὐρανούς,
646 2889 757 2983 ὥσπερ
776 2900 810 2965 οἱ
826 2891 986 2982 εὐσεβεῖς,
1005 2893 1119 2984 χωρή-

116 3024 130 3063 d
145 3014 213 3073 σας.
250 2990 334 3062 ὥστε
352 2997 471 3064 τοῦτον
489 2997 550 3083 μὲν
566 2990 606 3064 οὐ
625 2994 893 3085 βλασφημήσας,
914 2992 1059 3082 ἐλεήσας
1078 2995 1118 3065 δὲ

144 3123 212 3164 των
229 3090 422 3182 ανθρωπων
439 3093 501 3184 τήν
520 3092 658 3166 ὐνοιανῖ

224 3201 253 3266 3.
279 3201 391 3267 Ταῦτα
415 3199 535 3266 καὶ
493 3227 559 3267 νυν
584 3196 602 3268 5
626 3196 829 3286 Πορφύριος.
871 3187 924 3288 ἆρ’
951 3185 1014 3266 οὐν
1032 3192 1117 3267 ὐπα-

144 3323 229 3365 τεων
265 3287 376 3383 οὐτος;
409 3327 474 3368 παν
504 3328 544 3368 τα
573 3305 656 3387 φίλα
686 3318 724 3367 σε
750 3303 946 3368 θνσωπείτω
975 3326 1043 3369 των
1067 3305 1115 3368 οί-
1129 3325 1161 3368 εο

145 3404 246 3466 κείων
265 3397 401 3488 ῥήματα.
431 3407 515 3488 ἔχεις
533 3403 714 3491 τοιγαροῦν
726 3395 784 3468 τόν
802 3396 962 3488 ἡμέτερον
980 3403 1137 3490 σωτῆρα
