2326 3818
304 121 490 197 DEMONST.
506 121 639 176 EVANG.
657 122 735 174 VIII.
755 123 779 171 1.
967 119 1030 184 509

60 267 98 331 αί
113 274 205 331 θεῖαι
224 257 398 348 δυνάμεις,
417 265 503 329 οἵτε
522 263 575 330 ἐπὶ
592 267 653 349 γῆς
666 257 844 330 ἀπόστολοι
858 262 914 330 καὶ
934 257 1029 349 εὐαγ-

62 363 228 450 γελιστοιὶ,
248 363 304 432 καὶ
321 359 403 450 μετδι
418 357 556 443 τούτους
579 357 723 442 ἅπαντες
740 366 775 430 οί
792 364 823 443 ἐξ
849 365 961 432 ἐθνῶν
980 361 1026 431 δι’

61 461 166 534 αὐτοῦ
183 461 242 532 τὸν
259 465 319 532 ένα
337 464 392 532 καὶ
410 460 515 550 μόνον
531 458 643 552 ἀληθῆ
656 451 783 550 πατέρα
795 460 879 532 θεδν
897 467 1030 552 ἐπιγρα-

61 562 220 654 ψάμευοι,
239 569 360 643 οἵτινες
378 563 462 634 θεδν
480 561 580 651 λόγον
597 560 678 633 ὅντα
695 562 753 634 τὸν
764 561 909 652 Χριστὸν
925 591 1031 653 μεμα-

35 663 203 755 εθηκότες
233 659 277 746 ῶς
310 663 393 735 θεὸν
418 680 622 752 προσκυνεῖν
652 655 756 734 αὖτδν
778 661 1028 753 ὁμολογοῦνται.

63 773 112 837 63.
133 763 206 835 ἀλλ’
235 769 305 836 ἐπεὶ
331 768 431 856 ἐχρῆν
454 764 568 836 καὶτὰ
585 770 643 853 τῆς
667 768 831 854 γενέσεως
854 761 959 835 αὐτοῦ
975 767 1029 834 καὶ
1044 794 1101 845 (ειε)

62 865 101 937 τά
119 873 178 938 τοῦ
196 865 349 938 θανάτου
372 865 538 958 μυστήρια
561 874 603 957 τῆ
622 869 698 957 περὶ
722 863 826 937 αὐτοῦ
844 873 1031 959 προφητείᾳ
1045 894 1099 946 μετ]

63 976 343 1060 συμπεριλαβεῖν,
364 967 497 1049 εἰκότως
515 966 597 1058 μετὰ
614 965 655 1038 τά
672 971 895 1059 προειρημένα
912 976 1030 1038 θεσπί-

63 1080 128 1155 ζων
151 1066 169 1141 ὁ
191 1068 307 1159 Ἰακῶβ
332 1073 475 1158 ἐπιλέγει
492 1067 661 1157 δ’σκῶμνος
685 1072 818 1150 λέοντος
838 1066 959 1140 Ἰούδα
996 1072 1031 1139 ἐκ

25 1202 50 1241 ιο
64 1175 211 1259 βλαστοῶ
234 1175 290 1241 νίέ
310 1201 375 1261 μου
402 1167 541 1260 ἀνέβης,
568 1167 748 1240 ἀναπεσὼν
780 1169 960 1259 ἐκοιμήθης
988 1169 1032 1252 ῶς

62 1276 150 1342 λέων
172 1274 228 1341 καὶ
253 1267 298 1353 ῶς
323 1270 487 1361 σκύμνος,
511 1280 562 1353 τίς
581 1275 690 1361 έγερεϊ
706 1267 851 1356 αὐτόν;”
882 1271 1033 1360 σκύμνον

62 1373 123 1462 μέν
142 1362 205 1443 οὖν
223 1374 355 1453 λέοντος
374 1370 475 1443 αὐτὸν
499 1369 650 1462 ὀνομάζει
670 1372 725 1442 διὰ
748 1369 784 1442 τδ
805 1375 839 1441 ἐκ
858 1375 1031 1459 βασιλικῆς

64 1471 167 1543 αὐτὸν
192 1477 366 1562 γεγονέναι
389 1480 508 1563 φυλῆς.
552 1479 602 1545 64.
624 1475 863 1563 ἐνσπέρματος
886 1471 972 1560 γοῶν
990 1464 1032 1560 ῆν

62 1577 123 1644 ποῶ
140 1577 255 1663 Λαβὶδ
278 1572 362 1645 κατὰ
385 1574 501 1664 σάρκα.
539 1572 601 1646 “In
619 1581 765 1663 βλαστοῦ
784 1575 821 1644 δέ
838 1570 960 1663 ἀνέβης
978 1575 1060 1643 υίέι

26 1672 150 1764 ιοςμου”
166 1678 283 1766 φησὶν,
295 1679 431 1765 ἐπείπερ
440 1680 476 1746 ἐκ
490 1677 675 1766 σπέρματος
688 1679 744 1746 καὶ
760 1681 849 1766 ῥίζης
860 1678 919 1746 τοῦ
928 1680 1032 1746 ταυτα
1138 1721 1141 1727 -

63 1783 390 1867 προαναφωνοῦντος
405 1774 522 1867 Ἰακῶβ
540 1773 666 1867 ἀνέφυ,
692 1775 853 1868 πρότερον
873 1777 935 1866 μέν
952 1775 1032 1858 θεὸς

64 1877 160 1967 λόγος
174 1875 239 1968 ῶν,
255 1877 436 1969 γενόμενος
457 1879 494 1950 δὲ
513 1877 672 1969 δεύτερον
689 1877 762 1960 υίδς
781 1875 965 1967 ἀνθρῶπου
985 1876 1030 1947 δι’

62 1975 105 2069 ἣν
130 1978 307 2065 ἀνεδέξατο
329 1977 414 2070 ὑπὲρ
437 1980 532 2070 ἡμῶν
549 1988 751 2071 οἰκονομίαν.
793 1985 843 2050 65.
864 1991 914 2069 είη
940 1975 971 2047 δ’
992 1975 1034 2049 ἀν

64 2084 120 2150 καλ
132 2085 194 2150 τοῶ
205 2080 356 2152 θανάτου
371 2080 474 2152 αὐτοῦ
489 2081 673 2170 δηλωτικὸν
686 2083 722 2153 τὸ
734 2076 937 2152 ’ἀναπεσῶν
951 2085 1032 2151 ἐκοι-

25 2210 51 2249 20
66 2179 176 2270 μῆθης
196 2178 240 2263 ῶς
259 2185 346 2252 λέων
362 2184 418 2251 καὶ
438 2177 482 2263 ῶς
502 2180 681 2271 σκύμνος,”
703 2186 735 2264 ἐξ
760 2191 862 2263 ἔθους
879 2189 937 2270 τῆς
955 2211 1033 2271 γρα-

65 2288 133 2371 φῆς
156 2280 239 2350 κατά
260 2312 293 2351 τι
316 2289 441 2351 οίκεῑον
465 2281 627 2371 θεῶρημα
649 2281 708 2352 τὸν
731 2280 882 2353 θάνατον
905 2285 961 2351 καί
980 2286 1034 2352 ἐπὶ

38 2461 41 2466 ,
64 2387 195 2472 μυρίων
213 2379 324 2451 ἀλλων
342 2389 495 2472 κοίμησιν
513 2380 754 2471 ἀποκαλούσης.
787 2389 837 2453 66.
857 2381 893 2452 τδ
914 2384 950 2450 δὲ
962 2377 1034 2461 “n'g

67 2487 174 2574 ἐγερεῖ
191 2479 315 2553 αὐτόν’
336 2485 412 2575 περὶ
430 2488 488 2572 τῆς
507 2488 543 2553 ἐκ
556 2487 687 2573 νεκρῶν
699 2479 911 2562 ἀναστάσεως
930 2479 1035 2552 αὐτοῦ

64 2588 303 2674 θαυμαστικῶς
321 2595 457 2675 εἴρηται.
486 2583 753 2677 έγερθησόμενον
771 2581 834 2675 γάρ
853 2580 955 2652 αὐτὸν
974 2604 1035 2652 σα-

26 2716 52 2756 εε
66 2693 138 2775 φῶς
157 2686 250 2757 οἶδεν
267 2686 284 2757 δ
303 2684 445 2775 φάσκοιν
457 2682 529 2768 “vce
548 2691 658 2779 ἐγερεῖ
673 2681 810 2756 αὐτόν.”
845 2698 1060 2775 θαυμαστοί

66 2795 132 2869 κῶς
152 2788 199 2882 δὲ
209 2789 352 2876 ἐπιλέγει
369 2785 406 2859 τδ
419 2784 491 2871 “τίς
503 2786 567 2880 ἀρα
579 2787 596 2859 δ
610 2795 707 2860 ταῦτο
719 2785 869 2878 ποιῆσῶν
882 2789 938 2857 καὶ
952 2783 1036 2857 ἀνα-

65 2884 199 2978 σέηῖέων
217 2885 354 2978 αὖτόν,”
375 2887 459 2979 ῆμάς
479 2892 532 2959 ἐπὶ
551 2887 587 2959 τδ
606 2899 714 2980 ζητεῖν
732 2896 908 2982 διεγείρων
925 2896 974 2970 τίς
993 2886 1035 2959 ἀν

67 3001 119 3079 είη
137 2989 154 3060 δ
173 2990 232 3060 τδν
249 2989 367 3080 κύριον
384 2988 479 3080 ἡμῶν
496 2989 555 3062 τὸν
572 2989 657 3080 ὑπὲρ
676 2989 771 3081 ἡμῶν
787 2989 938 3061 θάνατον
956 2989 1035 3061 ἀνα-

69 3090 251 3181 δεξάμενον
275 3097 311 3161 ἐκ
335 3098 465 3181 νεκρῶν
483 3089 688 3181 ἀναστήσων,
732 3099 782 3162 67.
803 3099 851 3174 τίς
871 3089 903 3160 δ’
924 3087 1035 3179 ἀνείη

28 3220 55 3262 3ο
68 3189 167 3274 ἀλλος
185 3189 206 3281 ῆ
223 3191 239 3262 δ
259 3197 326 3264 τῶν
344 3190 432 3264 ὅλων
458 3192 539 3276 θεὸς
556 3197 612 3264 καὶ
630 3192 737 3286 πατὴρ
756 3190 880 3280 αὐτοῦ,
900 3183 927 3285 ῶ
944 3190 1036 3286 μόνῳ

66 3290 252 3365 ἀναθετέον
275 3292 336 3383 τῆν
360 3303 419 3365 τοῦ
443 3299 590 3384 σωτῆρος
614 3294 710 3385 ῆμῶν
729 3291 928 3381 ἀντίστασιν,
954 3293 1037 3365 κατά

67 3393 130 3484 τῆν
155 3399 320 3484 λέγουσαν
344 3396 479 3489 γραφὴν
497 3393 559 3467 “δν
581 3395 598 3467 δ
624 3395 731 3488 πατὴρ
762 3394 896 3488 ἤγειρεν
920 3401 956 3467 ἐκ
982 3426 1038 3468 νε-
