2326 3818
130 112 193 176 258
536 109 685 162 Eusssssn

206 256 256 320 65.
287 250 422 322 Τούτων
446 255 528 338 δήτα
553 252 880 339 προτεθεωρημένων
911 245 996 340 ήμίν
1021 258 1109 348 περὶ

129 356 187 441 τῆς
204 356 265 422 τού
273 356 419 442 Χριστοῦ
437 348 627 432 ούσιάσεύς
639 379 675 421 τε
689 354 745 421 καὶ
759 358 996 441 προσηγορίας,
1015 359 1108 448 φέρε

129 451 245 524 λοιπὸν
263 451 486 542 ἀναλαβόντες
509 451 571 540 τήν
588 465 818 541 προταθεῐσαν
841 448 1031 544 ὑπόθεσιν,
1054 454 1105 529 δι’

129 553 217 626 ὅσων
241 559 458 647 προφητικῶν
481 552 699 642 προρρήσεων
723 551 740 623 ὁ
766 552 906 645 Χριστὸς
934 550 1104 646 ὀνομαστὶ

128 657 388 748 προεκηρύττετο
406 654 620 743 θεασώμεθα.
1114 686 1128 728 5

127 890 201 950 XVI.
416 869 496 942 Ἀπὸ
513 876 573 942 τοῦ
594 877 735 962 Ψαλμου
753 871 798 961 β

60 990 112 1043 [1161
129 981 177 1040 Δι’
192 977 265 1039 ύσων
296 985 396 1049 ραφάν
408 1003 422 1037 ο
413 979 556 1105 ’Χριστὸς
566 977 768 1066 ύνομαστλύπὸ
782 982 922 1070 βασιλέων
928 981 1101 1073 καλαρχόα-

127 1073 183 1107 των
199 1052 249 1105 καλ
267 1003 363 1106 έθνιῦν
380 1052 429 1106 καλ
450 1053 526 1108 λαῶν
543 1046 811 1135 ἐπιβουλευόμενος,
833 1047 862 1118 ἐξ
885 1048 977 1108 αύιου
994 1073 1027 1108 τε
1045 1058 1101 1114 τοῦ

128 1120 201 1174 θεοῦ
219 1114 402 1200 γεννώμενος,
415 1115 510 1172 καλ
478 1114 541 1180 υιὸς
553 1112 743 1202 άνθράπου
725 1117 982 1201 αναγορευόμενος,
997 1117 1101 1179 ἐθνῶν

173 1205 203 1240 τε
219 1187 268 1241 καλ
281 1181 412 1251 περάτων
425 1189 478 1255 γῆς
490 1189 596 1254 κλῆρον
610 1182 763 1267 λαμβάνων
775 1183 852 1253 παρά
868 1189 918 1242 τοῦ
930 1186 1044 1257 πατρὸς
1110 1196 1136 1235 1⁰

491 1249 725 1322 προεκηρύττετο.

212 1357 302 1434 ’Ἵνα
332 1370 368 1432 τί
397 1360 565 1452 ἐφρύαξαν
590 1370 674 1451 ἔθνη
705 1366 760 1433 καὶ
785 1366 859 1433 λαοὶ
892 1367 1100 1454 ἐμελέτησαν

101 1462 221 1550 ικενάς
240 1468 453 1556 παρέστησαν
470 1469 505 1533 οἱ
519 1472 668 1552 βασιλεῖς
684 1467 742 1552 τής
759 1469 832 1553 γῆς,
851 1466 906 1535 καὶ
925 1471 960 1535 οί
970 1463 1101 1556 άρχον-

124 1594 177 1647 τες
200 1565 420 1655 συνήχθησαν
447 1567 501 1634 ἐπὶ
525 1562 561 1634 τύ
589 1560 668 1635 αύτὸ
700 1564 782 1635 κατδι
808 1573 866 1635 τοῦ
890 1574 1012 1656 κυρίου
1037 1571 1102 1641 καλ

124 1665 206 1738 κατὰ
224 1672 282 1737 τού
301 1671 445 1756 Χριστοῦ
463 1661 599 1736 αύτοῦ.”
631 1671 661 1736 2.
682 1664 731 1746 οἷς
753 1669 826 1754 ἑξής
845 1669 988 1755 ἐπιλέγει
1002 1666 1137 1758 “έγῶιτ

126 1769 163 1837 δὲ
189 1766 398 1855 κατεστάθην
421 1765 578 1855 βασιλεύς
602 1763 662 1836 ὑπ’
692 1766 795 1837 αὐτοῦ
823 1771 876 1837 ἐπὶ
893 1765 988 1838 Σιων
1015 1767 1099 1861 ὅρος

123 1869 160 1940 τὸ
184 1864 280 1957 ἅγιον
304 1865 425 1955 αύτού,
452 1871 659 1955 διαγγέλλων
681 1867 717 1938 τὸ
741 1867 935 1959 πρόσταγμα
959 1878 1095 1960 κυρίου.

123 1969 237 2060 κύριος
264 1970 336 2040 εἷπε
359 1967 441 2059 πρός
465 1997 523 2057 με,
549 1966 621 2050 υἱός
639 1998 704 2057 μον
723 1970 755 2040 εἷ
770 1967 829 2058 σύ,
855 1968 919 2058 ἐγώ
943 1969 1097 2062 σήμερον

67 2108 71 2114 ·
122 2068 307 2159 γεγέννηκά
322 2092 368 2139 σε.
401 2081 534 2158 αλτησαι
550 2066 630 2158 παρ’
647 2075 739 2160 έμού,
755 2074 810 2141 καλ
828 2069 924 2141 δύσω
937 2092 990 2142 σοι
1004 2081 1095 2163 έθνη

122 2169 183 2260 τήν
212 2181 435 2263 κληρονομίαν
465 2196 526 2241 σον
559 2174 614 2242 καὶ
638 2169 700 2261 τήν
730 2172 929 2262 κατάσχεσίν
958 2199 1021 2243 σου
1050 2174 1135 2247 πάνυ

122 2276 248 2363 πέρατα
266 2277 323 2362 τῆς
341 2269 435 2364 γής.”

93 2408 107 2448 ο
199 2380 225 2444 3.
253 2378 453 2464 Σαφέστατα
477 2377 530 2444 καὶ
557 2372 612 2444 διά
635 2373 764 2445 τούτων
786 2374 822 2445 τὸ
842 2387 939 2445 θεῖον
956 2380 1091 2466 πνεῦμα

121 2474 178 2547 τὸν
197 2476 342 2569 Χριστὸν
360 2475 549 2566 άναφωνεί,
575 2475 651 2546 υἱόν
675 2505 711 2546 τε
732 2472 834 2546 αύτόν
852 2472 1014 2546 ἀποκαλεῖ
1028 2486 1091 2550 τοῦ

121 2583 205 2649 θεοῦ
229 2579 312 2649 κατὰ
335 2577 375 2649 τά
399 2580 688 2669 προηγορευμένα,
717 2572 800 2667 ὁμοῦ
825 2581 880 2647 καλ
905 2576 1089 2670 ἐπιβουλήν

119 2710 193 2750 τινα
218 2687 355 2751 ἔσεσθαι
379 2675 452 2748 κατ’
479 2675 583 2748 αὐτοῦ
607 2685 780 2768 σημαίνει,
805 2683 861 2749 καλ
883 2683 951 2749 τοῖν
975 2682 1130 2752 ἐθνῶνεσ

120 2779 181 2867 τήν
201 2779 246 2849 δι’
274 2777 377 2851 αύτού
394 2781 578 2868 γενομένην
601 2784 720 2869 κλήσιν
739 2779 973 2872 προκηρύττει·
1001 2776 1092 2875 άπερ

122 2879 306 2971 διαρρήδην
321 2879 432 2963 αὐτοῖς
448 2888 555 2973 ἔργοις
570 2884 623 2952 έπλ
637 2887 695 2953 τού
709 2886 855 2973 σωτῆρος
874 2880 969 2972 ήμῶν
979 2879 1090 2971 Ἰησοῦ

120 2988 267 3072 Χριστοῦ
284 2982 305 3072 ή
322 2989 389 3054 τιόν
408 2982 610 3075 πραγμάτων
629 2987 795 3069 ἐπέδειξεν
809 2991 953 3072 έκβασις.
986 2985 1093 3053 είσέτι.

120 3091 204 3173 γοῦν
234 3091 299 3155 νύν
324 3094 408 3175 ἔθνη
434 3088 489 3156 καλ
520 3088 593 3156 λαολ
624 3094 773 3174 βασιλεῖς
795 3113 831 3155 τε
855 3087 910 3155 καλ
929 3082 1087 3175 ἄρχοντες

120 3187 213 3257 ούπω
232 3186 395 3258 παύονται
413 3191 471 3276 της
489 3187 572 3258 κατά
588 3217 624 3259 τε
642 3187 745 3258 αύτού
763 3188 818 3284 καὶΙ
845 3194 904 3276 τής
924 3192 1086 3257 διδασκα-
1099 3216 1127 3259 ³0

120 3295 192 3368 λίας
211 3286 315 3359 αύτού
334 3297 508 3379 συσκευής.
553 3296 581 3362 4.
604 3297 635 3360 εί
653 3287 683 3359 δ’
706 3291 760 3360 ἐπὶ
783 3289 945 3378 μέλλοντα
963 3285 1086 3378 χρόνον

119 3386 319 3481 άναφέροιεν
337 3395 440 3462 ταῦτα
459 3397 493 3462 ολ
509 3397 545 3463 ἐκ
562 3394 757 3483 περιτομῆς,
777 3386 847 3479 ύρα
864 3390 922 3461 τὸν
939 3393 1086 3479 προσδο-
