2326 3818
354 111 537 162 οααοαετ.
555 112 686 164 ανααο.
700 112 750 163 111.
763 113 787 160 6.
994 80 1056 172 195

86 260 190 343 μυρία
208 250 323 339 πλῆθη
341 246 381 320 οὐ
399 247 504 337 μόνον
520 247 674 336 ἀνδρῶν,
699 245 782 318 ἀλλά
806 250 861 317 καὶ
883 256 1056 336 γυναικῶν

87 357 142 424 καὶ
160 359 308 440 παίδων,
334 354 472 421 οίκετῶν
496 377 532 420 τε
550 352 605 418 καὶ
623 346 807 439 ἀγροίκων,
831 355 991 422 τοσοῦτον
1009 355 1057 444 τῷ

87 458 147 525 τοῦ
170 451 351 532 Πλάτωνος
381 449 426 540 μῆ
458 457 658 538 πείθεσθαι,
686 448 730 530 ὡς
753 448 812 520 τόν
835 449 976 539 ποιητῆν
1000 455 1055 522 καὶ

88 554 293 645 δημιουργὸν
311 556 410 623 τοῦδε
427 557 487 622 τοῦ
505 551 627 633 παντὸς
645 549 750 641 μόνον
773 550 857 621 θεὸν
880 559 1082 641 γνωρίζεινο

61 660 143 727 εκαὶ
167 655 271 745 μόνον
298 657 410 743 σέβειν
437 655 492 723 καὶ
517 651 622 743 μόνον
650 651 705 722 διὰ
728 657 787 722 τοῦ
807 657 975 775 Χριστοῦ
977 665 1055 723 θεο-

88 769 210 846 λογείν.
247 754 342 826 ταῦτ’
362 746 405 844 ῆν
422 758 483 824 τού
500 758 579 827 νέου
597 757 652 824 καὶ
670 757 790 824 καινού
806 751 922 843 γόητος
940 753 980 823 τά
998 783 1055 823 κα-

86 857 302 982 τορθοίματα,
329 863 466 927 τοιαῦτα
479 885 539 926 του
528 858 768 945 νομιζομένου
782 853 912 926 πλάνον
926 855 965 925 τά
976 885 1054 979 γοη-

85 959 246 1050 τεύματα,
275 961 329 1028 καὶ
348 967 434 1028 τοιοί
420 963 471 1028 ίδε
489 963 524 1027 οί
538 964 598 1028 τοῦ
612 954 719 1046 Ἰησοῦ
737 959 903 1047 μαθηταὶ,
927 953 983 1045 ἀφ’
1008 959 1056 1028 ων

88 1060 189 1133 δεῖ
158 1092 216 1132 τον
235 1054 471 1130 διδάσκαλον
456 1057 568 1140 οποῐός
586 1088 634 1139 τις
652 1050 695 1147 ῆν
712 1067 895 1147 γνωρίζειν.

48 1197 73 1233 ιο
163 1169 213 1231 26.
241 1157 387 1282 Φέρεδ’
413 1167 460 1228 ἔτι
484 1157 737 1282 καὶταύτητόν
761 1158 861 1282 λόγον
880 1166 1054 1289 διερευνη-

87 1262 233 1352 στόμεθα
270 1260 372 1350 γόητα
391 1260 456 1351 (γῆς
475 1257 594 1349 αὐτόν,
615 1251 642 1329 6
659 1250 771 1346 οὗτος,
797 1257 880 1330 ἀλλά
898 1264 953 1330 καὶ
971 1292 1055 1349 φαρ-

85 1365 191 1452 μακέα
210 1362 322 1432 δεινὸν
340 1365 396 1431 καὶ
414 1359 590 1431 ἀπατεῶνα
609 1370 730 1442 καλεῖς.
765 1351 825 1449 ἀρ’
841 1353 903 1431 οὖν
927 1368 1054 1450 πρῶτος

87 1462 185 1546 αὐτός
204 1465 259 1533 καὶ
276 1461 376 1552 μόνος
386 1460 530 1586 εὑρετῆς
558 1466 698 1550 κατέστη
723 1467 782 1532 τοῦ
809 1461 1015 1551 πράγματος,
1035 1458 1055 1550 6

87 1563 218 1644 πάντως
236 1591 302 1634 που
316 1563 398 1633 κατά
411 1560 448 1633 τό
467 1562 656 1634 ἀκόλουθον
675 1571 722 1645 είς
737 1561 988 1644 διδασκάλονς’
972 1594 1055 1634 ανα-
1074 1606 1084 1632 ι

49 1701 73 1740 ω
87 1669 230 1755 πέμπειν
254 1662 374 1755 χρῆ
337 1695 377 1734 τα
396 1676 501 1749 αίτια;
530 1671 561 1734 εί
576 1666 638 1753 μὲν
655 1663 718 1755 γάρ
736 1663 878 1753 μηδενός
899 1663 1055 1747 διδάξαν-

86 1797 141 1850 τος
160 1763 258 1849 αὐτὸς
276 1773 404 1857 πρῶτος
422 1768 477 1836 καὶ
495 1764 595 1854 μόνος
614 1761 750 1856 εὐρετῆς
773 1770 889 1854 γέγονε
906 1770 964 1854 τῆς
984 1771 1055 1836 ἐπι-

86 1866 282 1959 χειρήσεως,
301 1869 407 1958 μηδὲν
424 1871 584 1957 μηδαμως
602 1866 680 1956 παρ’
700 1870 823 1959 ἑτέρων
839 1866 971 1957 μαθων,
991 1897 1055 1957 μη-

88 1971 125 2040 66
144 1975 180 2040 ἐκ
197 1974 349 2040 παλαιάν
373 1967 624 2060 ἐρανισάμενος,
651 1977 721 2051 πῶς
739 1968 780 2039 οὐ
806 1976 903 2050 θείας
920 1968 1054 2057 φάσεως

85 2075 169 2159 χρῆν
187 2067 364 2160 ὁμολογεῖν
382 2067 504 2158 αὐτόν,
522 2066 557 2152 ὃς
571 2067 613 2141 ἀν
627 2068 709 2141 ἀνευ
727 2077 857 2158 βίβλων
871 2074 926 2140 καὶ
945 2070 1054 2158 λόγων

48 2205 72 2244 ιο
87 2172 142 2240 καὶ
162 2171 374 2241 διδασκάλων
393 2170 632 2254 αὐτοδίδακτος
650 2176 705 2242 καὶ
724 2169 919 2260 αὐτομαθὴς
944 2171 1053 2242 τοιού-

86 2301 154 2341 των
171 2270 375 2360 πραγμάτοιν
393 2267 528 2361 εὐρετῆς
551 2271 784 2362 ἀναπέφηνεν,
812 2276 867 2342 καί
891 2273 958 2361 μῆν
976 2271 1053 2343 οὐτε

86 2371 261 2459 βαναύσου
284 2376 399 2460 τέχνης
426 2369 503 2440 οὐτε
530 2376 670 2492 λογικῆς
690 2371 884 2461 ἐπιστῆμης,
912 2370 995 2442 οὐδέ
1015 2405 1053 2461 γε

85 2477 153 2544 των
173 2501 314 2564 πρωτων
341 2481 526 2595 στοιχείων
541 2472 602 2560 τῆν
625 2472 776 2561 μάθησιν
804 2479 878 2561 δίχα
902 2480 1052 2561 ποδηγού

86 2579 142 2645 καὶ
168 2572 372 2644 διδασκάλου
394 2571 483 2655 τινός
507 2570 690 2662 ἀναλαβεῖν
715 2573 877 2662 δυνατόν,
906 2574 950 2693 μῆ
977 2572 1080 2664 οὐχὶο

46 2710 71 2748 τι
59 2678 146 2766 τῆν
163 2676 280 2765 κοινῆν
298 2673 500 2764 ἐκβεβηκότα
518 2673 634 2764 φύσιν.
677 2680 728 2746 27.
749 2672 859 2758 οὐδεὶς
884 2681 968 2764 γοῦν
985 2681 1052 2746 τῶν

85 2777 218 2848 πώποτε
236 2773 474 2859 αὐτοδίδακτος
492 2772 573 2866 ἡμῖν
590 2785 817 2868 γραμματικῆς
831 2781 984 2866 παρῆλθε
1004 2785 1051 2848 δι·

87 2877 267 2965 δάσκαλος,
286 2875 369 2948 οὐδέ
383 2907 421 2967 γε
439 2875 548 2969 ῥῆτωρ
566 2877 612 2967 μῆ
625 2878 839 2968 μεμαθηκώς,
857 2877 938 2949 οὐδὲ
952 2875 1052 2950 αὐτο-

85 2979 174 3069 φυῆς
194 2977 321 3069 ίατρδς,
345 2978 426 3048 0666
444 2981 585 3067 τέκτων,
610 2978 687 3049 οὐδ’
714 2983 826 3070 ἑτέρας
853 2981 1052 3070 δημιουργὸς

85 3083 219 3171 τέχνης·
254 3088 360 3150 καίτοι
387 3078 487 3168 μικρά
513 3083 616 3150 ταῦτα
639 3084 695 3151 καὶ
712 3077 923 3169 ἀνθρώπεια
958 3079 994 3150 τό
1015 3086 1051 3150 δὲ

47 3216 72 3254 ιο
86 3181 191 3272 φάναι
215 3179 273 3252 τόν
297 3185 353 3270 τῆς
377 3177 570 3269 ἀνθρώπων
594 3177 765 3268 εὐσεβείας
787 3181 935 3270 ἀληθοῦς
955 3180 1051 3250 διδά-

85 3294 210 3356 σκαλον
232 3291 368 3354 τοιαῦτα
385 3280 745 3374 τεθανματονργηκότα
766 3280 846 3354 καθ’
866 3280 906 3352 δν
928 3281 1047 3372 έπεδῆ-
1063 3317 1104 3368 μη

86 3415 140 3476 μει
161 3391 207 3480 τῷ
231 3393 294 3480 βίω
313 3383 452 3476 χρόνον,
477 3387 530 3455 καὶ
549 3383 702 3466 τοιαύτας
720 3384 928 3475 παραδόξους
952 3414 1050 3476 τερα-

810 3498 874 3562 66⁹⁵
