2326 3818
134 110 197 173 232
547 110 696 161 ουεοοιι

135 249 263 338 θρόνου
281 244 421 319 αῦτοῦ.”
457 254 507 318 92.
527 246 690 338 πρόσσχες
709 244 743 317 δ’
767 239 829 320 οῦν
848 252 1009 338 ἐπιμελῶς
1029 261 1113 325 τίνα

135 349 259 438 τρόπον
276 354 341 421 νῦν
363 351 425 439 μὲν
449 354 679 439 πνευματικῶς
697 351 774 439 περὶ
797 354 857 420 τοῦ
874 349 976 420 πάλαι
995 356 1113 441 λέγων

130 451 256 539 Ἰησοῦ,
275 455 336 523 τοῦ
353 450 415 539 τῆν
432 450 544 521 εἰκόνα
562 454 623 522 τοῦ
645 448 795 539 ἀληθοῦς
817 455 995 541 φέροντος,
1020 461 1111 545 φησί

135 553 171 622 τό
192 549 290 623 “ἰβοῦ
313 551 415 643 ἀνὴρ,
440 551 583 640 ἀνατολὴ
608 550 713 641 όνομα
739 549 862 646 αῦτῷ.”
905 554 1051 644 σμικρὸν
1071 559 1111 629 δὲ

134 653 264 742 ῦποβάς
283 650 327 735 οῦς
344 658 421 740 περὶ
440 657 555 742 ἑτέρον
572 652 666 734 ὄντος
683 652 862 741 ἀνατολῆς,
886 651 976 746 αὐτῷ
997 657 1041 744 βῆ
1060 688 1109 729 τι
1121 688 1134 729 ι

106 781 120 820 ο
134 755 207 826 τότε
225 754 365 845 παρόντι
378 753 486 842 Ἰησοῦ
504 759 652 824 λέλεκται
665 752 790 825 “ἀκουε
809 755 851 842 ὃῆ
865 753 992 844 Ἰησοῦ,
1018 756 1037 826 ὁ
1058 767 1110 831 ιἐ-

135 857 213 944 ρεῦς
236 855 253 925 ὁ
280 859 398 943 μέγας,
423 856 466 924 σῦ
491 859 545 923 καὶ
564 862 599 924 οί
614 865 756 943 πλησίον
773 878 852 943 σου,
878 855 963 926 διότι
980 854 1110 951 ἀνδρες

134 955 369 1046 τερατοσκόποι
394 963 487 1026 εἰσίν.
532 956 607 1027 ίὸοῦ
625 955 695 1045 ἀγω
718 957 777 1028 τόν
796 956 918 1027 δοῦλόν
935 988 1002 1046 μου
1019 958 1111 1033 ἀνοι-

134 1053 268 1144 τολῆν.”
306 1065 337 1127 εἰ
354 1055 395 1146 βῆ
420 1047 482 1127 οῦν
504 1053 524 1127 ό
541 1057 636 1146 λόγος
660 1050 703 1146 ῆν
721 1061 797 1145 περὶ
816 1061 992 1147 μέλλοντος
1010 1060 1110 1152 ῆξειν

135 1162 267 1247 ἑτέρου,
292 1155 517 1248 ἀληθέστερον
540 1159 629 1247 παρὰ
653 1159 712 1230 τὸν
735 1159 808 1230 τότε
837 1156 1000 1250 ἀνατολῆς
1024 1160 1143 1237 ὀνο-ιο

133 1263 333 1350 μαζομένου,
353 1259 454 1332 είκῦν
472 1259 536 1349 ἀρα
553 1266 613 1332 τοῦ
630 1266 807 1350 μέλλοντος
830 1259 921 1350 ἥξειν
939 1260 1108 1355 ἀνατολῆς

135 1367 260 1443 ἐκεῖνος
280 1354 340 1451 ῆν,
360 1362 404 1445 ὡς
424 1366 461 1433 ἐν
480 1361 584 1432 εἰκόνι
601 1361 642 1433 οὐ
659 1362 764 1451 μόνον
780 1360 922 1452 Ἰησοῦς,
942 1363 1029 1435 ἀλλα
1047 1372 1105 1439 καὶ

66 1488 119 1541 [ατ]
135 1461 278 1550 ἀνατολῆ
302 1463 650 1552 προσαγορευόμενος,
671 1476 705 1534 εἰ
722 1494 761 1553 γε
779 1461 823 1545 ιῦς
846 1462 928 1554 πρός
952 1466 1106 1554 παρόντα

133 1562 236 1636 αῦτόν
253 1565 290 1634 τό
303 1564 403 1635 “saofi
421 1564 523 1655 ἀνὴρ,
542 1558 687 1654 ἀνατολῆ
705 1565 810 1655 ὄνομα
828 1562 941 1658 αῦτηὶ”
962 1571 1106 1657 ἐλέγετο.

132 1672 182 1735 93.
204 1666 337 1746 εἰκότως
356 1657 417 1737 οὖν
435 1670 492 1754 τῆς
511 1666 638 1748 εἰκόνος
658 1672 755 1739 ἕνεκα
774 1670 828 1737 καὶ
847 1657 942 1749 οὗτος
966 1675 1025 1758 τῆς
1043 1676 1140 1743 τοῦτο

134 1773 280 1856 σωτῆρος
294 1777 516 1857 προσηγορίας
529 1766 664 1858 ἠξίωτο,
680 1768 791 1855 ὥσπερ
805 1760 867 1838 οῦν
880 1770 935 1838 καὶ
949 1774 1007 1857 τῆς
1020 1769 1106 1843 ἀνα·

131 1875 245 1959 τολῆς,
274 1871 389 1955 ἐπειδὴ
408 1868 573 1957 σωτῆριου
589 1875 676 1940 θεοῦ
689 1878 736 1951 εἰς
749 1872 810 1960 τῆν
823 1868 964 1940 Ἑλλάδα
981 1872 1107 1962 φωνῆν

132 1969 168 2039 τό
181 1975 241 2041 τοῦ
254 1970 362 2056 Ἰησοῦ
376 1971 589 2058 μεταληφθὲν
602 1969 707 2061 ὄνομα
721 1980 875 2060 σημαίνει
887 1991 892 2002 ’
917 1970 1027 2042 Ἰσουά
1040 1977 1107 2064 μλν

64 2096 120 2147 (τοι)
134 2070 197 2158 γάρ
216 2069 292 2156 παρ’
310 2066 473 2159 Ἑβραίοις
491 2081 649 2162 σωτηρία,
668 2072 739 2155 υίὸς
758 2074 797 2143 δὲ
810 2078 911 2162 Ναυῆ
925 2071 1015 2161 παρά
1032 2093 1105 2159 τοῖς

134 2168 245 2252 αὐτοῖς
259 2169 392 2242 Ἰωσονὲ
409 2171 616 2263 ὀνομάζεται·
642 2171 771 2245 Ἰωσονὲ
786 2177 826 2244 δέ
838 2179 928 2245 ε’στιν
941 2173 1014 2245 'lad
1032 2200 1105 2247 σοι·
1116 2208 1141 2249 ιο

132 2280 246 2361 τηρία,
276 2270 367 2343 τοῦτ’
399 2281 467 2344 ἔστι
495 2279 580 2345 θεοῦ
605 2275 778 2365 σωτῆριον.
822 2275 954 2358 εἰκότως
979 2288 1014 2347 εἰ
1032 2306 1104 2349 που

132 2380 216 2445 θεοῦ
235 2373 398 2466 σιοτῆριον
418 2380 453 2446 ἐν
470 2392 540 2456 τοῖς
552 2375 755 2464 Ἑλληνικοῖς
778 2374 994 2465 ἀντιγράφοις
1013 2374 1105 2450 ἀνό-

131 2500 263 2566 μασται,
281 2474 358 2547 οὐδ’
380 2475 461 2547 ἀλλο
473 2507 505 2547 τι
517 2473 538 2563 ῆ
549 2477 607 2547 τόν
620 2477 751 2567 Ἰησοῦν
764 2471 847 2549 κατά
859 2477 922 2566 τῆν
934 2475 1104 2570 Ἐβραίων

131 2577 251 2667 φωνὴν
269 2581 407 2647 πίπεισο
426 2581 625 2665 δηλοῦσθαι.

198 2684 249 2746 24.
271 2677 406 2747 Τοότων
420 2681 473 2747 καλ
489 2680 565 2767 περὶ
578 2685 636 2768 τῆς
647 2685 706 2751 τοῦ
719 2685 867 2770 σωτῆρος
880 2676 974 2770 ῆμιῦν
991 2706 1101 2769 προσ·
1112 2710 1138 2753 τε

131 2789 268 2867 ηγορίας
298 2781 350 2847 ἐπὶ
378 2784 536 2849 τοσοῦτον
566 2785 750 2870 εἰρημένων
780 2786 813 2865 ἐξ
845 2785 958 2871 ἑτέρας
994 2773 1098 2865 αὖθις

130 2876 233 2967 ἀρχῆς
256 2876 432 2967 τὸνλόγον
454 2879 677 2970 ἀναλαβόντες
703 2885 756 2953 ἐπί
784 2880 844 2966 τάς
866 2887 1099 2975 ἐντελεστέρας

131 2982 207 3067 περὶ
226 2979 330 3051 αὐτοῦ
347 2982 551 3071 προφητικάς
569 2980 755 3068 ἀποδείξεις
775 2983 1042 3073 μεταβησόμεθα.

512 3270 712 3279 ι--.
