2326 3818
111 102 153 168 52
519 103 669 155 υυευειι

112 246 370 333 ἐνομοθέτησεν·
398 237 517 313 ούκάν
530 241 706 333 φθονήσας
725 244 781 312 καὶ
798 239 838 312 τά
855 244 1009 327 Μωσέως
1027 241 1091 314 διά

59 374 98 425 με)
112 349 180 416 των
197 341 393 416 ἀποστόλων
410 342 514 415 αὐτοῦ
532 349 635 415 πᾶσιν
648 342 842 468 ρἰυθροόποις
856 354 1087 436 καταγγελλαι,

115 455 146 517 εί
115 445 206 570 εμὴ
224 477 261 517 το
250 443 449 517 άδύνατον
467 436 662 536 έμποδωυ
640 476 695 535 ην,
713 445 758 528 ὦς
778 444 929 516 διδασκει
939 441 1086 569 λέγων
1066 476 1088 519 ο

113 547 327 632 άπόστολος“
331 548 369 618 τό
386 545 450 639 γάρ
464 543 632 619 άδύνατον
657 551 716 618 τοῦ
734 545 858 636 νόμον,
878 552 915 618 έν
933 577 959 641 φ
948 521 1089 637 ἠσθέ-

114 681 181 740 νει,
213 646 231 721 ό
254 649 333 734 θεός
357 650 416 720 τὸν
441 652 570 720 ἑαυτοῦ
584 678 607 719 ν
610 648 662 720 ίὸν
685 653 817 739 πέμψας
841 643 917 720 ἐν’
900 648 1116 740 ομοιοόματιι

113 752 234 842 σαρκός
252 748 360 842 άμαρτ
362 746 425 832 ίάς
428 745 512 820 ’καὶ
529 780 569 820 τα
558 748 678 841 ἑξῆς·
710 757 740 821 4.
761 747 929 822 ἀδύνατον
948 752 984 821 δὲ
1002 755 1090 824 πᾶσι

113 855 155 944 δή
173 881 240 924 που
263 870 333 933 τοῖς
354 861 491 923 ἔθνεσιν
509 846 673 943 ὑπάρχειν
695 853 767 942 τρὶς
785 856 845 922 τοῦ
862 861 957 934 ἔτους
974 848 1093 926 άπανη

113 960 175 1026 τάν
195 951 469 1044 είςἹεροσόλυμα
501 951 583 1024 κατά
610 953 669 1024 τὸν
692 956 844 1036 Μωσέως
874 952 996 1044 νόμον,
1029 958 1088 1027 καὶ

113 1054 179 1126 άπό
197 1059 265 1126 τοῖν
282 1054 436 1143 περάτων
453 1062 510 1144 της
528 1059 725 1145 οἰκουμένης
737 1054 800 1144 τὴν
815 1053 881 1126 άπὸ
893 1059 1010 1145 λέχους
1022 1086 1088 1146 γν-

114 1173 214 1229 υαίκα
233 1156 405 1246 σπεύδειν,
425 1155 546 1227 αὐτόθι
564 1155 604 1226 τά
621 1156 790 1247 καθάρσια
810 1155 1087 1249 άποθησομένην,
1101 1188 1128 1230 ιο

115 1262 171 1329 καὶ
189 1257 273 1328 άλλα
290 1267 412 1349 μυρία,
437 1257 458 1328 ά
482 1262 538 1329 καί
558 1261 667 1354 ἑαυτῷ
683 1289 732 1341 τις
757 1261 811 1329 έπλ
830 1264 949 1348 σχολῆς
967 1259 1090 1332 ἀναλέ-

115 1367 205 1445 ξαιτο
223 1359 274 1431 ἄν.
316 1368 346 1432 5.
368 1359 482 1450 ἐπειδὴ
504 1368 621 1432 τοίνυν
645 1364 748 1431 ταῦτα
765 1358 845 1431 οὐδὲ
868 1365 1091 1451 βουλομένοις

87 1462 244 1535 υδυυατά
267 1454 310 1552 ἦν
333 1481 402 1545 τοῖς
426 1461 671 1557 ἀπῳκισμένοις
698 1468 755 1551 τῆς
775 1459 938 1544 Ἰουδαίας
969 1470 1091 1536 ἔθνεσι

116 1567 313 1654 φυλάττειν,
340 1563 473 1646 είκότως
497 1565 604 1654 μηδὲν
621 1563 750 1634 τούτων
770 1562 814 1635 δι’
843 1566 965 1634 ἑαυτοῦ
982 1563 1092 1649 λύσας

116 1663 262 1752 ὁσωτὴρ
286 1668 342 1733 καὶ
365 1664 479 1752 κύριος
503 1663 615 1753 ἡμῶν,
646 1664 820 1754 πληρωτὴς
845 1666 883 1735 δὲ
907 1664 1130 1756 γενόμενοςιι

117 1771 184 1836 τῶν
203 1771 240 1836 ἐν
256 1770 302 1859 τῷ
320 1763 430 1859 νόμῳ,
454 1767 510 1835 καὶ
528 1772 641 1836 πίστιν
664 1765 846 1856 παρασχών
863 1785 932 1848 τοῖς
949 1763 1092 1861 δρῶσιν,

118 1867 162 1950 ὡς
180 1865 245 1958 άρα
264 1864 363 1946 αὐτός
383 1871 472 1936 ἐστιν
490 1865 507 1936 ὁ
523 1865 663 1954 Χριστός
681 1873 741 1938 τοῦ
759 1874 864 1958 θεοῦ,
882 1864 900 1939 ὁ
919 1866 1002 1958 πρός
1019 1874 1093 1945 τοῖν

118 1967 207 2058 παρά
220 1968 395 2050 Ἰουδαίοις
422 1967 524 2037 πάλαι
547 1971 738 2059 γενομένων
760 1976 943 2061 προφητῶν
959 1999 1094 2066 μεμαρ-

117 2073 319 2159 τυρημένος,
336 2067 418 2158 μετά
436 2074 539 2140 ταῦτα
564 2074 644 2141 πάσι
662 2089 732 2154 τοῖς
750 2079 865 2143 ἔθνεσι
882 2071 923 2142 τά
942 2071 1093 2163 ἁρμόδια

117 2173 375 2261 παραγγέλματα
400 2169 455 2241 διά
477 2202 546 2242 των
562 2179 697 2244 οίκείων
719 2178 881 2263 μαθητῶν
899 2177 1092 2304 προβέβλη-
1104 2205 1130 2249 τι

118 2303 179 2342 ται.
217 2278 281 2344 δὲ
267 2281 369 2344 ἔνθεν
392 2276 447 2343 καὶ
472 2269 566 2364 ημείς
589 2272 625 2345 τό
650 2305 712 2366 μευ
737 2282 916 2360 ίουδαίζειν
940 2279 1094 2371 παρητή-

117 2389 224 2467 μεθοι,
245 2405 289 2458 ως
307 2370 387 2466 ημῖν
400 2406 445 2467 μη
459 2382 768 2468 νενομοθετημένον
786 2379 870 2502 μηδὲ
890 2377 1094 2468 ἐφαρμόζειν

91 2515 102 2543 c
117 2496 185 2562 τοις
204 2488 321 2551 έθνεσι
341 2478 548 2569 δυνάμενον,
572 2478 629 2561 τάς
654 2481 691 2549 δέ
709 2479 799 2570 παρά
814 2476 986 2562 Ἰουδαίοις
1004 2507 1095 2574 προ-

119 2587 256 2669 φητείας
274 2577 412 2668 άσμενοι
430 2576 734 2669 κατεδεξάμεθα,’
710 2609 754 2661 ως
767 2577 809 2651 άν
821 2580 879 2662 τάς
896 2585 975 2673 περι
991 2580 1094 2673 ἡμῶν

63 2703 104 2756 119]
120 2679 338 2770 περιεχούσας
361 2680 570 2771 προρρήσεις.
612 2680 629 2750 ὁ
656 2684 695 2750 δέ
716 2710 755 2770 γε
779 2682 888 2773 σωτὴρ
912 2687 968 2753 καὶ
993 2685 1130 2758 διδά-ετ

120 2792 240 2862 σκαλος
258 2776 353 2869 ἡμῶν
371 2784 426 2851 καὶ
444 2779 552 2864 άλλως
576 2782 750 2872 πληρωτὴς
767 2779 909 2875 ὑπάρχει
926 2789 987 2857 τού
1004 2797 1092 2858 Μω-

120 2886 203 2965 σέως
217 2880 321 2971 νόμου
340 2885 395 2952 καί
409 2887 477 2954 των
494 2879 566 2974 μετ’
586 2880 688 2954 αύτόυ
705 2892 897 2976 προφητῶν.
923 2893 950 2957 7.
971 2889 1092 2980 ἐπειδη

120 2982 183 3076 γάρ
201 3000 269 3066 τοις
285 2990 558 3076 τεθεσπισμένοις
575 2984 615 3056 τά
632 3017 700 3058 των
712 2986 1002 3080 συμπερασμάτων
1020 2998 1093 3062 ἕλι-

120 3116 183 3157 πευ
196 3085 237 3157 τά
254 3113 289 3157 τε
306 3094 374 3156 τιόυ
392 3085 501 3177 λόγων
514 3086 773 3180 ἀποτελέσματα,
791 3095 876 3180 χρῆν
892 3089 933 3180 δή
947 3119 1013 3162 που
1032 3095 1091 3164 καὶ

119 3187 246 3260 τούτων
265 3185 376 3260 αύτιόν
394 3189 571 3280 πληρωτην
589 3187 692 3262 αύτόν
715 3194 884 3280 γενέσθαι.
932 3189 1004 3264 οἷον
1012 3222 1130 3283 ,αςεο

187 3424 204 3470 4
222 3421 298 3475 Rom.
312 3423 337 3485 8,
350 3426 373 3473 3.
