<?xml version="1.0" encoding="UTF-8"?>
<!DOCTYPE html PUBLIC "-//W3C//DTD XHTML 1.0 Transitional//EN"
    "http://www.w3.org/TR/xhtml1/DTD/xhtml1-transitional.dtd">
<html xmlns="http://www.w3.org/1999/xhtml" xml:lang="en" lang="en">
 <head>
  <title>
</title>
<meta http-equiv="Content-Type" content="text/html;charset=utf-8" />
  <meta name='ocr-system' content='tesseract 3.04.00' />
  <meta name='ocr-capabilities' content='ocr_page ocr_carea ocr_par ocr_line ocrx_word'/>
</head>
<body>
  <div class='ocr_page' id='page_1' title='image "./eusebiicaesarie01dindgoog/eusebiicaesarie01dindgoog_0111.png"; bbox 0 0 2326 3818; ppageno 0'>
   <div class='ocr_carea' id='block_1_1' title="bbox 138 95 685 159">
    <p class='ocr_par' dir='ltr' id='par_1_1' title="bbox 138 95 685 159">
     <span class='ocr_line' id='line_1_1' title="bbox 138 95 685 159; baseline 0 -12"><span class='ocrx_word' id='word_1_1' title='bbox 138 95 179 159; x_wconf 80' lang='grc'><strong><em>68</em></strong></span> <span class='ocrx_word' id='word_1_2' title='bbox 534 96 685 148; x_wconf 85' lang='lat' dir='ltr'>EUSEBII</span> 
     </span>
    </p>
   </div>
   <div class='ocr_carea' id='block_1_2' title="bbox 88 232 1155 3273">
    <p class='ocr_par' dir='ltr' id='par_1_2' title="bbox 88 232 1155 3273">
     <span class='ocr_line' id='line_1_2' title="bbox 137 232 1108 326; baseline 0.002 -22"><span class='ocrx_word' id='word_1_3' title='bbox 137 232 159 323; x_wconf 78' lang='grc' dir='ltr'>ἢ</span> <span class='ocrx_word' id='word_1_4' title='bbox 190 233 272 305; x_wconf 90' lang='grc' dir='ltr'><strong><em>κατά</em></strong></span> <span class='ocrx_word' id='word_1_5' title='bbox 299 235 377 315; x_wconf 88' lang='grc' dir='ltr'><strong><em>τούς</em></strong></span> <span class='ocrx_word' id='word_1_6' title='bbox 406 232 568 316; x_wconf 82' lang='grc' dir='ltr'><strong><em>παλαιούς</em></strong></span> <span class='ocrx_word' id='word_1_7' title='bbox 602 245 728 318; x_wconf 80' lang='grc' dir='ltr'><strong><em>θυσίας</em></strong></span> <span class='ocrx_word' id='word_1_8' title='bbox 761 264 798 307; x_wconf 87' lang='grc' dir='ltr'><strong><em>τε</em></strong></span> <span class='ocrx_word' id='word_1_9' title='bbox 832 239 889 307; x_wconf 82' lang='grc' dir='ltr'><strong><em>καί</em></strong></span> <span class='ocrx_word' id='word_1_10' title='bbox 912 240 1108 326; x_wconf 75' lang='grc' dir='ltr'><strong><em>ἱερουργίας</em></strong></span> 
     </span>
     <span class='ocr_line' id='line_1_3' title="bbox 137 335 1108 428; baseline 0.004 -22"><span class='ocrx_word' id='word_1_11' title='bbox 137 335 330 428; x_wconf 76' lang='grc' dir='ltr'><strong><em>ἠξιωμένοι,</em></strong></span> <span class='ocrx_word' id='word_1_12' title='bbox 348 335 465 407; x_wconf 82' lang='grc' dir='ltr'><em>οὐκέθ’</em></span> <span class='ocrx_word' id='word_1_13' title='bbox 492 335 585 407; x_wconf 84' lang='grc' dir='ltr'><strong><em>ὅσιον</em></strong></span> <span class='ocrx_word' id='word_1_14' title='bbox 610 337 784 428; x_wconf 81' lang='grc' dir='ltr'><em>ἡγούμεθα</em></span> <span class='ocrx_word' id='word_1_15' title='bbox 807 345 1025 408; x_wconf 77' lang='grc' dir='ltr'><strong><em>καταπίπτειν</em></strong></span> <span class='ocrx_word' id='word_1_16' title='bbox 1051 342 1108 410; x_wconf 81' lang='grc' dir='ltr'><strong><em>ἐπὶ</em></strong></span> 
     </span>
     <span class='ocr_line' id='line_1_4' title="bbox 113 436 1108 529; baseline 0 -20"><span class='ocrx_word' id='word_1_17' title='bbox 113 436 178 523; x_wconf 72' lang='grc' dir='ltr'><strong><em>,τά</em></strong></span> <span class='ocrx_word' id='word_1_18' title='bbox 196 445 310 528; x_wconf 89' lang='grc' dir='ltr'><strong><em>πρῶτα</em></strong></span> <span class='ocrx_word' id='word_1_19' title='bbox 328 441 383 509; x_wconf 85' lang='grc' dir='ltr'><strong><em>καλ</em></strong></span> <span class='ocrx_word' id='word_1_20' title='bbox 402 437 535 527; x_wconf 80' lang='grc' dir='ltr'><strong><em>άσθενῆ</em></strong></span> <span class='ocrx_word' id='word_1_21' title='bbox 551 457 707 529; x_wconf 83' lang='grc' dir='ltr'><strong><em>στοιχεῖα,</em></strong></span> <span class='ocrx_word' id='word_1_22' title='bbox 716 439 867 529; x_wconf 85' lang='grc' dir='ltr'><strong><em>σύμβολα</em></strong></span> <span class='ocrx_word' id='word_1_23' title='bbox 886 443 941 510; x_wconf 83' lang='grc' dir='ltr'><strong><em>καὶ</em></strong></span> <span class='ocrx_word' id='word_1_24' title='bbox 961 439 1108 529; x_wconf 88' lang='grc' dir='ltr'><strong><em>είκόνας,</em></strong></span> 
     </span>
     <span class='ocr_line' id='line_1_5' title="bbox 137 538 1108 631; baseline 0.003 -20"><span class='ocrx_word' id='word_1_25' title='bbox 137 540 211 611; x_wconf 81' lang='grc' dir='ltr'><strong><em>ἀλλ’</em></strong></span> <span class='ocrx_word' id='word_1_26' title='bbox 237 539 299 611; x_wconf 81' lang='grc' dir='ltr'><strong><em>οὐκ</em></strong></span> <span class='ocrx_word' id='word_1_27' title='bbox 312 540 419 630; x_wconf 80' lang='grc' dir='ltr'><strong><em>αὐτὴν</em></strong></span> <span class='ocrx_word' id='word_1_28' title='bbox 437 538 602 629; x_wconf 86' lang='grc' dir='ltr'><strong><em>άλήθειαν</em></strong></span> <span class='ocrx_word' id='word_1_29' title='bbox 625 545 828 631; x_wconf 82' lang='grc' dir='ltr'><strong><em>περιέχοντα.</em></strong></span> <span class='ocrx_word' id='word_1_30' title='bbox 856 548 904 612; x_wconf 92' lang='grc'><strong><em>19.</em></strong></span> <span class='ocrx_word' id='word_1_31' title='bbox 915 539 1049 623; x_wconf 87' lang='grc' dir='ltr'><strong><em>είκότως</em></strong></span> <span class='ocrx_word' id='word_1_32' title='bbox 1068 545 1108 614; x_wconf 67' lang='grc' dir='ltr'><strong><em>δέ</em></strong></span> 
     </span>
     <span class='ocr_line' id='line_1_6' title="bbox 137 640 1136 731; baseline 0.002 -18"><span class='ocrx_word' id='word_1_33' title='bbox 137 647 193 713; x_wconf 82' lang='grc' dir='ltr'><strong><em>καί</em></strong></span> <span class='ocrx_word' id='word_1_34' title='bbox 218 640 330 714; x_wconf 73' lang='grc' dir='ltr'><strong><em>αὐτῶν</em></strong></span> <span class='ocrx_word' id='word_1_35' title='bbox 344 643 518 713; x_wconf 77' lang='grc' dir='ltr'><strong><em>Ἰουδαίων</em></strong></span> <span class='ocrx_word' id='word_1_36' title='bbox 542 649 577 712; x_wconf 82' lang='grc' dir='ltr'><strong><em>οί</em></strong></span> <span class='ocrx_word' id='word_1_37' title='bbox 599 649 646 724; x_wconf 88' lang='grc' dir='ltr'><strong><em>είς</em></strong></span> <span class='ocrx_word' id='word_1_38' title='bbox 671 640 729 713; x_wconf 86' lang='grc' dir='ltr'><strong><em>τόν</em></strong></span> <span class='ocrx_word' id='word_1_39' title='bbox 753 642 899 731; x_wconf 86' lang='grc' dir='ltr'><strong><em>Χριστόν</em></strong></span> <span class='ocrx_word' id='word_1_40' title='bbox 927 646 988 712; x_wconf 79' lang='grc' dir='ltr'><strong><em>τοῦ</em></strong></span> <span class='ocrx_word' id='word_1_41' title='bbox 1018 649 1136 716; x_wconf 68' lang='grc' dir='ltr'><strong><em>θεοῶο</em></strong></span> 
     </span>
     <span class='ocr_line' id='line_1_7' title="bbox 137 744 1111 833; baseline 0.002 -18"><span class='ocrx_word' id='word_1_42' title='bbox 137 744 442 833; x_wconf 75' lang='grc' dir='ltr'><strong><em>καταπεφευγότες,</em></strong></span> <span class='ocrx_word' id='word_1_43' title='bbox 479 749 510 813; x_wconf 91' lang='grc' dir='ltr'><strong><em>εί</em></strong></span> <span class='ocrx_word' id='word_1_44' title='bbox 535 746 650 832; x_wconf 84' lang='grc' dir='ltr'><strong><em>μηκέτι</em></strong></span> <span class='ocrx_word' id='word_1_45' title='bbox 679 748 747 815; x_wconf 91' lang='grc' dir='ltr'><strong><em>τῶν</em></strong></span> <span class='ocrx_word' id='word_1_46' title='bbox 776 748 928 827; x_wconf 85' lang='grc' dir='ltr'><strong><em>Μωσέως</em></strong></span> <span class='ocrx_word' id='word_1_47' title='bbox 952 748 1111 833; x_wconf 77' lang='grc' dir='ltr'><strong><em>ἐπιστρέ-</em></strong></span> 
     </span>
     <span class='ocr_line' id='line_1_8' title="bbox 137 843 1110 936; baseline -0.001 -18"><span class='ocrx_word' id='word_1_48' title='bbox 137 877 254 936; x_wconf 89' lang='grc' dir='ltr'><strong><em>φοιντο</em></strong></span> <span class='ocrx_word' id='word_1_49' title='bbox 279 844 580 933; x_wconf 82' lang='grc' dir='ltr'><strong><em>παραγγελμάτων,</em></strong></span> <span class='ocrx_word' id='word_1_50' title='bbox 606 843 689 915; x_wconf 87' lang='grc' dir='ltr'><strong><em>κατά</em></strong></span> <span class='ocrx_word' id='word_1_51' title='bbox 706 845 767 934; x_wconf 81' lang='grc' dir='ltr'><strong><em>τὴν</em></strong></span> <span class='ocrx_word' id='word_1_52' title='bbox 791 846 913 934; x_wconf 84' lang='grc' dir='ltr'><strong><em>καινὴν</em></strong></span> <span class='ocrx_word' id='word_1_53' title='bbox 938 844 1110 936; x_wconf 79' lang='grc' dir='ltr'><strong><em>διαθήκην</em></strong></span> 
     </span>
     <span class='ocr_line' id='line_1_9' title="bbox 138 942 1110 1037; baseline 0.002 -21"><span class='ocrx_word' id='word_1_54' title='bbox 138 953 291 1036; x_wconf 80' lang='grc' dir='ltr'><strong><em>βιοῦντες</em></strong></span> <span class='ocrx_word' id='word_1_55' title='bbox 315 953 372 1034; x_wconf 78' lang='grc' dir='ltr'><strong><em>της</em></strong></span> <span class='ocrx_word' id='word_1_56' title='bbox 390 942 456 1016; x_wconf 82' lang='grc' dir='ltr'><strong><em>ὑπό</em></strong></span> <span class='ocrx_word' id='word_1_57' title='bbox 472 949 624 1028; x_wconf 79' lang='grc' dir='ltr'><strong><em>Μωσέως</em></strong></span> <span class='ocrx_word' id='word_1_58' title='bbox 648 943 833 1037; x_wconf 70' lang='grc' dir='ltr'><strong><em>ὡρισμένης</em></strong></span> <span class='ocrx_word' id='word_1_59' title='bbox 855 946 946 1030; x_wconf 85' lang='grc' dir='ltr'><strong><em>ἐκτός</em></strong></span> <span class='ocrx_word' id='word_1_60' title='bbox 969 942 1014 1017; x_wconf 60' lang='lat' dir='ltr'><strong><em>&amp;v</em></strong></span> <span class='ocrx_word' id='word_1_61' title='bbox 1037 948 1110 1020; x_wconf 82' lang='grc' dir='ltr'><strong><em>εἷεν</em></strong></span> 
     </span>
     <span class='ocr_line' id='line_1_10' title="bbox 138 1044 1110 1139; baseline 0.001 -21"><span class='ocrx_word' id='word_1_62' title='bbox 138 1047 299 1137; x_wconf 76' lang='grc' dir='ltr'><strong><em>κατάρας,</em></strong></span> <span class='ocrx_word' id='word_1_63' title='bbox 318 1045 375 1119; x_wconf 81' lang='grc' dir='ltr'><strong><em>άτε</em></strong></span> <span class='ocrx_word' id='word_1_64' title='bbox 394 1048 435 1136; x_wconf 78' lang='grc' dir='ltr'><strong><em>δὴ</em></strong></span> <span class='ocrx_word' id='word_1_65' title='bbox 453 1044 561 1137; x_wconf 84' lang='grc' dir='ltr'><strong><em>άμνοῦ</em></strong></span> <span class='ocrx_word' id='word_1_66' title='bbox 579 1052 638 1119; x_wconf 79' lang='grc' dir='ltr'><strong><em>τοῦ</em></strong></span> <span class='ocrx_word' id='word_1_67' title='bbox 652 1054 738 1119; x_wconf 84' lang='grc' dir='ltr'><strong><em>θεοῦ</em></strong></span> <span class='ocrx_word' id='word_1_68' title='bbox 755 1048 795 1119; x_wconf 85' lang='grc' dir='ltr'><strong><em>οὐ</em></strong></span> <span class='ocrx_word' id='word_1_69' title='bbox 805 1048 910 1139; x_wconf 90' lang='grc' dir='ltr'><strong><em>μόνον</em></strong></span> <span class='ocrx_word' id='word_1_70' title='bbox 920 1048 982 1138; x_wconf 84' lang='grc' dir='ltr'><strong><em>την</em></strong></span> <span class='ocrx_word' id='word_1_71' title='bbox 999 1047 1110 1139; x_wconf 84' lang='grc' dir='ltr'><strong><em>ἆμαρ-</em></strong></span> 
     </span>
     <span class='ocr_line' id='line_1_11' title="bbox 136 1145 1150 1241; baseline 0.001 -20"><span class='ocrx_word' id='word_1_72' title='bbox 136 1157 214 1221; x_wconf 92' lang='grc' dir='ltr'><strong><em>τίαν</em></strong></span> <span class='ocrx_word' id='word_1_73' title='bbox 231 1154 290 1220; x_wconf 78' lang='grc' dir='ltr'><strong><em>τού</em></strong></span> <span class='ocrx_word' id='word_1_74' title='bbox 309 1148 447 1240; x_wconf 88' lang='grc' dir='ltr'><strong><em>κόσμου,</em></strong></span> <span class='ocrx_word' id='word_1_75' title='bbox 465 1145 550 1219; x_wconf 86' lang='grc' dir='ltr'><strong><em>άλλά</em></strong></span> <span class='ocrx_word' id='word_1_76' title='bbox 568 1153 623 1220; x_wconf 80' lang='grc' dir='ltr'><strong><em>καὶ</em></strong></span> <span class='ocrx_word' id='word_1_77' title='bbox 641 1150 704 1239; x_wconf 84' lang='grc' dir='ltr'><strong><em>την</em></strong></span> <span class='ocrx_word' id='word_1_78' title='bbox 723 1155 758 1221; x_wconf 85' lang='grc' dir='ltr'><strong><em>έν</em></strong></span> <span class='ocrx_word' id='word_1_79' title='bbox 776 1155 818 1241; x_wconf 77' lang='grc' dir='ltr'><strong><em>τῇ</em></strong></span> <span class='ocrx_word' id='word_1_80' title='bbox 835 1149 1024 1240; x_wconf 79' lang='grc' dir='ltr'><strong><em>παραβάσει</em></strong></span> <span class='ocrx_word' id='word_1_81' title='bbox 1036 1157 1109 1222; x_wconf 87' lang='grc' dir='ltr'><strong><em>τῶν</em></strong></span> <span class='ocrx_word' id='word_1_82' title='bbox 1123 1176 1150 1216; x_wconf 79' lang='lat'><strong><em>¹0</em></strong></span> 
     </span>
     <span class='ocr_line' id='line_1_12' title="bbox 138 1250 1107 1342; baseline 0.001 -19"><span class='ocrx_word' id='word_1_83' title='bbox 138 1254 290 1333; x_wconf 81' lang='grc' dir='ltr'><strong><em>Μωσέως</em></strong></span> <span class='ocrx_word' id='word_1_84' title='bbox 321 1255 466 1323; x_wconf 78' lang='grc' dir='ltr'><strong><em>ἐντολῶν</em></strong></span> <span class='ocrx_word' id='word_1_85' title='bbox 498 1250 648 1341; x_wconf 88' lang='grc' dir='ltr'><strong><em>κατάραν</em></strong></span> <span class='ocrx_word' id='word_1_86' title='bbox 680 1259 726 1333; x_wconf 86' lang='grc' dir='ltr'><strong><em>είς</em></strong></span> <span class='ocrx_word' id='word_1_87' title='bbox 750 1252 852 1323; x_wconf 80' lang='grc' dir='ltr'><strong><em>αὐτὸν</em></strong></span> <span class='ocrx_word' id='word_1_88' title='bbox 876 1250 1107 1342; x_wconf 86' lang='grc' dir='ltr'><strong><em>άνειληφότος.</em></strong></span> 
     </span>
     <span class='ocr_line' id='line_1_13' title="bbox 108 1345 1111 1444; baseline 0.006 -25"><span class='ocrx_word' id='word_1_89' title='bbox 108 1380 122 1419; x_wconf 84' lang='lat' dir='ltr'>d</span> <span class='ocrx_word' id='word_1_90' title='bbox 138 1355 278 1443; x_wconf 86' lang='grc' dir='ltr'><strong><em>γέγονεν</em></strong></span> <span class='ocrx_word' id='word_1_91' title='bbox 296 1345 358 1426; x_wconf 80' lang='grc' dir='ltr'><strong><em>οὖν</em></strong></span> <span class='ocrx_word' id='word_1_92' title='bbox 376 1350 393 1424; x_wconf 93' lang='lat'><em>5</em></span> <span class='ocrx_word' id='word_1_93' title='bbox 413 1350 517 1444; x_wconf 87' lang='grc' dir='ltr'><strong><em>άμνός</em></strong></span> <span class='ocrx_word' id='word_1_94' title='bbox 536 1358 597 1425; x_wconf 80' lang='grc' dir='ltr'><strong><em>του</em></strong></span> <span class='ocrx_word' id='word_1_95' title='bbox 613 1359 698 1425; x_wconf 83' lang='grc' dir='ltr'><strong><em>θεοῦ</em></strong></span> <span class='ocrx_word' id='word_1_96' title='bbox 719 1357 775 1424; x_wconf 82' lang='grc' dir='ltr'><strong><em>καὶ</em></strong></span> <span class='ocrx_word' id='word_1_97' title='bbox 798 1353 942 1443; x_wconf 81' lang='grc' dir='ltr'><strong><em>ἁμαρτία</em></strong></span> <span class='ocrx_word' id='word_1_98' title='bbox 967 1357 1021 1423; x_wconf 87' lang='grc' dir='ltr'><strong><em>καλ</em></strong></span> <span class='ocrx_word' id='word_1_99' title='bbox 1046 1383 1111 1425; x_wconf 90' lang='grc' dir='ltr'><strong><em>κα-</em></strong></span> 
     </span>
     <span class='ocr_line' id='line_1_14' title="bbox 138 1452 1109 1547; baseline 0 -20"><span class='ocrx_word' id='word_1_100' title='bbox 138 1456 236 1547; x_wconf 90' lang='grc' dir='ltr'><strong><em>τάρα·</em></strong></span> <span class='ocrx_word' id='word_1_101' title='bbox 263 1455 406 1547; x_wconf 81' lang='grc' dir='ltr'><strong><em>ἁμαρτία</em></strong></span> <span class='ocrx_word' id='word_1_102' title='bbox 434 1458 496 1544; x_wconf 71' lang='grc' dir='ltr'><strong><em>μέν</em></strong></span> <span class='ocrx_word' id='word_1_103' title='bbox 519 1452 605 1545; x_wconf 75' lang='grc' dir='ltr'><strong><em>όπλρ</em></strong></span> <span class='ocrx_word' id='word_1_104' title='bbox 635 1461 702 1526; x_wconf 87' lang='grc' dir='ltr'><strong><em>τῶν</em></strong></span> <span class='ocrx_word' id='word_1_105' title='bbox 732 1452 938 1546; x_wconf 77' lang='grc' dir='ltr'><strong><em>ἁμαρτωλῶν</em></strong></span> <span class='ocrx_word' id='word_1_106' title='bbox 961 1460 1020 1525; x_wconf 83' lang='grc' dir='ltr'><strong><em>τοῦ</em></strong></span> <span class='ocrx_word' id='word_1_107' title='bbox 1050 1454 1109 1527; x_wconf 88' lang='grc' dir='ltr'><strong><em>κό-</em></strong></span> 
     </span>
     <span class='ocr_line' id='line_1_15' title="bbox 139 1554 1111 1648; baseline 0.002 -20"><span class='ocrx_word' id='word_1_108' title='bbox 139 1581 241 1648; x_wconf 87' lang='grc' dir='ltr'><strong><em>σμου,</em></strong></span> <span class='ocrx_word' id='word_1_109' title='bbox 261 1556 390 1643; x_wconf 90' lang='grc' dir='ltr'><strong><em>κατάρα</em></strong></span> <span class='ocrx_word' id='word_1_110' title='bbox 411 1554 549 1645; x_wconf 54' lang='lat' dir='ltr'><strong><em>wazo</em></strong></span> <span class='ocrx_word' id='word_1_111' title='bbox 567 1564 636 1627; x_wconf 88' lang='grc' dir='ltr'><strong><em>τῶν</em></strong></span> <span class='ocrx_word' id='word_1_112' title='bbox 649 1556 693 1647; x_wconf 78' lang='grc' dir='ltr'><strong><em>μὴ</em></strong></span> <span class='ocrx_word' id='word_1_113' title='bbox 713 1556 927 1647; x_wconf 81' lang='grc' dir='ltr'><strong><em>ἐμμενόντων</em></strong></span> <span class='ocrx_word' id='word_1_114' title='bbox 946 1565 1026 1626; x_wconf 83' lang='grc' dir='ltr'><strong><em>πᾶσι</em></strong></span> <span class='ocrx_word' id='word_1_115' title='bbox 1038 1577 1111 1640; x_wconf 89' lang='grc' dir='ltr'><strong><em>τοῖς</em></strong></span> 
     </span>
     <span class='ocr_line' id='line_1_16' title="bbox 140 1657 1151 1752; baseline 0.002 -24"><span class='ocrx_word' id='word_1_116' title='bbox 140 1661 417 1746; x_wconf 79' lang='grc' dir='ltr'><strong><em>ἐγγεγραμμένοις</em></strong></span> <span class='ocrx_word' id='word_1_117' title='bbox 437 1661 472 1727; x_wconf 84' lang='grc' dir='ltr'><strong><em>ἐν</em></strong></span> <span class='ocrx_word' id='word_1_118' title='bbox 489 1662 537 1750; x_wconf 77' lang='grc' dir='ltr'><strong><em>τῷ</em></strong></span> <span class='ocrx_word' id='word_1_119' title='bbox 555 1661 706 1741; x_wconf 90' lang='grc' dir='ltr'><strong><em>Μωσέως</em></strong></span> <span class='ocrx_word' id='word_1_120' title='bbox 725 1657 843 1752; x_wconf 83' lang='grc' dir='ltr'><strong><em>νόμω.”</em></strong></span> <span class='ocrx_word' id='word_1_121' title='bbox 875 1665 925 1728; x_wconf 65' lang='lat'><strong><em>20.</em></strong></span> <span class='ocrx_word' id='word_1_122' title='bbox 939 1657 990 1728; x_wconf 79' lang='grc' dir='ltr'><strong><em>διό</em></strong></span> <span class='ocrx_word' id='word_1_123' title='bbox 1003 1685 1112 1748; x_wconf 90' lang='grc' dir='ltr'><strong><em>φησιν</em></strong></span> <span class='ocrx_word' id='word_1_124' title='bbox 1124 1682 1151 1723; x_wconf 80' lang='lat'><strong><em>1⁵</em></strong></span> 
     </span>
     <span class='ocr_line' id='line_1_17' title="bbox 139 1730 1113 1890; baseline 0.001 -61"><span class='ocrx_word' id='word_1_125' title='bbox 139 1755 355 1840; x_wconf 85' lang='grc' dir='ltr'><strong><em>όάπόστολος</em></strong></span> <span class='ocrx_word' id='word_1_126' title='bbox 381 1730 586 1848; x_wconf 60' lang='lat' dir='ltr'><strong><em>“Xoaaz‘dg</em></strong></span> <span class='ocrx_word' id='word_1_127' title='bbox 569 1765 654 1847; x_wconf 82' lang='grc' dir='ltr'><strong><em>ημᾶς</em></strong></span> <span class='ocrx_word' id='word_1_128' title='bbox 670 1758 919 1890; x_wconf 81' lang='grc' dir='ltr'><strong><em>ἐξηγόρασεν’</em></strong></span> <span class='ocrx_word' id='word_1_129' title='bbox 903 1790 939 1830; x_wconf 90' lang='grc' dir='ltr'><strong><em>εκ</em></strong></span> <span class='ocrx_word' id='word_1_130' title='bbox 963 1790 1022 1848; x_wconf 87' lang='grc' dir='ltr'><strong><em>της</em></strong></span> <span class='ocrx_word' id='word_1_131' title='bbox 1049 1790 1113 1830; x_wconf 90' lang='grc' dir='ltr'><strong><em>κα-</em></strong></span> 
     </span>
     <span class='ocr_line' id='line_1_18' title="bbox 136 1857 1113 1986; baseline 0.004 -56.012"><span class='ocrx_word' id='word_1_132' title='bbox 136 1860 240 1986; x_wconf 82' lang='grc' dir='ltr'><strong><em>τάρας</em></strong></span> <span class='ocrx_word' id='word_1_133' title='bbox 258 1892 316 1982; x_wconf 84' lang='grc' dir='ltr'><strong><em>τρυ</em></strong></span> <span class='ocrx_word' id='word_1_134' title='bbox 334 1857 450 1982; x_wconf 90' lang='grc' dir='ltr'><strong><em>νόμον,</em></strong></span> <span class='ocrx_word' id='word_1_135' title='bbox 465 1859 643 1950; x_wconf 85' lang='grc' dir='ltr'><strong><em>γενόμενος</em></strong></span> <span class='ocrx_word' id='word_1_136' title='bbox 660 1860 745 1949; x_wconf 87' lang='grc' dir='ltr'><strong><em>ὑπερ</em></strong></span> <span class='ocrx_word' id='word_1_137' title='bbox 763 1861 858 1950; x_wconf 79' lang='grc' dir='ltr'><strong><em>ἡμῶν</em></strong></span> <span class='ocrx_word' id='word_1_138' title='bbox 875 1859 1025 1950; x_wconf 87' lang='grc' dir='ltr'><strong><em>κατάρα,’</em></strong></span> <span class='ocrx_word' id='word_1_139' title='bbox 1029 1860 1113 1935; x_wconf 79' lang='grc' dir='ltr'><strong><em>’καὶ</em></strong></span> 
     </span>
     <span class='ocr_line' id='line_1_19' title="bbox 136 1957 1112 2055; baseline 0.003 -23.095"><span class='ocrx_word' id='word_1_140' title='bbox 136 1961 224 2033; x_wconf 80' lang='grc' dir='ltr'><strong><em>“τόν</em></strong></span> <span class='ocrx_word' id='word_1_141' title='bbox 247 1992 293 2052; x_wconf 91' lang='grc' dir='ltr'><strong><em>μη</em></strong></span> <span class='ocrx_word' id='word_1_142' title='bbox 317 1962 441 2048; x_wconf 91' lang='grc' dir='ltr'><strong><em>γνόντα</em></strong></span> <span class='ocrx_word' id='word_1_143' title='bbox 478 1957 644 2052; x_wconf 86' lang='grc' dir='ltr'><strong><em>άμαρτίαν</em></strong></span> <span class='ocrx_word' id='word_1_144' title='bbox 685 1958 830 2055; x_wconf 73' lang='grc' dir='ltr'><strong><em>ὑπὲρ</em></strong></span> <span class='ocrx_word' id='word_1_145' title='bbox 812 1969 907 2053; x_wconf 89' lang='grc' dir='ltr'><strong><em>ημῶν</em></strong></span> <span class='ocrx_word' id='word_1_146' title='bbox 941 1959 1112 2052; x_wconf 88' lang='grc' dir='ltr'><strong><em>άμαρτίαν</em></strong></span> 
     </span>
     <span class='ocr_line' id='line_1_20' title="bbox 142 2059 471 2152; baseline -0.015 -20"><span class='ocrx_word' id='word_1_147' title='bbox 142 2059 308 2152; x_wconf 82' lang='grc' dir='ltr'><strong><em>έποίησε.”</em></strong></span> <span class='ocrx_word' id='word_1_148' title='bbox 459 2084 471 2127; x_wconf 87' lang='grc' dir='ltr'><strong><em>ι</em></strong></span> 
     </span>
     <span class='ocr_line' id='line_1_21' title="bbox 217 2163 1154 2256; baseline 0 -23"><span class='ocrx_word' id='word_1_149' title='bbox 217 2172 267 2238; x_wconf 77' lang='grc'><strong><em>21.</em></strong></span> <span class='ocrx_word' id='word_1_150' title='bbox 309 2173 353 2237; x_wconf 90' lang='grc' dir='ltr'><strong><em>Τί</em></strong></span> <span class='ocrx_word' id='word_1_151' title='bbox 367 2163 431 2253; x_wconf 85' lang='grc' dir='ltr'><strong><em>γάρ</em></strong></span> <span class='ocrx_word' id='word_1_152' title='bbox 450 2165 511 2236; x_wconf 79' lang='grc' dir='ltr'><strong><em>οὐκ</em></strong></span> <span class='ocrx_word' id='word_1_153' title='bbox 531 2173 646 2255; x_wconf 75' lang='grc' dir='ltr'><strong><em>ἔμελλε</em></strong></span> <span class='ocrx_word' id='word_1_154' title='bbox 663 2175 820 2255; x_wconf 89' lang='grc' dir='ltr'><strong><em>γίνεσθαι</em></strong></span> <span class='ocrx_word' id='word_1_155' title='bbox 844 2163 880 2237; x_wconf 86' lang='grc' dir='ltr'><strong><em>τό</em></strong></span> <span class='ocrx_word' id='word_1_156' title='bbox 904 2170 964 2236; x_wconf 70' lang='grc' dir='ltr'><strong><em>τοι]</em></strong></span> <span class='ocrx_word' id='word_1_157' title='bbox 983 2164 1113 2256; x_wconf 88' lang='grc' dir='ltr'><strong><em>κόσμου</em></strong></span> <span class='ocrx_word' id='word_1_158' title='bbox 1126 2190 1154 2233; x_wconf 75' lang='grc' dir='ltr'><strong><em>ιο</em></strong></span> 
     </span>
     <span class='ocr_line' id='line_1_22' title="bbox 143 2263 1117 2358; baseline 0.004 -22"><span class='ocrx_word' id='word_1_159' title='bbox 143 2269 341 2358; x_wconf 89' lang='grc' dir='ltr'><strong><em>καθάρσιον,</em></strong></span> <span class='ocrx_word' id='word_1_160' title='bbox 359 2265 396 2337; x_wconf 88' lang='grc' dir='ltr'><strong><em>τό</em></strong></span> <span class='ocrx_word' id='word_1_161' title='bbox 412 2272 481 2339; x_wconf 89' lang='grc' dir='ltr'><strong><em>τῶν</em></strong></span> <span class='ocrx_word' id='word_1_162' title='bbox 498 2266 704 2358; x_wconf 79' lang='grc' dir='ltr'><strong><em>ἁμαρτωλῶν</em></strong></span> <span class='ocrx_word' id='word_1_163' title='bbox 722 2266 926 2358; x_wconf 79' lang='grc' dir='ltr'><strong><em>άντίψυχον,</em></strong></span> <span class='ocrx_word' id='word_1_164' title='bbox 945 2263 966 2337; x_wconf 78' lang='grc' dir='ltr'><strong><em>ό</em></strong></span> <span class='ocrx_word' id='word_1_165' title='bbox 992 2266 1034 2356; x_wconf 79' lang='grc' dir='ltr'><strong><em>θη</em></strong></span> <span class='ocrx_word' id='word_1_166' title='bbox 1058 2273 1117 2340; x_wconf 81' lang='grc' dir='ltr'><strong><em>καὶ</em></strong></span> 
     </span>
     <span class='ocr_line' id='line_1_23' title="bbox 143 2365 1133 2461; baseline 0.001 -21"><span class='ocrx_word' id='word_1_167' title='bbox 143 2365 187 2453; x_wconf 86' lang='grc' dir='ltr'><strong><em>ῶς</em></strong></span> <span class='ocrx_word' id='word_1_168' title='bbox 205 2370 374 2460; x_wconf 87' lang='grc' dir='ltr'><strong><em>πρόβατον</em></strong></span> <span class='ocrx_word' id='word_1_169' title='bbox 394 2373 446 2441; x_wconf 81' lang='grc' dir='ltr'><strong><em>ἐπὶ</em></strong></span> <span class='ocrx_word' id='word_1_170' title='bbox 472 2369 607 2460; x_wconf 80' lang='grc' dir='ltr'><strong><em>σφαγὴν</em></strong></span> <span class='ocrx_word' id='word_1_171' title='bbox 625 2368 727 2461; x_wconf 77' lang='grc' dir='ltr'><strong><em>ἤχθη,</em></strong></span> <span class='ocrx_word' id='word_1_172' title='bbox 748 2374 803 2441; x_wconf 88' lang='grc' dir='ltr'><strong><em>καὶ</em></strong></span> <span class='ocrx_word' id='word_1_173' title='bbox 822 2369 867 2452; x_wconf 89' lang='grc' dir='ltr'><strong><em>ῶς</em></strong></span> <span class='ocrx_word' id='word_1_174' title='bbox 891 2368 1011 2460; x_wconf 87' lang='grc' dir='ltr'><strong><em>άρνίον</em></strong></span> <span class='ocrx_word' id='word_1_175' title='bbox 1037 2368 1133 2458; x_wconf 86' lang='grc' dir='ltr'><strong><em>άγό-·</em></strong></span> 
     </span>
     <span class='ocr_line' id='line_1_24' title="bbox 142 2467 1118 2563; baseline 0.001 -21"><span class='ocrx_word' id='word_1_176' title='bbox 142 2501 245 2560; x_wconf 92' lang='grc' dir='ltr'><strong><em>μενον</em></strong></span> <span class='ocrx_word' id='word_1_177' title='bbox 258 2479 320 2545; x_wconf 81' lang='grc' dir='ltr'><strong><em>του</em></strong></span> <span class='ocrx_word' id='word_1_178' title='bbox 337 2473 507 2563; x_wconf 82' lang='grc' dir='ltr'><strong><em>θύεσθαι,</em></strong></span> <span class='ocrx_word' id='word_1_179' title='bbox 526 2472 631 2542; x_wconf 76' lang='grc' dir='ltr'><strong><em>ταύτά</em></strong></span> <span class='ocrx_word' id='word_1_180' title='bbox 649 2500 684 2541; x_wconf 90' lang='grc' dir='ltr'><strong><em>τε</em></strong></span> <span class='ocrx_word' id='word_1_181' title='bbox 703 2472 810 2558; x_wconf 83' lang='grc' dir='ltr'><strong><em>πάντα</em></strong></span> <span class='ocrx_word' id='word_1_182' title='bbox 828 2467 915 2560; x_wconf 69' lang='grc' dir='ltr'><strong><em>ὑπὲρ</em></strong></span> <span class='ocrx_word' id='word_1_183' title='bbox 938 2467 1035 2558; x_wconf 78' lang='grc' dir='ltr'><strong><em>ημῶν</em></strong></span> <span class='ocrx_word' id='word_1_184' title='bbox 1059 2475 1118 2543; x_wconf 81' lang='grc' dir='ltr'><strong><em>καί</em></strong></span> 
     </span>
     <span class='ocr_line' id='line_1_25' title="bbox 145 2570 1119 2662; baseline 0.004 -20"><span class='ocrx_word' id='word_1_185' title='bbox 145 2573 190 2643; x_wconf 80' lang='grc' dir='ltr'><strong><em>δι’</em></strong></span> <span class='ocrx_word' id='word_1_186' title='bbox 224 2573 325 2662; x_wconf 78' lang='grc' dir='ltr'><strong><em>ημάς;</em></strong></span> <span class='ocrx_word' id='word_1_187' title='bbox 347 2573 431 2645; x_wconf 77' lang='grc' dir='ltr'><strong><em>ὅθεν</em></strong></span> <span class='ocrx_word' id='word_1_188' title='bbox 449 2582 484 2644; x_wconf 80' lang='grc' dir='ltr'><strong><em>οῖ</em></strong></span> <span class='ocrx_word' id='word_1_189' title='bbox 498 2575 560 2661; x_wconf 73' lang='grc' dir='ltr'><strong><em>μὲν</em></strong></span> <span class='ocrx_word' id='word_1_190' title='bbox 577 2577 712 2642; x_wconf 82' lang='grc' dir='ltr'><strong><em>παλαιοὶ</em></strong></span> <span class='ocrx_word' id='word_1_191' title='bbox 730 2576 786 2642; x_wconf 82' lang='grc' dir='ltr'><strong><em>καί</em></strong></span> <span class='ocrx_word' id='word_1_192' title='bbox 804 2583 976 2660; x_wconf 82' lang='grc' dir='ltr'><strong><em>θεοφιλεῖς</em></strong></span> <span class='ocrx_word' id='word_1_193' title='bbox 994 2570 1119 2662; x_wconf 73' lang='grc' dir='ltr'><strong><em>ἄνδρες</em></strong></span> 
     </span>
     <span class='ocr_line' id='line_1_26' title="bbox 88 2672 1155 2766; baseline -0.002 -22"><span class='ocrx_word' id='word_1_194' title='bbox 88 2713 130 2763; x_wconf 69' lang='lat'><strong>(33)</strong></span> <span class='ocrx_word' id='word_1_195' title='bbox 145 2674 279 2755; x_wconf 80' lang='grc' dir='ltr'><strong><em>εἰκότως</em></strong></span> <span class='ocrx_word' id='word_1_196' title='bbox 314 2674 460 2766; x_wconf 80' lang='grc' dir='ltr'><strong><em>άπουσίᾳ</em></strong></span> <span class='ocrx_word' id='word_1_197' title='bbox 496 2678 564 2743; x_wconf 86' lang='grc' dir='ltr'><strong><em>τῶν</em></strong></span> <span class='ocrx_word' id='word_1_198' title='bbox 594 2672 794 2763; x_wconf 91' lang='grc' dir='ltr'><strong><em>κρειττόνων</em></strong></span> <span class='ocrx_word' id='word_1_199' title='bbox 828 2691 897 2756; x_wconf 83' lang='grc' dir='ltr'><strong><em>τοῖς</em></strong></span> <span class='ocrx_word' id='word_1_200' title='bbox 933 2675 1115 2763; x_wconf 88' lang='grc' dir='ltr'><strong><em>συμβόλοις</em></strong></span> <span class='ocrx_word' id='word_1_201' title='bbox 1128 2702 1155 2743; x_wconf 76' lang='grc' dir='ltr'><strong><em>οε</em></strong></span> 
     </span>
     <span class='ocr_line' id='line_1_27' title="bbox 140 2772 1113 2865; baseline 0.001 -20"><span class='ocrx_word' id='word_1_202' title='bbox 140 2793 374 2864; x_wconf 88' lang='grc' dir='ltr'><strong><em>προσανεῖχον,</em></strong></span> <span class='ocrx_word' id='word_1_203' title='bbox 393 2772 437 2856; x_wconf 87' lang='grc' dir='ltr'><strong><em>ῶς</em></strong></span> <span class='ocrx_word' id='word_1_204' title='bbox 455 2779 511 2846; x_wconf 87' lang='grc' dir='ltr'><strong><em>καὶ</em></strong></span> <span class='ocrx_word' id='word_1_205' title='bbox 530 2782 627 2845; x_wconf 82' lang='grc' dir='ltr'><strong><em>τοῦτο</em></strong></span> <span class='ocrx_word' id='word_1_206' title='bbox 652 2773 732 2846; x_wconf 81' lang='grc' dir='ltr'><strong><em>αὐτὸ</em></strong></span> <span class='ocrx_word' id='word_1_207' title='bbox 760 2772 778 2846; x_wconf 90' lang='lat'><em>5</em></span> <span class='ocrx_word' id='word_1_208' title='bbox 809 2776 919 2865; x_wconf 77' lang='grc' dir='ltr'><strong><em>σωτὴρ</em></strong></span> <span class='ocrx_word' id='word_1_209' title='bbox 944 2772 1038 2865; x_wconf 82' lang='grc' dir='ltr'><strong><em>ἡμῶν</em></strong></span> <span class='ocrx_word' id='word_1_210' title='bbox 1063 2783 1113 2846; x_wconf 81' lang='grc' dir='ltr'><strong><em>δι-</em></strong></span> 
     </span>
     <span class='ocr_line' id='line_1_28' title="bbox 141 2873 1112 2968; baseline 0.003 -24"><span class='ocrx_word' id='word_1_211' title='bbox 141 2874 256 2947; x_wconf 83' lang='grc' dir='ltr'><strong><em>θάσκει</em></strong></span> <span class='ocrx_word' id='word_1_212' title='bbox 275 2881 383 2966; x_wconf 94' lang='grc' dir='ltr'><strong><em>λέγων</em></strong></span> <span class='ocrx_word' id='word_1_213' title='bbox 404 2873 550 2948; x_wconf 73' lang='grc' dir='ltr'><strong><em>“πολλολ</em></strong></span> <span class='ocrx_word' id='word_1_214' title='bbox 565 2881 734 2968; x_wconf 78' lang='grc' dir='ltr'><strong><em>προφῆται</em></strong></span> <span class='ocrx_word' id='word_1_215' title='bbox 756 2881 812 2948; x_wconf 88' lang='grc' dir='ltr'><strong><em>καλ</em></strong></span> <span class='ocrx_word' id='word_1_216' title='bbox 838 2885 963 2949; x_wconf 80' lang='grc' dir='ltr'><strong><em>δίκαιοι</em></strong></span> <span class='ocrx_word' id='word_1_217' title='bbox 989 2879 1112 2950; x_wconf 81' lang='grc' dir='ltr'><strong><em>ἐπεθύ-</em></strong></span> 
     </span>
     <span class='ocr_line' id='line_1_29' title="bbox 138 2969 1112 3069; baseline 0 -20"><span class='ocrx_word' id='word_1_218' title='bbox 138 3001 249 3068; x_wconf 87' lang='grc' dir='ltr'><strong><em>μησαν</em></strong></span> <span class='ocrx_word' id='word_1_219' title='bbox 280 2986 367 3049; x_wconf 82' lang='grc' dir='ltr'><strong><em>ι’θεῖν</em></strong></span> <span class='ocrx_word' id='word_1_220' title='bbox 390 2974 412 3049; x_wconf 77' lang='grc' dir='ltr'><strong><em>ά</em></strong></span> <span class='ocrx_word' id='word_1_221' title='bbox 435 2969 531 3069; x_wconf 70' lang='grc' dir='ltr'><strong><em>ὑμεῖς</em></strong></span> <span class='ocrx_word' id='word_1_222' title='bbox 554 2982 708 3067; x_wconf 85' lang='grc' dir='ltr'><strong><em>βλέπετε,</em></strong></span> <span class='ocrx_word' id='word_1_223' title='bbox 734 2982 789 3050; x_wconf 81' lang='grc' dir='ltr'><strong><em>καί</em></strong></span> <span class='ocrx_word' id='word_1_224' title='bbox 821 2977 886 3050; x_wconf 83' lang='grc' dir='ltr'><strong><em>οόιι</em></strong></span> <span class='ocrx_word' id='word_1_225' title='bbox 917 2980 1026 3051; x_wconf 78' lang='grc' dir='ltr'><strong><em>εἶδον·</em></strong></span> <span class='ocrx_word' id='word_1_226' title='bbox 1054 2982 1112 3050; x_wconf 84' lang='grc' dir='ltr'><strong><em>καὶ</em></strong></span> 
     </span>
     <span class='ocr_line' id='line_1_30' title="bbox 139 3076 1113 3171; baseline 0.003 -22"><span class='ocrx_word' id='word_1_227' title='bbox 139 3079 281 3152; x_wconf 80' lang='grc' dir='ltr'><strong><em>ἀκοῦσαι</em></strong></span> <span class='ocrx_word' id='word_1_228' title='bbox 293 3079 313 3151; x_wconf 80' lang='grc' dir='ltr'><strong><em>ά</em></strong></span> <span class='ocrx_word' id='word_1_229' title='bbox 327 3077 424 3171; x_wconf 77' lang='grc' dir='ltr'><strong><em>ὑμεῖς</em></strong></span> <span class='ocrx_word' id='word_1_230' title='bbox 442 3078 591 3168; x_wconf 85' lang='grc' dir='ltr'><strong><em>άκοόετε,</em></strong></span> <span class='ocrx_word' id='word_1_231' title='bbox 603 3083 659 3150; x_wconf 83' lang='grc' dir='ltr'><strong><em>κοιλ</em></strong></span> <span class='ocrx_word' id='word_1_232' title='bbox 671 3076 733 3151; x_wconf 84' lang='grc' dir='ltr'><strong><em>οόκ</em></strong></span> <span class='ocrx_word' id='word_1_233' title='bbox 744 3078 929 3170; x_wconf 82' lang='grc' dir='ltr'><strong><em>ἥκουσαν.”</em></strong></span> <span class='ocrx_word' id='word_1_234' title='bbox 956 3086 1007 3152; x_wconf 79' lang='lat'><strong><em>22.</em></strong></span> <span class='ocrx_word' id='word_1_235' title='bbox 1017 3079 1113 3171; x_wconf 81' lang='grc' dir='ltr'><strong><em>ἡμεῖς</em></strong></span> 
     </span>
     <span class='ocr_line' id='line_1_31' title="bbox 141 3180 1151 3273; baseline 0.004 -21"><span class='ocrx_word' id='word_1_236' title='bbox 141 3185 178 3252; x_wconf 73' lang='grc' dir='ltr'><strong><em>δὲ</em></strong></span> <span class='ocrx_word' id='word_1_237' title='bbox 195 3184 235 3252; x_wconf 87' lang='grc' dir='ltr'><strong><em>τά</em></strong></span> <span class='ocrx_word' id='word_1_238' title='bbox 254 3183 367 3273; x_wconf 76' lang='grc' dir='ltr'><strong><em>άληθῆ</em></strong></span> <span class='ocrx_word' id='word_1_239' title='bbox 392 3186 446 3253; x_wconf 83' lang='grc' dir='ltr'><strong><em>καὶ</em></strong></span> <span class='ocrx_word' id='word_1_240' title='bbox 465 3188 533 3253; x_wconf 89' lang='grc' dir='ltr'><strong><em>τῶν</em></strong></span> <span class='ocrx_word' id='word_1_241' title='bbox 552 3183 693 3254; x_wconf 91' lang='grc' dir='ltr'><strong><em>είκόνων</em></strong></span> <span class='ocrx_word' id='word_1_242' title='bbox 715 3180 756 3253; x_wconf 87' lang='grc' dir='ltr'><strong><em>τά</em></strong></span> <span class='ocrx_word' id='word_1_243' title='bbox 779 3180 949 3273; x_wconf 87' lang='grc' dir='ltr'><strong><em>άρχέτυπα</em></strong></span> <span class='ocrx_word' id='word_1_244' title='bbox 973 3181 1029 3253; x_wconf 79' lang='grc' dir='ltr'><strong><em>διὰ</em></strong></span> <span class='ocrx_word' id='word_1_245' title='bbox 1051 3189 1110 3272; x_wconf 79' lang='grc' dir='ltr'><strong><em>τῆς</em></strong></span> <span class='ocrx_word' id='word_1_246' title='bbox 1126 3215 1151 3256; x_wconf 86' lang='grc' dir='ltr'><strong><em>ω</em></strong></span> 
     </span>
    </p>
   </div>
   <div class='ocr_carea' id='block_1_3' title="bbox 176 3416 1111 3479">
    <p class='ocr_par' dir='ltr' id='par_1_3' title="bbox 176 3416 1111 3479">
     <span class='ocr_line' id='line_1_32' title="bbox 176 3416 1111 3479; baseline 0.002 -15"><span class='ocrx_word' id='word_1_247' title='bbox 176 3418 207 3464; x_wconf 86' lang='grc'><strong><em>16</em></strong></span> <span class='ocrx_word' id='word_1_248' title='bbox 227 3417 330 3479; x_wconf 78' lang='lat' dir='ltr'><strong>Ga1.3,</strong></span> <span class='ocrx_word' id='word_1_249' title='bbox 352 3421 391 3468; x_wconf 83' lang='lat'><strong><em>13.</em></strong></span> <span class='ocrx_word' id='word_1_250' title='bbox 479 3420 509 3468; x_wconf 89' lang='grc'><strong><em>18</em></strong></span> <span class='ocrx_word' id='word_1_251' title='bbox 528 3420 551 3467; x_wconf 76' lang='grc'><strong><em>2.</em></strong></span> <span class='ocrx_word' id='word_1_252' title='bbox 571 3418 634 3468; x_wconf 83' lang='lat' dir='ltr'>Cor.</span> <span class='ocrx_word' id='word_1_253' title='bbox 654 3419 732 3479; x_wconf 76' lang='lat'>5,21.</span> <span class='ocrx_word' id='word_1_254' title='bbox 811 3416 1111 3472; x_wconf 76' lang='lat' dir='ltr'>27Mattl113‚17.</span> 
     </span>
    </p>
   </div>
   <div class='ocr_carea' id='block_1_4' title="bbox 0 0 1168 3818">
    <p class='ocr_par' dir='ltr' id='par_1_4' title="bbox 0 0 1168 3818">
     <span class='ocr_line' id='line_1_33' title="bbox 0 0 1168 3818; baseline 0 0"><span class='ocrx_word' id='word_1_255' title='bbox 0 0 1168 3818; x_wconf 95' lang='lat' dir='ltr'><strong><em> </em></strong></span> 
     </span>
    </p>
   </div>
  </div>
 </body>
</html>
