2326 3818
93 81 209 154 διὰτὸ
236 78 465 172 μεσημβρινὸν
483 79 614 161 σκότος·
651 85 706 151 καὶ
733 79 835 150 πόλιν
860 79 900 152 οὐ
925 77 985 164 υδξ
1006 81 1061 151 διὰ

91 185 153 274 τὴν
170 187 483 272 ἐπικαταλαβοῦσαν
500 180 640 270 ἡμέραν,
659 177 703 271 ἢν
720 183 928 270 παρέστησεν
946 187 1062 271 ἐπιση-

92 285 280 377 μηνάμενος
290 283 345 354 διδ
359 289 419 354 τοῦ
432 283 538 374 φάναι
544 280 580 354 τό
587 278 692 371 ’πρὸς
705 285 849 366 ἑσπέραν
855 291 947 353 ἔσται
961 282 1062 374 φως.”

91 396 142 472 τίς
161 384 194 457 δ’
214 382 276 457 οὐκ
293 381 337 456 ἂν
353 384 539 476 θαυμάσειε
557 387 689 475 καὶτῆς
707 391 882 475 χειμαδίου
896 382 983 474 ὥρας
1002 386 1063 474 τὴν

66 488 245 580 ιμνήμην;
262 485 306 577 ἣν
323 490 378 558 καὶ
393 484 499 576 αὐτην
514 489 692 558 ἐθέσπισεν
710 481 727 556 ὁ
747 484 842 574 λόγος
861 484 970 575 φήσας
983 482 1091 557 “καὶε

92 597 198 682 ψῦχος
216 592 272 660 καὶ
291 588 395 677 πάγος
413 584 546 660 ἐσται·”
582 583 601 659 δ’
618 591 673 658 καὶ
698 582 779 657 αὐτὸ
804 584 824 675 ἡ
844 592 902 658 τοῦ
923 586 1064 676 εὐαγγε-

93 701 169 764 λίου
191 699 358 782 μαρτυρία
382 699 598 779 συνίστησιν,
623 685 767 778 ὁπηνίκα
793 684 810 759 ὁ
830 692 957 775 Πέτρος
984 685 1064 759 ιἰκο-

93 799 232 865 λουθῶυ
254 796 302 886 τῷ
315 790 441 881 Ἰησοῦ,
466 789 704 883 περιαψάντων
728 787 841 880 πυρόν
859 795 898 889 ἐνλ
918 794 960 881 τῇ
977 786 1064 883 αὐλῇ

93 899 154 966 τοῦ
171 893 328 984 Καϊάφα,
352 892 435 982 μεταλ
457 897 525 964 τω”ν
547 890 660 963 ἄλλων
684 899 908 980 ἐθερμαίνετο.
945 891 962 961 ὁ
982 897 1066 981 γοῦν

57 1023 82 1063 ιο
93 992 247 1084 Ἰωάννης
278 996 436 1084 ἄντικρυς
471 998 528 1065 καὶ
562 1000 622 1065 τοῦ
657 993 784 1084 ψόγους
816 992 1065 1083 ἐμνημόνευσεν

97 1099 201 1170 είποδν
214 1093 447 1186 “είστήκεισαν
464 1101 499 1166 αι’
510 1100 625 1166 δοῦλοι
639 1099 742 1166 καλοί
757 1093 918 1185 ὑπηρέται
936 1093 1064 1187 ἆνθρα-
1078 1123 1130 1177 [εοη

96 1199 172 1271 κιδιν
196 1197 427 1287 πεποιηκότες,
452 1195 503 1268 ὅτι
527 1201 631 1286 ψῦχος
649 1186 710 1285 ἦν,
734 1199 789 1266 καλ
815 1202 1064 1286 ἐθερμαίνοντο.

96 1308 124 1372 7.
144 1303 201 1369 καὶ
217 1299 300 1388 πρὸς
322 1299 385 1388 μέν
402 1295 472 1387 τὴν
488 1302 577 1382 λέξιν
596 1297 750 1369 τοιούτου
772 1301 888 1381 τέλους
907 1297 1066 1389 ἐτύγχανε

94 1399 133 1469 τδ
165 1402 457 1489 προηγορευμένα,
490 1398 573 1489 πρὸς
597 1402 632 1471 δὲ
658 1398 810 1471 διάνοιαν
838 1397 875 1470 τδ
898 1407 966 1470 πᾶν
985 1399 1066 1471 Ἰου-

57 1526 81 1566 ιι
95 1506 201 1569 δαίων
219 1507 331 1588 ἔθνος,
350 1506 410 1572 τοῦ
423 1508 590 1590 σωτηρίου
601 1501 711 1592 φωτὸς
725 1500 838 1582 αὐτοῖς
858 1500 1068 1591 ἐπιλοίμψανὲ

93 1629 166 1691 τος,
186 1599 299 1672 αὐτῶν
316 1629 352 1672 τε
368 1605 496 1691 μᾶλλον
512 1602 549 1672 τδ
568 1601 684 1684 σκότος
703 1598 723 1691 ἢ
740 1604 777 1673 τὸ
795 1607 866 1692 φῶς
886 1605 1066 1692 ἑλομένων,
1081 1647 1092 1675 ε

96 1698 196 1774 τοῦθ’
215 1700 298 1793 ὅπερ
321 1707 377 1774 καὶ
396 1710 523 1776 εἵλοντο
546 1711 715 1795 μετῆλθεν
733 1704 870 1794 αὐτοὺς,
895 1703 1067 1794 ιἰναχωρή-

97 1830 216 1887 σαντος
234 1806 297 1894 μέν
315 1801 427 1876 αὐτων
444 1813 504 1877 τοῦ
517 1805 639 1895 φωτὸς,
659 1805 883 1897 διαλαβοόσης
894 1807 931 1876 δέ
945 1802 1068 1888 αὐτους

97 1906 216 1988 νυκτὸς
234 1903 419 1997 ολφεγγοῠς,
439 1915 672 1999 σκοτισθείσης
691 1907 804 1979 αὐτων
826 1916 883 1998 τῆς
903 1915 1065 1999 διανοίας,

61 2035 85 2075 ιο
99 2007 180 2096 πρὸς
197 2006 234 2078 τό
251 2008 297 2097 μὴ
316 2007 496 2097 διαυγάσαι
513 2005 571 2080 τὸν
594 2008 768 2099 φωτισμόν
791 2017 851 2080 τοῦ
870 2008 1068 2098 εὐαγγελίου

100 2114 136 2180 ἐν
153 2126 225 2190 ταῖς
242 2116 396 2200 καρδίαις
415 2105 543 2200 αὐτῶν,
562 2109 647 2182 ιἰλλαλ
660 2113 716 2181 καὶ
731 2120 893 2200 ψυγείσης
910 2117 968 2199 τῆς
986 2110 1068 2198 πρὸς

97 2207 157 2280 τόν
173 2209 257 2282 θεὸν
274 2209 404 2300 ιἰγολπης
422 2208 551 2302 αὐτῶν,
570 2211 610 2283 τὰ
625 2210 776 2301 σύμβολα
792 2211 920 2284 τούτων
934 2212 1068 2294 είκότως

99 2316 253 2400 ἐτελεῖτο,
274 2311 459 2403 ἐπληροῦτό
475 2341 511 2383 τε
525 2317 599 2403 ἑξῆς
612 2313 653 2385 τδι
669 2317 728 2403 τῆς
741 2312 967 2404 προρρήσεως,
985 2312 1068 2384 κατὰ

97 2413 160 2501 τὴν
177 2413 311 2485 τοιάνδε
328 2418 387 2503 τῆς
404 2422 570 2504 σωτηρίου
590 2420 783 2505 ἐπιφανείας
801 2414 928 2504 ἡμέραν
945 2411 1068 2498 ὕδατος

61 2541 87 2582 25
101 2519 220 2599 ζῶντος
239 2514 432 2599 ἐξελθόντος
451 2520 484 2600 ἐξ
497 2515 723 2609 Ἰερουσαλὴμ,
744 2524 791 2599 είς
804 2515 913 2587 πάντα
925 2515 965 2587 τολ
983 2526 1069 2605 ἔθνη

99 2615 324 2707 προελθόντος
337 2626 398 2689 τοῦ
410 2625 552 2708 γονίμου
565 2623 621 2689 καὶ
633 2626 771 2704 ζωτικοῦ
785 2616 886 2706 λόγου
899 2623 957 2706 τῆς
973 2617 1067 2708 εὐαγ·
1083 2649 1096 2691 d

99 2725 231 2807 γελικῆς
258 2725 491 2807 διδασκαλίας,
516 2718 703 2811 ἀρξαμένου
728 2721 790 2809 μὲν
813 2717 878 2790 ιἰπδ
907 2726 966 2807 τῆς
986 2720 1069 2792 Ἰου-

102 2825 215 2909 δαίας,
234 2824 289 2890 καὶ
310 2824 342 2904 ἐξ
361 2817 463 2909 αὐτῆς
480 2850 518 2907 γε
536 2825 593 2911 τῆς
607 2819 832 2911 Ἰερουσαλὴμ,
852 2824 1070 2902 διαδοθέντος

15 2923 18 2928 ’
101 2922 139 2992 δέ
158 2930 205 3002 είς
223 2926 335 2992 πᾶσαν
357 2920 420 3011 τὴν
442 2927 524 3012 γῆν,
550 2925 605 2993 καλ
624 2931 671 3003 είς
689 2921 797 2994 πάντα
821 2919 860 2993 τοὶ
884 2925 941 3010 τῆς
960 2929 1068 2992 οίκου·

61 3026 202 3113 δοῗμένης
229 3026 364 3112 πέρατα.
407 3030 437 3095 8.
456 3022 575 3096 τούτου
601 3025 638 3094 δέ
662 3028 722 3095 τοι]
744 3021 865 3104 ὕδατος
890 3026 945 3094 καὶ
970 3019 1069 3104 αὐτὸς

170 3260 199 3306 11
219 3259 263 3308 Jo.
280 3258 374 3320 18,18.

151 3356 290 3392 αυεαεῐοε
309 3357 357 3394 111.
848 3339 893 3403 42
