2326 3818
125 111 190 176 πο
535 113 682 166 Emmn

99 280 112 320 ο
128 262 175 336 είς
198 247 348 323 θάνατον
372 250 650 342 παραδιδόμενον.
699 258 750 322 40.
771 242 810 323 εῦ
833 252 870 322 δέ
893 252 975 323 καθ’
997 253 1106 350 ἡμᾶς,

127 351 171 436 ῦς
189 350 209 442 ἡ
227 361 294 424 τῶν
312 353 515 445 πραγμάτων
529 352 604 438 ὄψις
618 358 859 442 ἐπιδείκνυσιν,
879 362 926 436 είς
941 354 1005 426 δῦο
1024 358 1106 450 τρό-

126 483 209 538 πους
227 461 295 526 νῦν
313 459 389 545 περὶ
412 463 471 526 τοῦ
490 461 635 546 Χριστοῦ
659 453 876 546 προρρήσεων
900 461 1106 550 διαιρουμέ-

125 589 196 629 νων
213 555 253 628 τά
270 559 332 647 μὲν
349 555 633 646 ἀνθρωπινώτεροι
651 560 706 627 καὶ
725 554 912 646 σκυθρωπά
930 560 1017 629 κατά
1036 562 1105 652 τὴν

125 665 290 751 προτέραν
307 655 422 747 ἀφιξιν
440 659 545 728 αὐτοῦ
558 664 799 749 πεπληρῶσθαι
815 655 1040 751 ὁμολογεῖται,
1060 662 1129 735 τάε

127 762 156 833 δ’
180 759 376 850 ἐνδοξότεροι
404 762 458 828 καὶ
483 758 637 849 θειότερα
662 763 762 831 είσέτι
785 766 849 832 νῦν
867 767 1103 849 προσδοκᾶται

124 862 208 935 κατά
225 862 287 950 τὴν
308 863 468 949 δευτέραν
491 858 594 932 αῦτοῦ
618 869 814 951 παρουσίαν.
856 867 907 931 41.
925 857 1104 950 ἀπόδειξις

127 967 164 1035 δὲ
188 969 245 1051 τῆς
269 965 429 1051 προτέρας
454 960 631 1052 ἐναργὴςὴ
652 967 684 1046 ἐξ
711 959 869 1034 ἀπάντων
893 968 963 1033 τών
982 968 1102 1038 ἐθνῶν

127 1072 174 1144 είς
198 1071 296 1152 ἔργον
318 1061 496 1155 χωρήσασα
521 1063 566 1134 δι’
593 1063 697 1135 αῦτοῦ
722 1061 980 1152 θεογυωσία,“
957 1095 1001 1154 ην
1022 1074 1099 1138 δια-

126 1163 238 1255 φόρως
256 1173 372 1254 μυρίαι
390 1174 586 1250 θεσπίζουσι
604 1168 805 1256 προφητικαὶ
824 1168 953 1254 φωναὶ,
980 1190 1098 1260 ωσπερ
1110 1198 1136 1239 ιο

126 1257 189 1338 οῦν
206 1265 301 1336 καὶ
284 1298 304 1356 η
312 1273 503 1390 παροῦσα,
530 1258 618 1337 δι’
595 1296 634 1354 ης
653 1265 801 1357 είρηται
804 1256 859 1336 οῦ
882 1279 1041 1360 εἴπομεν,
1063 1275 1100 1342 ἐν

125 1373 167 1460 τῇ
184 1372 262 1462 σκιᾷ
280 1365 382 1440 αῦτου
368 1367 566 1459 ζησόμεθα
586 1373 623 1439 ἐν
639 1386 708 1449 τοις
727 1364 875 1439 ἔθνεσι”

60 1650 114 1705 (191)
306 1618 385 1690 ‘And
403 1629 460 1708 τῆς
478 1619 610 1711 πρώτης
627 1624 695 1691 τών
712 1624 908 1691 Βασιλειών.

194 1747 315 1815 Χριστὸς
328 1743 464 1816 ὀνομαστὶ
478 1744 533 1803 ῦτδ
547 1751 648 1815 κυρίου
662 1750 712 1803 τοῦ
725 1743 833 1816 πατρὸς
845 1742 1028 1821 ῦψοῦμενοςη
1128 1760 1131 1767 “

197 1868 346 1962 ’Ἳίῦριος
369 1871 473 1962 ἀνέβη
499 1880 546 1955 είς
576 1869 759 1961 οῦρανοῦς,
790 1876 846 1943 καὶ
877 1871 1135 1969 ἐβρόντησεν,σ

126 1972 224 2055 αὐτὸς
247 1992 358 2062 κρινεῖ
380 1971 465 2061 ἀκρα
482 1981 558 2063 γῆς,
583 1977 639 2043 καὶ
659 1973 758 2044 δώσει
780 1972 877 2063 ίσχῦυ
902 1991 971 2058 τοῖς
998 1976 1098 2065 βασιὲ

124 2077 240 2143 λεῦσιυ
257 2073 368 2162 ἡμῶν,
388 2078 444 2144 καὶ
461 2073 591 2158 ῦψώσει
609 2078 707 2165 κέρας
726 2081 871 2164 Χριστοῦ
891 2074 1033 2148 αῦτοῦ.”

200 2179 251 2245 42.
280 2173 346 2263 Τὴν
365 2183 411 2257 είς
429 2174 594 2266 οῦρανοῦς
612 2175 881 2248 ἀποκατάστασιν
899 2167 1000 2259 αὖθις
1018 2177 1097 2251 ὀνο-

124 2278 223 2364 μαστὶ
236 2285 296 2347 τοῦ
304 2282 450 2368 Χριστοῦ
462 2275 483 2367 ἢ
497 2282 552 2349 καὶ
562 2283 648 2348 θεοῦ
663 2276 759 2367 λόγος
775 2281 966 2367 ἐπινοεῖται,
980 2278 1045 2368 τήν
1058 2310 1098 2353 τε

125 2375 323 2460 ἐξάκουστον
342 2388 484 2469 βροντης
509 2387 607 2468 δίκην
626 2387 673 2462 είς
691 2376 840 2462 ἅπαντας
870 2386 1135 2455 διδασκαλίανεο

96 2478 244 2570 οαῦτοῦ,
269 2484 324 2550 καὶ
341 2480 404 2568 τὴν
421 2479 501 2570 μετά
519 2485 622 2549 ταῦτα
640 2485 868 2571 γενησομένην
886 2477 991 2551 αῦτοῦ
1008 2484 1096 2554 κατὰ
1159 2492 1161 2499 '

124 2579 259 2651 πάντων
277 2590 389 2671 κρίσιν
406 2581 427 2669 ἡ
445 2590 524 2651 θεία
542 2581 655 2669 γραφη
673 2589 832 2667 θεσπίζει.
865 2586 939 2670 ἑξῆς
959 2582 996 2652 δέ
1013 2583 1094 2655 τοῦ·

120 2711 188 2763 τοις
205 2679 304 2763 αὐτὸς
322 2681 340 2750 ὁ
359 2680 474 2770 κύριος
498 2680 621 2751 δώσειν
645 2682 741 2771 ίσχῦν
760 2685 889 2770 λέγεται
906 2699 975 2763 τοῖς
992 2691 1095 2773 βασι-

120 2787 236 2851 λεῦσιν
253 2778 357 2870 ημωυ.
390 2773 481 2852 οῦτοι
502 2778 573 2851 δ”
554 2811 597 2852 αν
616 2782 685 2852 εἷεν
698 2812 730 2853 οι
723 2781 998 2855 ἀπόστολοιτου
986 2788 1093 2874 Χρ-ι

120 2886 200 2951 στοῦ
208 2884 312 2972 ,περι
332 2912 380 2952 ων
398 2888 517 2971 έχεις’
502 2913 538 2954 εν
556 2882 603 2967 ξζ
625 2889 753 2978 Ψαλμῷ
776 2883 833 2955 τὸ
836 2883 963 2974 κῦριος
987 2883 1133 2957 δωσειεε

119 2987 207 3105 ῥῦμα
224 3001 292 3064 τοις
312 2980 612 3074 εῦαγγελιζομένοις
631 2985 771 3075 δυνάμει
790 2983 929 3076 πολλῇ.”
953 2991 1004 3056 43.
1026 2983 1093 3057 κάν

121 3081 227 3178 τούτῳ
248 3085 283 3153 δὲ
290 3091 435 3175 Χριστοῦ
448 3082 606 3175 ὀνομαστὶ
620 3087 835 3177 μνημονεύει,
852 3091 912 3158 τοῦ
929 3085 1013 3157 κατὰ
1030 3088 1093 3167 τὸν

119 3183 307 3275 ἀνθρωπον
332 3190 517 3276 νοουμένου
541 3194 688 3278 σωτῆρος
717 3187 829 3278 ἡμῶν,
861 3180 902 3260 οῦ
927 3185 963 3258 τὸ
989 3192 1092 3280 κέρας

192 3420 437 3484 ιωεωηω
541 3421 737 3484 ωωωμι
836 3415 840 3421 ’
