2326 3818
355 119 540 169 DEMONST.
560 119 694 170 EVANG.
711 121 744 170 v.
764 121 789 167 4.
991 117 1053 180 315

86 257 221 338 εἰκότως
250 255 304 326 διά
327 254 385 327 τὸν
403 246 444 326 οῦ
461 259 557 345 φέρει
578 255 738 343 ὁμοίωσιν
756 256 855 325 εἰκάν
872 284 909 326 τε
934 254 1054 345 άνηγό-

86 388 201 449 ρευται
218 365 278 428 τοῦ
296 355 440 445 ἀοράτου
463 359 549 426 θεοῦ
573 364 782 426 θεοποιεῑταί
797 385 832 426 τε
850 355 932 442 πρὸς
951 357 1053 429 αὐτοῦ

86 463 147 531 τοῦ
164 457 304 548 πατρός,
331 457 419 528 οὕτω
445 454 602 544 πεφυκὼς
621 454 682 544 τὴν
700 455 835 544 οὐσίαν,
855 454 1001 528 αῦτόθεν
1019 490 1054 530 τε

87 558 151 631 άπὸ
171 559 302 650 πράτης
320 558 493 649 ὑπάρξεως
512 555 678 646 φυσικην,
706 554 781 626 άλλ’
801 555 863 627 οῦκ
882 563 1056 645 ἐπίκτητον

61 663 148 751 τεὴν
167 660 280 732 εἰκόνα
297 664 357 732 τοῦ
382 659 505 749 πατρὸς
524 657 735 748 ἐπαγόμενος.
763 665 822 728 ’11.
845 657 896 729 διό
915 662 971 727 καί
989 660 1056 747 φῦ-

87 787 138 834 σει
155 760 235 844 θεὸς
253 759 338 852 ὁμοῦ
355 765 411 833 καί
429 761 612 851 μονογενὴς
630 758 703 843 υἰὸς
722 755 770 830 τόν
787 759 960 850 τυγχάνει,
980 758 1056 849 οὐχὶ

88 866 125 937 δὲ
143 863 263 956 ὁμοίως
280 881 349 946 τοῖς
364 870 492 948 ἔξωθεν
507 861 769 953 εἰσποιοῦμενος,
789 860 1056 952 ἐπισυμβεβηκός

85 996 121 1037 τε
150 967 186 1037 τὸ
216 963 344 1056 ἀξίωμα
368 970 427 1054 της
449 970 509 1036 τοῦ
532 969 619 1036 θεοῦ
641 971 864 1055 προσηγορίας
889 966 1055 1053 ἐπέχουσι,

85 1067 173 1157 πλὴν
205 1075 235 1139 εἰ
264 1071 319 1139 καὶ
351 1068 453 1155 φύσει
478 1066 660 1156 μονογενὴς
683 1067 756 1146 υίὸς
780 1068 835 1135 καί
858 1065 937 1147 θεὸς
961 1066 1056 1156 ἡμῶν

47 1198 72 1238 10
86 1167 343 1258 άνευφημεῖται,
368 1166 452 1238 ἀλλὰ
475 1167 537 1256 οῦχ
560 1167 578 1237 ὁ
597 1171 727 1255 πρῶτος
744 1167 841 1254 θεὸς,
869 1173 998 1256 πρῶτος
1018 1169 1054 1237 δὲ
1072 1196 1084 1236 ι

86 1277 145 1339 τοῦ
164 1273 249 1339 θεοῦ
265 1267 448 1358 μονογενὴς
466 1267 539 1349 υίὸς
565 1271 620 1338 καὶ
635 1266 691 1336 διά
702 1270 799 1337 τοῦτο
813 1268 903 1348 θεός.
936 1275 984 1338 12.
1000 1273 1056 1339 καί

86 1369 165 1440 ὅλον
183 1397 222 1457 γε
239 1377 336 1439 τοῦτο
355 1382 463 1440 αἰτιον
475 1365 519 1440 άν
534 1382 585 1456 εἰη
599 1374 658 1439 τοῦ
673 1371 728 1438 καὶ
742 1365 845 1438 αὐτὸν
860 1369 947 1439 εἰναι
960 1369 1056 1455 θεὸν,

86 1470 121 1540 τό
145 1469 250 1560 μόνον
277 1470 363 1540 εἰναι
387 1469 487 1559 φύσει
517 1478 576 1541 τοῦ
600 1477 684 1540 θεοῦ
712 1467 789 1539 υἰόν
813 1472 868 1538 καὶ
892 1477 1056 1558 μονογενῆ

86 1581 311 1662 χρηματίζειν,
339 1574 394 1641 καί
413 1569 450 1642 τὸ
471 1570 517 1641 δι’
538 1571 619 1641 ὅλου
637 1569 753 1654 στάζειν
771 1575 831 1641 τοῦ
848 1570 954 1660 μόνου
972 1575 1057 1640 θεοῦ

49 1700 73 1741 15
87 1673 148 1762 την
166 1682 316 1763 ἔμψυχον
333 1676 388 1742 καί
412 1677 521 1757 ’ζῶσαν
545 1671 666 1762 νοεράν
692 1671 821 1759 εἰκόνα,
846 1671 929 1743 κατά
947 1670 1055 1742 πάντα

86 1779 134 1867 τῷ
162 1778 262 1865 πατρὶ
292 1777 596 1864 παρωμοιωμὲνην,
627 1778 683 1862 της
710 1772 867 1859 θεότητός
893 1802 928 1844 τε
953 1770 1055 1860 αὐτῆς

85 1874 146 1965 τὴν
177 1875 337 1966 ὁμοίωσιν
370 1879 623 1966 ἐπιφερομένην.
669 1881 717 1945 13.
743 1874 848 1964 ταῦτη
878 1881 1056 1962 τοιγαροῦν

86 1982 142 2047 καὶ
161 1977 266 2048 αὐτὸν
291 1974 335 2058 ῦς
359 1973 403 2048 άν
426 1977 530 2066 μόνον
549 1976 626 2048 υἰόν
644 1979 700 2046 καὶ
717 1976 821 2066 μόνον
844 1974 957 2046 εἰκόνα
975 1974 1056 2045 ὄντα

87 2082 147 2148 τοῦ
164 2084 248 2149 θεοῦ
266 2082 323 2148 καὶ
341 2082 399 2165 της
418 2074 602 2166 άγεννήτου
616 2081 672 2149 καὶ
692 2077 839 2166 ἄναρχον
856 2085 914 2148 τοῦ
932 2078 1055 2169 πατρὸς

49 2176 203 2260 εοοῦσίας
226 2177 282 2258 τάς
310 2181 469 2268 δυνάμεις
487 2178 569 2249 κατά
586 2178 623 2248 τὸ
650 2178 861 2266 παράδειγμα
884 2183 942 2267 τῆς
966 2176 1080 2268 ὁμουι

88 2278 199 2359 ω’σεως
218 2283 518 2368 περιβεβλημένον,
537 2278 604 2349 ὑπό
621 2307 657 2349 τε
675 2284 734 2348 τοῦ
749 2278 884 2349 πάντων
902 2309 1055 2368 τεχνικω-

87 2379 188 2451 τάτου
206 2382 262 2449 καὶ
280 2379 567 2467 πανεπιστημονος
586 2378 763 2469 ζωγράφου
777 2407 813 2447 τε
827 2383 882 2447 καὶ
897 2385 1057 2461 ζωοποιοῦ

89 2481 211 2572 πατρὸς
236 2489 284 2564 εἰς
308 2479 344 2552 τό
372 2489 419 2550 ἔτι
442 2479 577 2571 άκριβὲς
605 2486 663 2569 της
686 2477 873 2567 ὁμοιώσεως
897 2476 1057 2566 άπειργα-

89 2587 229 2673 σμένον,
254 2582 337 2654 θεὸν
363 2581 496 2663 εἰκότως
522 2589 558 2651 οἰ
578 2595 667 2652 θεῖοι
691 2578 934 2671 ἀναγορεύουσι
952 2578 1055 2667 λόγοι,

49 2711 74 2748 25
89 2681 132 2767 ὡς
151 2688 206 2754 καί
223 2684 345 2774 ταύτης
362 2682 443 2774 μετά
460 2688 528 2756 τῶν
545 2682 657 2755 άλλων
671 2680 761 2769 παρά
777 2677 971 2771 τοῦπατρὸς
989 2679 1057 2767 ἠξι-

89 2788 218 2872 ωμένου
235 2791 293 2873 τῆς
311 2793 553 2875 προσηγορίας,
573 2784 732 2875 εἰληφότα
749 2812 802 2872 τε,
821 2780 895 2853 ἄλλ’
915 2779 976 2852 οῦκ
996 2790 1057 2852 ἰδι-

88 2884 227 2972 όκτητον
245 2882 350 2973 αῦτὴν
375 2885 542 2975 ἐσχηκότα.
587 2891 635 2955 14.
653 2883 671 2956 ὁ
689 2886 752 2973 μὲν
776 2884 839 2972 γάρ
862 2891 1019 2971 δίδωσιν,
1039 2881 1055 2952 ὁ

90 2987 127 3056 δὲ
145 2984 323 3075 λαμβάνει·
353 2985 436 3056 ὥστε
453 2993 578 3072 κυρίως
592 2989 646 3056 καὶ
658 2991 716 3057 ἕνα
732 2989 861 3058 ἐκείνου
875 2986 961 3056 εἶναι
974 2984 1058 3055 θεὸν
1073 3015 1085 3053 α

89 3091 144 3158 καί
169 3086 273 3176 μόνον
299 3087 362 3176 μὲν
379 3089 434 3156 καί
461 3085 563 3176 φύσει
586 3085 666 3157 ὅντα
690 3086 812 3175 καὶμὴ
838 3086 918 3175 παρ’
944 3087 1056 3175 ἑτέρου

50 3188 251 3278 ιολαβόντα,
285 3186 342 3258 τόν
368 3190 405 3259 δὲ
428 3193 496 3260 τῶν
522 3194 722 3275 δευτερείων
744 3185 909 3275 ἠξιῶσθαι
942 3190 998 3255 καὶ
1021 3215 1056 3255 το

88 3290 172 3360 θεὸν
197 3290 282 3361 εἰναι
307 3288 453 3378 λαβόντα
477 3289 566 3378 παρὰ
590 3293 650 3359 τοῦ
672 3288 795 3378 πατρὸς
820 3296 926 3376 ἔχειν,
953 3284 998 3367 [ὃς
1016 3283 1059 3358 άν

91 3390 202 3461 εἰκόνα
212 3397 272 3461 τοῦ
285 3396 381 3480 θεοῦ,
400 3394 476 3481 μιάς
491 3389 542 3460 ἐπ’
564 3387 690 3480 άμφοῑν
704 3386 786 3459 κατά
799 3386 835 3459 τό
849 3387 1058 3479 παράδειγμα
