2326 3818
121 112 181 175 112
487 151 492 161 .
523 111 673 164 Ευειιιιιι

93 258 190 340 εφώς
215 248 462 342 διερμηνεύων,
488 252 544 321 καλ
568 249 632 337 τήν
654 256 765 322 αἰτίαν
787 253 846 339 τῆς
863 245 1089 336 ἆποπτσέσεως

119 349 231 424 αὐτῶν
254 351 423 444 ποριστής.
472 354 589 442 ἐπειδή
623 352 686 444 γὰρ
722 355 782 424 τοῦ
808 356 956 441 σωτήρος
991 351 1088 445 ήμῶν

121 453 336 538 διδάσκοντος
355 457 392 526 έν
410 452 524 537 αὐτοῖς
541 451 745 578 ἆκρήσαντες
765 451 826 526 ὦσέ
848 460 999 538 διανοίας
1023 454 1088 529 οὐκ

118 554 279 648 ἥκουσαν,
299 554 380 628 οὐδὲ
399 560 552 646 συνῆκαν
575 553 663 639 ὅστις
680 547 740 647 ήν,
769 554 896 640 ἰδόντες
922 554 1023 628 δὲ’
981 556 1087 630 αυτὸν

119 658 240 751 σαρκὸς
268 655 474 750 ὀφθαλμοῖς,
499 675 568 739 τοῖς
598 660 656 746 της
683 665 789 747 ψυχῆς
824 654 864 730 οὗ
895 662 1113 751 τεθέανται,ε

113 757 314 852 “ε’πιὶχννιὶν
331 787 367 830 τε
392 763 522 830 ἑαυτῶν
546 755 607 848 τήν
631 766 792 849 καρδίαν,
815 761 869 830 καὶ
904 765 1086 885 μονονουχὶ

117 862 193 946 τούς
219 859 418 951 ὀφθαλμοὺς
441 864 499 948 της
524 867 716 942 διανοίας”
698 885 844 952 εμυσαν,
869 861 984 983 κμὶ
949 892 989 933 τα
1016 892 1086 985 φτα

118 959 322 1054 ἐβάρυναυ,”
349 991 394 1044 ως
418 984 523 1052 φησιν
553 957 574 1053 ή
604 970 806 1055 προφητεία,
835 960 958 1035 τούτου
986 962 1086 1058 χάριν

119 1061 400 1154 έρημωθήσεσθαι
419 1060 532 1136 αὐτῶν
549 1087 631 1154 φησι
650 1064 708 1147 τὰς
725 1062 838 1149 πόλεις
856 1065 946 1157 παρὰ
976 1068 1014 1138 τὸ
1038 1067 1085 1158 μὴ

89 1201 103 1240 ι
118 1178 356 1255 κατοικεῖσθαι,
375 1168 431 1236 καὶ
449 1164 510 1257 τήν
527 1169 593 1256 γήν
610 1164 814 1256 γενήσεσθαι
832 1172 974 1258 ἔρημον,
999 1177 1086 1260 βρα-
1098 1197 1122 1241 ιι

116 1284 185 1358 χεϊς
205 1272 243 1340 δέ
259 1298 351 1351 τινας
370 1272 403 1352 ἐξ
422 1263 535 1341 αὐτῶν
552 1266 884 1358 ὑπολειφθήσεσθαι,
911 1276 1012 1359 δίκην
1029 1300 1084 1362 μο-

116 1377 216 1460 νίμον
241 1373 297 1441 καὶ
326 1367 482 1463 ζωπύρου
508 1373 695 1494 σπέρματρς
722 1374 1020 1463 πεφυλαγμένους,
1052 1383 1089 1445 οἳ

116 1475 171 1542 και
190 1481 236 1555 εἰς
254 1472 381 1554 πάντας
399 1472 623 1563 προελθόντες
651 1468 855 1564 ανθρώπονς
878 1474 1086 1566 πληθυνθή-

116 1587 237 1646 σεσθαι
256 1577 369 1645 έπὶ
329 1603 387 1662 της
405 1578 466 1664 γῆς
478 1576 640 1698 λέγρνται.
666 1580 716 1645 86
724 1573 813 1664 πλήν
831 1571 915 1645 ἄλλα
933 1579 989 1647 καὶ
1000 1577 1085 1668 μετὰ

114 1673 177 1764 τήν
194 1673 342 1764 πρόοδον
357 1673 486 1746 τούτων
509 1671 621 1747 αὐτῶν
646 1677 774 1801 δηλαδή
798 1680 865 1749 τῶν
888 1673 1120 1753 ἆποστόλωνισ

115 1781 175 1846 τοῦ
201 1779 349 1868 σωτῆρος
382 1772 478 1866 ήμων
507 1785 555 1848 έτι
585 1780 691 1867 φησὶν
716 1774 769 1848 ἐπ’
794 1776 895 1868 αὐτῆς
918 1784 977 1869 τῆς
1003 1777 1083 1854 ’Iov-

117 1884 215 1961 δαίας
227 1876 336 1970 χώρας
354 1878 572 1968 διαμεῖναι
540 1908 577 1949 το
596 1881 802 2002 ἐπιδέκατον,
816 1883 871 1951 καὶ
883 1911 964 1971 μετα
976 1886 1082 1956 ταῦτα

114 1971 217 2060 αὖθις
236 1986 375 2050 ἔσεσθαι
394 1977 516 2060 αὐτοὺς
540 1987 587 2062 εἰς
611 1980 783 2071 προνομήν
807 1980 851 2063 ὡς
874 1985 1083 2076 τερέβινθος,

114 2083 172 2149 καὶ
191 2109 234 2161 ως
252 2079 433 2168 βαλανος“
415 2109 496 2152 οταν
513 2083 694 2175 έκπέση
655 2111 713 2170 της
735 2081 844 2173 θήκης
868 2082 979 2175 αὐτῆς
1016 2115 1084 2157 πα-

113 2187 245 2273 ρίστησι
264 2181 356 2272 δὲ,“
333 2213 377 2266 ως
401 2182 504 2272 οἶμαι,
524 2182 580 2254 δια
603 2181 732 2255 τούτων
751 2213 769 2307 ρ
788 2182 944 2309 λόγος,”
925 2215 975 2256 οτι
999 2187 1119 2310 μετδιυ

116 2283 178 2373 τήν
190 2311 326 2376 πρωτην
335 2281 566 2375 πολιορκίαν
545 2316 587 2376 ην
606 2315 689 2357 κατα
705 2284 782 2368 τούς
800 2293 868 2358 τῶν
885 2283 1084 2364 αποστόλοιν

114 2383 256 2478 χρόνους
281 2390 335 2458 καλ
365 2386 448 2458 κατὰ
471 2385 642 2478 Ῥωμαίων
668 2385 896 2479 αὐτοκράτορα
921 2386 1082 2464 Οὐεσπα-

57 2515 100 2567 (n)
115 2487 232 2560 σιανδν
250 2495 460 2580 ἱστοροῦνται
478 2492 698 2577 πεπονθέναι,
713 2480 815 2572 αὖθις
833 2492 887 2561 ἐπὶ
903 2486 1083 2584 Ἀδριανοῦ

114 2589 272 2681 δεύτερον
300 2592 580 2680 πολιορκηθέντες
610 2595 780 2674 παντελῶς
813 2603 998 2684 ελρχθησαν
1020 2600 1083 2669 τοῦ

111 2689 227 2780 τόπον,
247 2688 291 2773 ὠς
320 2693 405 2782 μηδε
428 2720 488 2762 τον
520 2689 665 2779 έδαφους
694 2697 752 2781 τής
771 2687 985 2787 Ιερουσαλήμ
1009 2701 1080 2770 ἐπι·
1065 2724 1117 2769 -εσ

114 2799 247 2879 βαίνειν
262 2797 509 2885 ἐπιτρέπεσθαι
534 2790 673 2866 τοῦτοδ
689 2784 753 2867 οὖν
771 2795 997 2888 αἰνιττόμενός
1014 2829 1084 2891 φη·

112 2888 200 2963 σιν“
209 2896 265 2964 και
289 2893 391 2966 παλιν
416 2903 509 2966 ἔσται
533 2903 580 2979 εἰς
606 2896 779 2989 προνομήν
803 2927 848 2980 ως
871 2902 1080 3026 τερέβινθος,

113 2996 169 3064 καὶ
187 2993 369 3083 βαλανος“
351 3025 431 3068 οταν
450 3000 573 3091 έκπέση
593 3002 680 3069 έκ
641 3027 699 3088 της
716 2996 825 3089 θήκης
842 2998 972 3090 αὐτής.”

189 3095 270 3166 87.
273 3095 360 3168 ’Καὶ
379 3106 469 3171 ἔσται
488 3102 524 3170 έν
542 3128 582 3191 τη
571 3100 707 3194 ἡμέρα
726 3103 855 3192 ἐκείνη,
879 3102 1042 3192 θρεψει”
1019 3135 1077 3176 αν·

112 3209 247 3289 θρωπος
268 3197 412 3290 δάμαλιν
429 3206 521 3291 βοῶν
538 3205 592 3274 καὶ
619 3202 680 3275 δύο
707 3200 873 3295 πρόβατα·
897 3207 954 3276 καὶ
985 3213 1114 3279 ἔσταιτι

111 3363 313 3377 ——0—

179 3436 194 3482 6
212 3434 259 3483 Εε.
279 3436 304 3499 6,
327 3437 366 3485 10.
472 3439 504 3488 17
522 3437 569 3487 Es.
589 3439 613 3502 6,
629 3440 670 3491 13.
774 3439 807 3489 29
825 3439 872 3492 Es.
893 3441 916 3500 7,
931 3441 971 3490 21.
