2326 3818
306 133 492 185 υωαοαευ.
511 134 646 186 Evam.
659 136 708 186 lx.
723 137 763 185 16.
963 136 1025 200 613

54 271 173 361 στήρια
190 278 248 360 τής
265 278 454 360 βασιλείας,
479 276 619 353 ἐκείνοις
644 273 681 342 δὲ
704 269 745 344 οά
770 274 932 346 δέδοται.”
970 275 1026 346 διά

54 378 152 445 τοῦτο
171 378 207 445 ἐν
223 381 430 461 παραβολαῖς
447 368 562 454 αάτοῑς
579 377 681 462 λαλῶ,
699 381 756 445 ἵνα
778 379 958 463 βλέποντες
981 377 1042 468 μή

55 478 205 565 βλέπωσι
222 478 278 547 καί
299 472 477 556 ἀκούοντες
490 472 707 566 μήάκοάωσι,
721 474 767 566 μή
781 503 861 547 ποτε
877 480 1026 570 ἐπιστρέ-

56 594 164 666 ψωσι,
187 580 243 649 καί
262 576 407 666 ίάσωμαι
424 572 575 658 αὖτούς.”
614 582 646 647 4.
673 577 746 648 τότε
770 575 952 669 ἐπληρώθη
971 576 1025 651 ἐπ’

28 677 169 762 ιαάτοῑς
194 679 216 768 ἡ
239 686 423 769 προφητεία
435 676 574 750 Ἡσαΐου
597 677 618 769 ἡ
645 682 787 768 λέγουσα
805 675 1025 769 “πορεάθητι,

54 784 110 853 καὶ
130 781 225 852 εἷπον
242 785 290 874 τῷ
307 784 377 874 λαῶ
395 778 521 874 τούτῳ,
539 777 623 874 ἀκοή
640 780 816 871 ἀκούσετε,
842 785 898 853 καί
921 778 962 852 οὐ
980 780 1025 870 μή

55 879 197 972 συνῆτε”
215 886 272 953 καί
289 889 329 953 τὰ
346 881 476 965 τούτοις
495 886 579 974 ἑξῆς.
621 882 768 974 ἐπιτήρει
793 886 831 954 δέ
853 891 928 955 τίνα
952 881 1024 970 τρό-

55 1012 120 1057 πον
137 981 328 1074 ὁἸωάννης
353 983 467 1073 ἐπάγει
491 987 599 1073 λέγων
611 981 739 1057 “ταῶτα
763 987 858 1058 εἶπεν
876 982 1025 1072 Ἠσαίας,

54 1086 110 1159 ὅτε
128 1087 199 1158 εἶδε
221 1085 284 1175 τήν
310 1084 411 1169 δόξαν
429 1082 544 1174 αάτοῦ,
562 1089 618 1157 καλ
638 1087 778 1176 ἐλάλησε
795 1091 871 1177 περὶ
891 1084 1025 1175 αὖτοῦ,”

17 1216 43 1257 ιο
56 1185 100 1271 ῶς
123 1187 181 1259 τὸν
204 1187 349 1278 Χριστὸν
373 1185 556 1278 ἑωρακότος
580 1191 636 1258 καί
664 1187 726 1278 τήν
750 1194 897 1277 Χριστοῦ
926 1189 1028 1273 δόξαν

55 1293 117 1360 του
134 1287 310 1378 προφήτου
328 1287 411 1358 κατὰ
428 1287 490 1376 τήν
503 1286 669 1360 ὀπτασίαν
687 1294 724 1361 ἐν
736 1281 759 1380 ᾖ
772 1297 899 1380 έφησεν
911 1287 1028 1361 “εἶδον

56 1390 120 1487 τὸν,
133 1387 253 1479 κύριον
270 1388 426 1476 Σαβαῶθ
446 1389 640 1480 καθήμενον
664 1395 718 1462 ἐπὶ
740 1391 870 1482 θρόνου
894 1390 1027 1480 ὑψηλοῦ
1037 1421 1092 1473 (455)

57 1496 114 1563 καί
133 1486 337 1581 έπηρμένου”
356 1493 413 1560 καὶ
429 1488 470 1562 τά
488 1494 572 1581 ἑξῆς.
601 1497 629 1563 5.
646 1500 696 1575 τίς
714 1489 747 1564 δ’
768 1491 830 1564 οὐκ
847 1487 890 1564 ἀν
909 1496 1027 1563 ἐκπλα-

56 1601 130 1683 γείη
148 1591 210 1682 τήν
227 1591 413 1684 πρόρρησιν
431 1595 579 1683 ἐναργῶς
597 1592 702 1676 οὕτως
722 1598 823 1666 εἰσέτι
848 1600 914 1666 νῦν
938 1593 1029 1685 δρῶν

18 1722 42 1764 ιι
55 1700 124 1766 τῶν
143 1698 179 1765 ἐκ
196 1699 374 1784 περιτομῆς
391 1691 453 1783 τήν
471 1701 519 1776 είς
537 1695 682 1785 Χριστὸν
699 1693 873 1783 ἀπιστίαν;
892 1699 949 1767 καὶ
967 1695 1027 1766 πά-

57 1808 112 1868 λαι
136 1798 198 1887 μέν
220 1796 284 1887 γὰρ
308 1799 595 1887 ἐνανθρωποῶντα
618 1802 674 1868 καί
697 1802 1028 1889 παραδοξοποιοῦντα

58 1904 96 1970 ἐν
114 1897 227 1982 αὐτοῖς
245 1897 388 1992 ὁρῶντες
406 1896 528 1988 αὐτῶν,
545 1898 735 1990 ὀφθαλμοῖς
753 1905 861 1990 ψυχῆς
879 1902 934 1970 καὶ
953 1907 1029 1970 δια-

57 2008 151 2084 νοίας
175 1998 323 2092 ὄμμασιν
348 1999 411 2071 οὐκ
436 2005 599 2092 ἐθεῶντο,
623 2000 706 2074 οὐδέ
726 2031 775 2084 τις
799 1994 843 2092 ἦν
861 2007 898 2074 ἐν
916 2000 1029 2082 αὐτοῖς
1076 2070 1077 2075 ,

56 2111 176 2193 νοερᾶς
196 2101 413 2192 ἐνθυμήσεως
435 2101 551 2193 ὅρασις
575 2113 623 2185 είς
645 2103 682 2175 τὸ
708 2106 861 2176 συνιέναι
883 2112 934 2187 τίς
953 2100 1028 2175 ποτ’

19 2231 45 2270 ιο
58 2203 124 2293 ἀρα
141 2195 184 2294 ήν
201 2204 222 2293 ή
239 2202 280 2275 τά
297 2207 441 2275 τοσαῦτα
459 2206 515 2282 καὶ
529 2210 711 2293 τηλικαῦτα
723 2211 1031 2295 θαυματουργονσα

59 2310 95 2377 ἐν
119 2303 232 2389 αὐτοῖς
255 2303 405 2394 δυ’ναμις.
447 2311 475 2374 6.
500 2302 585 2374 ἀλλά
612 2308 668 2374 καλ
694 2303 820 2387 αὐταῖς
834 2304 950 2387 ἀκοαῖς
972 2306 1029 2397 βή-

57 2437 144 2498 ματα
162 2414 245 2497 ζωής
271 2412 410 2477 αἰωνίου
435 2410 596 2490 δέξασθαι
622 2409 860 2496 κατηξιωμένοι
884 2409 940 2476 καλ
959 2436 1057 2495 φω-ι)

57 2515 119 2599 νής
149 2512 271 2581 ἐνθέου
301 2516 421 2597 σοφίας
451 2506 657 2600 ἀκροῶμενοι
688 2504 750 2578 ῶσί
781 2514 933 2590 διανοίας
967 2502 1028 2577 οὐκ

57 2609 200 2702 ήκονον,
226 2606 270 2693 ῶς
289 2611 426 2699 ἐναργὲς
442 2613 534 2693 τέλος
552 2614 735 2700 ἐπαγαγεῖν
752 2605 877 2691 αάτοδς
891 2616 931 2700 τῇ
949 2635 1028 2698 προ-

19 2741 47 2782 ω
58 2721 188 2806 φητείμ.
219 2719 246 2785 λ.
272 2716 328 2783 καὶ
348 2721 394 2794 είς
412 2718 515 2802 δεῦρο
534 2717 571 2783 δε
588 2712 650 2802 τήν
668 2720 788 2784 ἔνθεον
805 2715 864 2783 τοῦ
883 2714 1030 2804 Χριστοῦ

60 2814 217 2905 δύναμιν,
237 2811 283 2884 δι’
302 2805 341 2903 ἧς
359 2822 427 2886 πῶν
444 2820 540 2905 γένος
557 2811 752 2905 ἀνθρώπων
769 2812 960 2904 ἀποστήσας
975 2819 1031 2900 τής

58 2925 202 3007 πατρίου
233 2921 496 3006 δεισιδαιμονίας
526 2911 717 3004 ἀπηγάγετο
746 2921 787 3006 τῇ
818 2914 891 2986 κατ’
928 2912 1031 2987 αῶτὸν

58 3027 251 3111 θεοσεβείᾳ,
270 3021 417 3107 ἐναργῶς
433 3016 537 3098 οὕτως
551 3020 801 3107 ἐμφαινομένην
813 3016 957 3105 ὁρῶντες
971 3015 1030 3086 οὐ·

61 3125 173 3211 δαμῶς
192 3124 373 3209 ἐφεστῶσιν
389 3127 430 3211 τῇ
449 3126 581 3209 διανοίᾳ
595 3115 671 3189 οὐδ’
688 3118 926 3208 ἐπιβάλλουσιν
939 3116 1029 3196 ὅπως
1046 3175 1050 3181 ,

19 3254 46 3295 ω
58 3223 95 3293 τὸ
112 3220 194 3312 μήτε
209 3233 330 3294 Μωσεί
346 3219 428 3312 μήτε
444 3239 513 3302 τοῖς
529 3217 612 3311 μετά
625 3225 755 3292 Μωσέα
772 3218 956 3310 προφήταις
975 3219 1030 3288 ἐπὶ

59 3323 174 3414 μόνων
192 3320 304 3394 αὐτῶν
322 3323 560 3410 κατορθωθέν,
585 3325 682 3392 τοῦτο
708 3321 750 3409 δή
777 3319 876 3410 τὸμὴ
895 3325 1035 3390 είδωλοι

61 3435 195 3517 λατρεϊν
217 3426 302 3516 μηδέ
325 3429 367 3517 τῇ
390 3427 549 3520 πολνθέφ
571 3425 747 3515 προσέχειν
771 3421 901 3518 πλάνη,
936 3421 1056 3493 τουτί
