2326 3818
73 97 251 187 καταφυγή
267 128 346 188 μου,
363 99 419 169 καὶ
433 95 557 187 ῥύστης
570 126 646 187 μου.
678 102 728 166 33.
744 93 761 167 ὁ
775 96 857 179 θεός
869 127 946 187 μου,
965 106 1043 187 βοη-

72 199 135 282 θός
153 228 235 289 μου,
263 202 319 270 καὶ
343 203 446 269 ἐλπιῶ
472 196 523 268 ἐπ’
551 194 672 287 αύτόν,
699 195 948 288 ὖπερασπιστὴς
966 230 1042 290 μου,

73 304 130 371 καί
143 303 240 391 κε’ρας
254 307 419 390 σωτηρίας
432 329 509 390 μου,
528 301 585 370 καὶ
598 295 808 389 ἀντιλήπτωρ
822 298 920 387 μον.”
946 328 1043 372 κατα-

73 405 227 474 λέλοιπεν
244 393 306 473 οὖυ
323 398 462 473 αύτόυὸ
482 401 617 491 ίσχνρδς
635 398 757 489 αὐτοῦ,
775 399 923 489 θελήσας
941 399 1045 473 αύτὸυ

45 501 187 594 ε”μίχρι
205 505 356 575 θανάτον
370 506 427 574 καὶ
433 501 585 574 θανάτου
599 498 767 592 σταυρού”
783 512 973 591 κατελθεῖν,
987 506 1044 573 καὶ

70 612 131 676 τοῦ
149 604 275 694 κόσμον
293 605 418 688 παντὸς
431 603 553 694 λύτρον
570 608 626 675 καί
640 600 825 694 ἀντίψνχον
838 602 1045 694 ἀποδειχθη-

73 736 146 796 ναι,
172 708 228 778 καὶ
252 706 440 799 καθάρσιον
462 708 624 797 γενέσθαι
639 710 698 795 της
715 709 784 777 των
801 713 849 786 είς
866 703 971 776 αὐτὸν
988 733 1045 775 πι-

73 807 287 881 στενσάντων
304 813 397 899 ζωης.
438 813 490 880 34.
510 803 528 879 ὁ
548 809 587 879 δὲ
609 806 731 878 αὐτίκα
753 806 842 898 μάλα
859 806 1068 880 συναισθό-ε

71 938 171 999 μενος
188 914 247 999 τῆς
265 915 388 982 ἐνθέου
405 914 462 982 καὶ
478 914 640 999 πατρικῆς
663 913 806 999 βουλῆς,
831 908 990 997 διαγνούς
1010 938 1046 979 τε

31 1042 59 1081 ιο
73 1017 104 1081 εί
120 1019 178 1080 καί
198 1040 248 1092 τις
272 1010 371 1094 ἀλλος
394 1010 436 1082 τά
460 1023 550 1082 αίτια
572 1015 633 1081 τοῦ
657 1020 921 1101 καταλελεῖφθαι
940 1007 1044 1081 αὐτὸν

72 1110 139 1182 ὑπὸ
158 1115 219 1182 τού
236 1112 371 1202 πατρὸς,
391 1119 440 1183 ἐτι
453 1111 540 1183 πολὺ
554 1115 657 1183 πλέον
671 1116 896 1183 ἐταπείνωσεν
911 1110 1043 1199 ἑαυτὸν,

72 1214 129 1283 καὶ
141 1209 200 1284 τὸν
212 1211 298 1301 ὑπὲρ
311 1212 408 1304 ἡμῶν
420 1211 572 1286 θάνατου
584 1220 691 1304 πολλῇ
703 1216 745 1303 τῇ
753 1221 927 1304 προθυμίᾳ
935 1240 1045 1303 περιε·

71 1313 191 1403 βάλετο
210 1313 367 1404 “ἐγένετύ
389 1342 425 1385 τε
447 1313 466 1384 ὁ
487 1313 651 1403 πανάγιος
675 1317 731 1385 καὶ
756 1313 933 1403 εὐλογητὸς
957 1310 1043 1403 ὑπὲρ

71 1411 167 1505 ἡμῶν
184 1416 327 1507 κατάρα,
346 1420 402 1488 καὶ
419 1413 437 1487 ὁ
454 1412 500 1506 μὴ
517 1416 619 1506 γνοὺς
636 1415 805 1504 διμαρτίανΙ
814 1413 969 1504 ἁμαρτία,
988 1423 1045 1487 ἵνα

32 1545 60 1587 ιε
72 1513 167 1607 ἡμεῖς
184 1516 362 1609 γενοίμεθα
381 1516 579 1608 δικαιοσύνη
597 1521 681 1589 θεοῦ
701 1520 737 1587 ἐν
756 1514 880 1610 αύτῷ.”
916 1523 967 1587 35.
987 1520 1074 1587 καλε

73 1626 121 1690 ἔτι
138 1612 221 1710 πρὸς
233 1617 361 1702 τούτοις
373 1618 431 1702 τάς
444 1618 604 1709 ἡμετέρας
618 1617 780 1709 ἁμαρτίας
793 1616 1045 1708 ἀναμαξόμενος

73 1720 293 1812 ἐστανρύθη,
310 1719 329 1793 δ
348 1726 448 1813 ἐχρῆν
465 1716 551 1812 ἡμᾶς
568 1719 646 1802 τοὺς
658 1722 740 1808 πρὶν
756 1716 889 1807 ἀσεβεῖς
906 1733 1044 1808 παθεῖν,

71 1821 258 1913 ἀντίψνχον
281 1819 376 1913 ἡμῶν
402 1827 458 1896 καὶ
485 1821 684 1913 ἀντίλυτρον
702 1824 941 1915 γεγενημένος,
961 1818 1041 1891 ὥστ’

73 1916 116 1990 ἀν
143 1921 289 2012 εὐλόγως
314 1933 423 1996 εἰπεῖν
447 1924 532 2015 ἡμᾶς
555 1925 592 1995 τὸ
611 1923 819 2014 προφητικὸν
838 1919 963 2007 “αύτός
987 1922 1045 2006 τάς

32 2050 59 2092 εν
72 2021 234 2111 ἁμαρτίας
251 2019 347 2112 ἡμῶν
370 2030 485 2115 φέρει,
509 2027 661 2110 καὶπερὶ
679 2024 775 2113 ἡμῶν
792 2021 970 2112 ὀδυνάται,
989 2029 1045 2095 καὶ

73 2122 173 2209 αὐτὸς
191 2129 441 2213 ἐτρανματίσθη
457 2124 513 2194 διά
529 2121 587 2207 τάς
605 2119 766 2212 ἁμαρτίας
779 2120 895 2212 ἡμῶν,
914 2127 970 2194 καί
987 2153 1044 2212 με·

72 2223 272 2315 μαλάκισται
296 2222 352 2296 διά
374 2223 432 2306 τάς
455 2221 595 2315 ἀνομίας
618 2221 729 2314 ἡμῶν,
755 2230 812 2295 ἵνα
835 2227 883 2316 τῷ
905 2223 1044 2313 μύλωπι

74 2325 177 2398 αὐτοῦ
194 2322 289 2417 ἡμεῖς
309 2331 468 2417 ίαθῶμευ.
513 2324 628 2417 κύριος
644 2324 708 2416 γάρ
726 2327 923 2414 παρέδωκεν
941 2323 1043 2397 αύτόν

72 2446 145 2510 ταῖς
172 2425 347 2519 ἁμαρτίαις
368 2423 497 2519 ἡμῶν.”
546 2433 597 2499 36.
623 2426 741 2515 διόπερ
765 2425 810 2509 ὡς
837 2431 1044 2517 παραδοθεὶς

32 2555 60 2595 ιε
74 2529 140 2600 ὑπὸ
150 2529 343 2620 τοῦπατρὸς
356 2533 412 2602 καὶ
425 2532 646 2621 μαλακισθεὶς
656 2529 779 2613 καὶτὰς
792 2527 931 2619 ἀνομίας
948 2527 1045 2618 ἡμῶν

72 2629 281 2721 ἀνειληφώς,
301 2632 345 2714 ὡς
363 2632 533 2721 πρόβατον
551 2636 605 2702 ἐπὶ
623 2631 759 2722 σφαγὴν
771 2630 872 2721 ἤχθη.
904 2629 1045 2724 συνᾴδει

11 2765 16 2774 ·
71 2730 200 2814 τούτοις
218 2728 309 2802 καὶὸ
327 2728 510 2815 ἀπόστολος
528 2737 637 2821 λέγων
650 2728 708 2816 “ὅς
725 2761 764 2822 γε
781 2740 841 2804 τοῦ
859 2740 950 2804 ίδίον
967 2739 1046 2804 νίού

73 2831 136 2903 οὐκ
160 2837 332 2923 ἐφείσατο,
357 2830 432 2904 ἀλλ’
457 2829 544 2923 ὑπὲρ
570 2829 666 2924 ἡμῶν
684 2833 822 2905 πάντων
848 2837 1045 2924 παρέδωκεν

74 2931 209 3008 αύτύν.”
252 2940 305 3006 37.
325 2939 431 3006 κινῶν
455 2936 493 3006 δέ
515 2930 601 3025 ἡμᾶς
626 2938 680 3006 ἐπὶ
698 2935 832 3025 ζήτησιν
855 2943 913 3024 τῆς
937 2942 1044 3014 αἰτίας

144 3203 326 3268 5Phil.2‚8.
431 3205 462 3253 13
481 3201 582 3264 Gal.3‚
597 3205 636 3253 13.
673 3203 697 3251 2.
711 3202 773 3255 Cor.
787 3203 810 3260 5,
824 3204 866 3255 21.

77 3271 265 3336 19Es.53‚4.
369 3273 402 3320 27
420 3271 497 3321 Rom.
510 3271 535 3334 8,
548 3272 592 3324 32.
