2326 3818
309 111 496 166 DEMONST
514 109 761 163 EVANG.111.2.
965 111 1027 175 153

56 258 116 340 τῆς
137 244 296 341 ἡμετέρας
323 258 440 333 κακίας
463 248 652 373 τραύματα,
675 258 722 345 τῷ
751 248 893 374 μω’λωπι
922 250 1027 322 αὐτοῦ

59 355 236 478 ιάθῶμεν.
258 351 366 422 καὶ
331 381 372 423 τα
389 363 452 443 μὲν
469 363 561 422 αίτια
575 381 624 423 ων
641 379 708 475 παρ
716 348 935 441 ’ἀνθρώποις
953 381 1027 424 πει-

57 478 151 525 σεται
175 451 192 523 ὁ
218 451 446 544 ἀναμάρτητος
469 460 575 525 ταῦτα
600 443 658 543 ἦν
697 449 870 524 Ἰουδαίων
898 455 935 523 δὲ
957 460 1026 525 τῶν

56 554 117 627 τὸν
138 553 291 627 θάνατον
314 554 405 650 αὐτῷ
429 558 734 646 συσκευασαμένων
752 554 854 627 οὐδὲν
866 549 1026 645 ῦπιδόμε

30 686 117 778 51103
133 660 152 728 δ
169 656 358 747 θαυμάσιος
371 655 541 749 προφήτης
557 655 745 749 διαρρήδην
763 655 954 784 ιἰπελέγχει,
969 660 1025 728 και
1041 688 1054 727 b

56 763 156 831 τοῦτο
184 789 342 850 αντικρυς
372 758 570 883 σχετλιηιζων
596 761 652 829 καὶ
681 758 839 849 λέγων
842 755 924 829 ’ἀπὸ
958 789 1026 830 των

57 861 207 952 ἀνομιῶν
224 890 284 932 τον
272 865 385 932 λαοῦ
402 891 468 951 μου
485 859 575 952 ἤχθη
594 869 641 944 είς
659 858 838 933 θῦνατον.”

134 968 185 1035 59.
226 959 300 1034 Εἶτ’
327 964 400 1034 ἐπεὶ
429 967 630 1054 παραχρῆμα
654 966 711 1033 καὶ
734 960 796 1034 οῦκ
824 971 871 1045 είς
894 992 1025 1054 μακραν

57 1095 138 1155 μετα
156 1063 218 1155 τὴν
235 1065 319 1136 κατὰ
335 1094 395 1136 του
379 1069 559 1154 Χριστοῦ
584 1063 748 1154 τόλμαν“
733 1094 751 1135 ο
775 1063 939 1154 παντελὴς
964 1061 1026 1135 αῦ-

18 1198 44 1238 ιο
56 1168 309 1256 τοὺςμετῆλθεν
320 1165 461 1258 ὄλεθρος
475 1169 758 1257 πολιορκηθέντας
770 1162 837 1236 ὑπὸ
844 1162 1025 1256 Ῥωμαίων,

57 1267 261 1340 οὐδὲτοῦτο
286 1268 440 1358 παριδών
468 1272 611 1359 ἐπιλέγει
636 1263 721 1338 “nal
746 1266 844 1340 δώσω
868 1268 944 1349 τοῦς
967 1296 1025 1338 πο-

57 1368 181 1462 νηροῦς
204 1367 281 1442 ἀντὶ
303 1375 361 1460 της
390 1377 499 1461 ταφης
523 1367 627 1443 αῦτοῦ
654 1373 710 1440 καὶ
735 1369 814 1451 τοῦς
843 1377 1025 1453 πλουσίους

56 1469 131 1545 ἀντὶ
149 1476 209 1543 τοῦ
225 1470 379 1544 θανάτου
396 1469 530 1544 αῦτοῦ.”

23 1654 25 1660 Α
133 1580 185 1645 69.
204 1570 324 1663 Ἤρκει
347 1575 409 1663 μὲν
435 1565 497 1646 οῦν
521 1577 574 1644 ἐπὶ
605 1572 734 1656 τούτοις
758 1571 939 1663 ἐπιγράψαι
963 1573 1025 1662 τὴν

18 1704 43 1746 ιι
57 1684 278 1767 προφητείαν,
299 1683 330 1746 εί
346 1679 453 1765 μηδέν
470 1708 501 1748 τι
519 1680 622 1747 πλέον
640 1683 777 1747 ἔσεσθαι
791 1675 873 1764 μετὰ
886 1675 948 1760 τὴν
965 1679 1025 1745 τοῦ

56 1781 205 1871 Χριστοῦ
221 1776 382 1866 τελευτὴν
405 1777 509 1869 ἑώρα·
535 1781 606 1849 ἐπεὶ
627 1779 665 1848 δὲ
682 1774 764 1848 ὅσον
788 1775 883 1848 οῦπω
908 1785 1023 1867 ἔμελλε
1037 1805 1078 1855 ιιι)

56 1878 138 1970 μετα
160 1881 223 1968 τὴν
246 1876 405 1968 τελευτὴν
430 1875 450 1969 ἢ
476 1878 558 1969 μετῦ
586 1877 648 1968 τὴν
675 1879 786 1968 ταφὴν
811 1890 1053 1950 παλινοστεῑνι

57 1984 112 2053 καὶ
127 1978 305 2071 ἀναβιοῦν,
324 1989 372 2052 ἔτι
386 1985 463 2071 περὶ
482 1978 586 2053 αῦτοῦ
596 1983 652 2052 καὶ
667 1989 772 2053 ταῦτα
789 1988 1025 2072 προστίθησιν,

59 2086 133 2173 ἑξῆς
152 2084 315 2172 ἐπιλέγων
340 2079 425 2154 “nal
443 2081 558 2174 κύριος
575 2082 731 2172 βούλεται
754 2091 939 2174 καθαρίσαι
963 2078 1026 2152 αὖ·

17 2183 117 2254 ωτδν
134 2188 191 2274 τῆς
207 2188 354 2274 πληγῆς·
386 2183 444 2256 ἐὰν
470 2189 556 2256 δῦτε
578 2188 654 2274 περὶ
680 2184 858 2276 ἁμαρτίας,
889 2184 910 2274 ἡ
936 2182 1026 2274 ψυχὴ

58 2283 155 2375 ῦμῦν
170 2283 287 2369 ὄψεται
310 2289 440 2378 σπέρμα
463 2285 656 2377 μακρόβιον.
698 2291 754 2358 καὶ
778 2285 933 2377 βούλεται
968 2285 1025 2357 κῦ-

59 2416 130 2478 ριος
147 2383 321 2476 ῦφελεῐν’
304 2386 370 2459 από
388 2394 447 2459 τοῦ
465 2386 572 2461 πόνου
589 2393 647 2477 τῆς
664 2392 772 2478 ψυχῆς
783 2386 899 2474 αὐτοῦ,
918 2391 1025 2468 δεῖξαι

58 2488 150 2584 αὐτῷ
166 2487 266 2578 φως”

134 2597 185 2663 61.
209 2589 393 2681 Ἀνωτερον
417 2587 560 2663 είπων’
570 2588 751 2682 ἅνθρωπος
776 2595 813 2662 ἐν
836 2593 947 2680 πληγῇ
965 2619 1024 2679 ων,

16 2720 43 2763 ω
56 2696 113 2764 καὶ
132 2690 230 2775 είδως
248 2696 367 2818 φέρειν
389 2702 574 2819 μριλακίμν,
600 2700 665 2766 νῦν
688 2692 770 2785 μετὰ
793 2693 852 2765 τὸν
874 2691 1026 2764 θάνατον

58 2794 164 2867 αὐτοῦ
188 2795 299 2866 καὶ
261 2823 324 2884 την
341 2825 463 2886 ταφην,
483 2794 608 2886 κύριος,
627 2800 727 2887 φησὶ,
747 2794 903 2886 βούλεται
916 2807 1026 2866 καθα-
1104 2829 1112 2843 ·

57 2906 149 2987 ρι’σαι
168 2895 273 2968 αὐτὸν
290 2901 347 2988 τῆς
365 2895 523 2989 πληγῆς.”
550 2902 606 2969 καὶ
619 2904 689 2980 πῶς
703 2905 811 2985 ἔσται;
834 2893 852 2921 “
863 2898 922 2968 ἐὰν
941 2902 1025 2968 δῦτε

55 2998 172 3091 (φησὶ)
190 3002 266 3089 περὶ
291 2994 469 3091 ἁμαρτίας,
488 2996 508 3091 ἡ
527 2998 617 3089 ψυχὴ
634 2994 731 3090 ῦμῦν
754 2998 871 3084 ὄψεται
895 3002 1053 3087 σπέρμαι

55 3098 270 3192 μακρόβιον.”
314 3108 365 3174 62.
388 3099 427 3173 οῦ
445 3106 527 3173 πᾶσι
543 3103 608 3192 γὰρ
628 3105 756 3189 ἐφεῖται
779 3100 816 3172 τὸ
842 3098 1026 3190 μακρόβιον

16 3231 43 3273 ω
59 3208 119 3274 τοῦ
141 3207 291 3292 Χριστοῦ
308 3206 440 3294 σπέρμα
464 3211 620 3275 συνιδεῖν
642 3199 663 3292 ἢ
682 3202 795 3293 μόνοις
819 3219 887 3282 τοῖς
911 3203 1024 3289 ἐξομο-

126 3439 158 3488 19
176 3438 222 3492 Es.
235 3439 281 3500 53,
296 3440 335 3487 10.
