2326 3818
130 139 194 205 ωε
388 133 390 138 ’
534 141 684 194 wfflffl

126 276 185 350 “n‘
198 308 255 369 μοι
272 283 401 370 πλῆθος
419 283 487 351 τῶν
503 285 638 351 θυσιῦν
653 278 789 371 ῦμῦν;”
818 285 872 352 ἐπὶ
896 279 959 370 τὴν
977 288 1101 373 ἔρημον

101 423 112 451 c
131 386 190 452 τοῦ
205 377 374 471 Ἰορδάνου
387 385 601 472 μετατίθεικε
613 381 675 471 τὴν
688 379 791 466 δόξαν
803 387 860 471 τῆς
873 381 1100 475 Ἰερουσαλὴμ,

130 486 188 572 τῆς
205 481 277 554 κατ’
295 482 470 571 εὐσέβειαν
483 480 616 573 άγοιγῆς
630 480 692 554 οῦκ
707 487 760 554 ἐπὶ
773 481 1002 576 Ἰερουσαλὴμ,
1022 482 1095 556 ἀλλ’

132 587 185 654 ἐπὶ
215 590 273 673 τῆς
305 584 430 676 ἐρήμου
460 595 696 657 συντελεῖσθαι
727 582 911 676 ἀρξαμένης
941 583 1007 657 άπὸ
1033 591 1109 666 τοῖν,

128 683 284 759 Ἰωάννου
314 686 454 778 χρόνων.
504 694 533 757 8.
553 684 712 768 ὡσαύτως
741 688 777 757 δὲ
807 690 864 757 καὶ
889 685 910 775 ἡ
933 686 1011 777 τιμὴ
1041 692 1122 760 τοῦτ

129 788 234 879 νόμον
252 793 321 858 τῶν
329 815 365 858 τε
380 786 452 858 κατ’
474 785 577 858 αῦτδν
591 787 866 880 σσματικοάτερον
878 803 1100 880 νενομοθετη-

129 894 242 978 μίνων
260 890 394 958 δίδοται
411 892 452 980 τῇ
470 888 580 984 ἐρήμῳ
598 896 658 961 τοῦ
673 886 843 979 Ἰορδάνου
863 890 919 959 διά
936 888 999 979 τὴν
1016 889 1101 962 άπο-

130 997 294 1061 δοθεῖσαν
324 996 452 1080 αἰτίαν,
489 989 539 1061 ὅτι
568 989 681 1081 μηκέτ’
716 994 769 1062 ἐπλ
801 991 862 1079 τὴν
884 985 1100 1083 Ἰερουσαλὴμ

130 1093 363 1180 προσέφευγον
380 1096 415 1162 ολ
429 1095 488 1181 της
505 1093 588 1163 κατά
605 1091 718 1183 ψυχὴν
734 1099 917 1180 θεραπείας
936 1093 1100 1184 δεόμενοι,

129 1188 214 1263 άλλά
232 1195 286 1262 ἐπὶ
303 1190 366 1281 τὴν
382 1191 628 1284 ὀνομαζομένην
646 1201 785 1284 ἔρημον,
804 1197 862 1281 τοῖς
881 1198 918 1265 ἐν
936 1190 1022 1286 αὐτῇ
1040 1225 1100 1286 κη-
1112 1222 1135 1264 ιο

101 1297 330 1385 ορυττομάνης
346 1291 504 1384 4άφίσεας
532 1303 601 1367 τῶν
627 1293 871 1386 ἁμαρτημάτων
901 1299 1025 1368 ἕνεκεν.
1070 1304 1099 1367 9.

129 1396 219 1486 οἶμαι
238 1396 277 1467 δὲ
293 1399 350 1467 καλ
366 1400 428 1467 τοῦ
445 1403 593 1488 σωτῆρος
609 1392 705 1486 ἡμῶν
721 1395 783 1485 τὴν
802 1400 856 1467 ἐπὶ
874 1394 911 1467 τδ
929 1397 1101 1487 βάπτισμα

128 1505 318 1589 παρουσίαν
337 1502 526 1587 δηλοῦσθαι
541 1498 597 1570 διά
609 1505 669 1569 τοῦ
683 1496 763 1569 “καλ
780 1492 798 1568 ὁ
813 1497 891 1579 λαός
905 1527 970 1587 μου
982 1497 1101 1583 ὄψεται

128 1599 190 1692 τὴν
209 1599 310 1683 δόξαν
328 1608 448 1689 κυρίου
472 1603 527 1671 καὶ
550 1598 587 1671 τὸ
612 1597 697 1686 ῦιγος
713 1604 772 1671 τοῦ
791 1595 907 1670 θεοῦ.”
944 1598 1019 1672 τότε
1035 1600 1101 1691 γάρ

128 1703 184 1771 καὶ
199 1699 300 1791 ὤφθη
318 1708 378 1771 τοῦ
394 1709 541 1793 σωτῆρος
558 1698 655 1792 ἡμῶν
672 1699 693 1789 ἡ
713 1700 793 1786 δόξα
805 1696 883 1772 “ὅτε
900 1705 1102 1789 βαπτισθεὶς
1114 1727 1136 1770 ιι

26 1865 27 1868 ,
128 1800 233 1891 άνέβη
250 1798 315 1873 άπὸ
333 1808 393 1874 τοῦ
410 1800 549 1890 ὕδατος,
567 1806 622 1873 καλ
640 1799 863 1897 ἀνεῴχθησαν
881 1799 972 1896 αὐτῷ
990 1809 1026 1874 ολ
1041 1800 1102 1875 οῦ-

128 1907 244 1994 ρανοὶ,
262 1907 319 1974 καλ
338 1905 406 1975 εἶδε
423 1902 466 1974 τδ-
478 1909 612 1993 πνεῦμα
628 1908 688 1974 τοῦ
701 1907 788 1974 θεοῦ
800 1903 1101 1991 καταβαῖνονὼσεὶ

128 2002 347 2092 περιστεράν,
371 2009 428 2074 καὶ
444 2007 547 2091 μένον
566 2001 621 2075 ἐπ’
642 2002 752 2076 αὐτόν.
794 2001 849 2074 ὅτε
872 2008 928 2075 καλ
946 2003 1045 2094 φωνὴ
1065 2010 1102 2078 ἐκ

128 2109 197 2174 τῶν
214 2100 371 2192 οὐρανῶν
393 2101 546 2195 ἠκούσθη
569 2109 729 2195 λέγουσα,
753 2095 850 2188 οῦτός
876 2110 966 2176 ἐστιν
990 2102 1103 2190 ὁυίάς

128 2234 194 2296 μου
210 2200 228 2276 δ
247 2203 432 2296 άγαπητδς,
453 2211 489 2278 ἐν
507 2198 535 2302 ῦ
551 2203 755 2298 ηῦδόκησα.”
790 2214 838 2277 10.
859 2203 943 2277 άλλά
961 2212 1017 2278 καὶ
1036 2217 1150 2292 πᾶςεο

128 2306 146 2379 ὁ
164 2317 310 2398 γνησίως
330 2312 383 2380 ἐπὶ
401 2307 437 2380 τδ
452 2315 512 2381 τοῦ
526 2314 668 2402 λουτροῦ
680 2307 812 2400 παρισδν
825 2308 1020 2398 μυστήριον,
1039 2309 1104 2399 τὴν

128 2413 206 2501 περὶ
223 2417 284 2482 τοῦ
302 2416 449 2501 Χριστοῦ
466 2410 672 2504 παραλαβών
689 2421 887 2500 θεολογίαν,
913 2408 975 2499 τὴν
1000 2409 1104 2494 δόξαν

131 2508 236 2585 αῦτοῦ
252 2512 427 2602 θεάσεται,
447 2517 551 2596 λέξων
568 2510 612 2585 άν
628 2513 749 2603 ὁμοίως
765 2519 812 2607 τῷ
831 2511 958 2604 Παύλῳ
972 2507 1029 2582 “εί
1044 2517 1102 2584 καὶ

131 2612 325 2703 ἐγνώκαμεν
355 2612 438 2684 κατά
467 2612 575 2701 σάρκα
597 2612 758 2702 Χριστὸν,
790 2612 875 2683 άλλά
900 2616 966 2683 νῦν
988 2611 1102 2685 οὐκέτι

130 2711 370 2802 γινάσκομευ.”
552 2743 553 2746 ’
1113 2739 1139 2783 ει

60 2983 116 3035 (τοι)
419 2947 500 3022 Ἀπδ
517 2956 577 3023 τοῦ
600 2954 742 3041 Ψαλμοῦ
761 2948 805 3020 θ’.

206 3098 265 3160 Vll.
286 3079 347 3156 “‘O
371 3093 534 3157 κατοικῶν
565 3090 602 3157 ἐν
632 3093 776 3179 βοηθείᾳ
805 3089 865 3157 τοῦ
889 3082 1035 3166 ὑψίστου
1064 3089 1102 3155 ἐν

130 3190 236 3278 σκέπη
254 3191 316 3258 τοῦ
332 3191 419 3260 θεοῦ
436 3193 495 3259 τοῦ
513 3186 660 3276 οὐρανοῦ
679 3185 930 3275 αῦλισθήσεται.
968 3189 1040 3275 ἐρεῖ
1054 3188 1101 3280 τῷ

200 3386 372 3447 ιυαα
495 3386 737 3452 mmmmm
853 3357 1100 3446 υαωεπ

123 3453 319 3515 νὴαι
