2326 3818
100 108 142 172 22
509 103 658 156 εοεεοο

100 251 146 318 τω
165 252 280 338 κνρίω.
316 255 401 317 οίσει
425 245 462 316 δὲ
480 240 581 315 πύλιν
598 241 687 332 παρά
704 240 763 314 τὸν
789 240 943 332 ἀρχιερέα
967 245 1004 312 ἐν
1020 244 1071 336 τῷ

100 346 191 441 τύπω
211 346 339 437 δηλαδή
357 350 403 441 τῷ
421 342 665 441 ἐξειλεγμίνμ.”

73 487 88 527 d
177 453 227 519 35.
244 451 311 520 Καὶ
326 452 422 519 ἕκτον
434 449 472 519 δὲ
485 445 590 538 νόμον
603 445 732 529 τούτοις
746 451 948 535 προστίθησι
961 445 1073 534 λέγων

94 548 209 641 “ηνχή
234 546 277 621 ἀν
298 545 428 642 ἀμύρτῃ
449 552 517 622 ’καὶ
540 546 662 638 ποιήσῃ
680 556 761 639 μίαν
778 545 843 619 ἀπὸ
867 551 984 619 πασῶν
1001 549 1073 620 τω”ν

101 656 246 724 ἐντολῶν
271 643 320 724 οἷν
343 649 383 723 ού
404 658 459 722 δεῖ
479 667 605 739 ποιεῖν,
625 653 680 720 καί
696 645 759 721 ούκ
773 655 876 739 ἔγνω,
894 652 950 721 καλ
964 657 1072 740 πλημ·
1098 679 1113 723 ι

100 753 244 848 μελήσῃ,
278 756 334 824 καί
361 751 448 841 λύβῃ
474 750 535 841 τὴν
562 746 726 842 ἁμαρτίαν
753 749 874 841 αὐτού,
903 754 958 822 καὶ
984 762 1073 823 οίσει

100 855 202 928 πάλιν
220 854 316 946 κριὸν
332 861 379 948 τῷ
397 851 559 945 ἀρχιερεῖ,
586 856 642 923 καί
666 850 850 937 ἐξιλάσεται
868 860 948 943 περί
965 848 1074 925 αύτοῦ

99 953 118 1027 δ
137 954 265 1046 ίερεύς,
292 958 369 1045 περὶ
396 960 453 1042 τῆς
471 951 608 1045 ἀγνοίας
626 952 733 1027 αάτού
749 945 788 1044 ἦς
805 953 988 1046 ἠγνόησεν,
1013 956 1072 1026 καί

101 1049 199 1140 ούτος
217 1055 279 1128 οὐκ
296 1054 388 1150 ᾔδει,
408 1060 464 1127 καὶ
481 1052 690 1148 ἀφεθήσεται
709 1053 832 1151 αύτῷ.”

177 1164 229 1230 36.
240 1157 328 1248 Ἤδη
347 1159 385 1230 δὲ
402 1158 547 1250 ἕβδομόν
564 1182 647 1250 φησι
661 1154 773 1249 ’συχνή
792 1154 834 1229 ἀν
852 1155 995 1251 ἀμύρτῃ,
1014 1161 1072 1231 καί
1086 1192 1115 1235 ιο

101 1259 255 1352 παριδών
277 1269 404 1352 παρίδῃ
427 1259 485 1347 τάς
510 1260 643 1345 ἐντολάς
667 1269 804 1352 κνρίον,
828 1262 885 1330 καὶ
908 1258 1074 1350 ψεύσηται

101 1361 184 1454 πρὸς
200 1361 260 1435 τὸν
276 1373 419 1454 πλησίον
437 1359 541 1435 αύτοῦ
560 1367 597 1436 ἐν
609 1360 893 1455 παρακαταθήκῃ,
913 1364 990 1453 περὶ
1004 1391 1074 1434 κοι·

100 1472 225 1548 νωνίας
243 1460 265 1555 ἢ
282 1462 433 1556 ἁρπαγῆς
443 1519 453 1554 ,
471 1462 492 1556 ή
510 1462 652 1555 ήδίκησί
666 1495 697 1536 τι
714 1461 774 1536 τάν
791 1469 955 1555 πλησίον,
973 1459 996 1552 ἢ
1014 1455 1076 1535 εύ-

101 1595 163 1657 ρεν
179 1565 365 1656 ἀπώλειαν,
390 1570 446 1636 καί
464 1566 627 1655 ψεύσηται
649 1569 725 1656 περὶ
744 1562 863 1655 αύτής,
891 1568 947 1636 καί
964 1563 1074 1660 ὀμόσῃ

101 1666 227 1750 ἀδίκως
245 1670 321 1757 περὶ
337 1666 411 1749 ἑνὸς
425 1665 490 1737 ἀπὸ
508 1667 644 1738 πάντων
658 1658 706 1739 οἶν
720 1666 779 1737 ἐὰν
795 1664 918 1757 ποιήσῃ
936 1663 1073 1758 ἀνδρω·
1087 1700 1115 1745 15

101 1797 173 1859 πος,
194 1764 278 1839 ὥστε
296 1763 456 1859 ἁμαρτεῖν
476 1772 512 1840 ἐν
528 1766 667 1858 τούτοις,
687 1770 742 1838 καί
761 1766 861 1857 ἡνίκα
879 1763 922 1839 ἀν
939 1767 1074 1863 ἀμάρτῃ

100 1875 158 1942 καί
184 1869 403 1961 πλημμελήσῃ
428 1873 483 1940 καὶ
501 1866 616 1963 ἀποδῷ
641 1867 677 1941 τύ
696 1869 853 1963 ἅρπαγμα
870 1867 889 1940 δ
907 1868 1073 1962 ἥρπασεν,

101 1968 122 2060 ἢ
140 1972 176 2042 τὸ
194 1970 342 2062 ἀδίκημα
359 1969 377 2042 δ
396 1970 568 2060 ἠδίκησεν,
587 1963 682 2061 ήτήν
695 1971 983 2062 παρακαταθήκην
999 1971 1074 2062 ήτις

57 2107 86 2158 ιε)
102 2076 272 2164 παρετέθη
291 2072 399 2167 αὐτῷ,
418 2068 438 2163 ή
456 2072 518 2162 τήν
534 2071 705 2145 ἀπώλειαν
717 2069 760 2163 ἢν
774 2064 889 2164 εύρεν,
908 2069 973 2144 ἀπὸ
987 2100 1074 2145 παν-

100 2173 154 2256 τός
172 2172 363 2264 πράγματος
377 2165 419 2246 ού
431 2173 541 2266 ὤμοσε
555 2177 631 2265 περὶ
645 2173 749 2246 αὐτοῦ
767 2174 902 2265 ἀδίκως,
920 2177 975 2245 καλ
989 2175 1073 2249 ἀπο·
1086 2210 1113 2252 ιι

100 2285 183 2347 τίσει
203 2272 284 2347 αύτὸ
302 2276 338 2348 τὸ
358 2277 539 2367 κεφύλαιον
557 2280 613 2348 καί
630 2275 667 2349 τό
687 2273 924 2368 ἕπίπεμπτον.”

177 2384 227 2450 37.
244 2376 364 2470 Ἐχρῆν
389 2376 422 2450 δ’
441 2376 483 2451 ἀν
506 2378 588 2470 μετά
611 2379 647 2450 τὸ
671 2383 885 2472 ἐξαγορεῦσαι
908 2376 944 2448 τό
962 2378 1075 2472 διμοίρ-

99 2511 186 2570 τημα
210 2484 265 2551 καὶ
296 2479 378 2571 μετά
401 2482 437 2552 τὸ
469 2478 624 2552 ἀποτῖσαι
651 2478 811 2552 σπεύδειν
837 2479 938 2550 πάλιν
963 2478 1074 2554 πάντα
1129 2510 1136 2521 ·

100 2584 337 2670 ύπερδέμενον
355 2590 402 2664 είς
419 2582 479 2652 τὸν
495 2582 598 2653 τόπον
615 2578 655 2652 δν
673 2577 716 2651 ἀν
735 2585 902 2670 ἐκλέξηται
920 2580 1034 2673 κύριος
1054 2580 1074 2655 ὁ

100 2681 197 2771 θεὸς,
218 2684 273 2752 καὶ
292 2689 495 2775 προσφέρειν
511 2711 550 2772 γε
564 2685 640 2774 περὶ
657 2686 714 2773 τῆς
733 2691 957 2772 πλημμελείας
975 2683 1074 2773 κριδν
1087 2715 1114 2759 ιι

100 2781 254 2874 ἀμωμον,
283 2786 339 2854 καὶ
366 2783 547 2869 ἔξιλάσεται
573 2788 650 2876 περὶ
668 2782 772 2857 αύτού
795 2779 812 2856 ὁ
832 2783 939 2875 ίερεύς
958 2791 1073 2858 ἔναντι
1154 2808 1156 2833 ⁵

73 2893 239 2976 ιιιοριόν,
259 2888 316 2956 καί
333 2884 541 2977 ἀφεθήσεται
559 2885 661 2983 αύτῷ,

178 2992 227 3058 38.
253 2993 365 3059 Ταῦτα
389 2992 445 3058 καὶ
468 2990 543 3078 περί
562 2991 670 3060 τοῖνδε
693 2986 710 3059 ὁ
735 2986 924 3077 θαυμάσιος
942 2992 1073 3078 Μωσῆς

101 3097 181 3180 περί
192 3117 229 3159 τε
241 3094 309 3160 τῶν
322 3087 488 3172 ἀκουσίως
502 3089 739 3182 ἡμαρτηκότων
753 3091 807 3160 καὶ
822 3092 981 3176 περὶτῶν
995 3089 1068 3160 κατ’

101 3189 241 3280 ἀγνοιαν
260 3190 504 3284 ἐξηκριβύσατο
528 3190 707 3283 πόρρωθεν
724 3196 792 3263 τῶν
810 3190 893 3261 κατὰ
911 3197 1072 3284 προαίρε-
1085 3223 1112 3265 ω

173 3422 205 3473 10
222 3424 314 3479 Levit.
327 3427 353 3487 6,
366 3427 391 3478 2.
