2326 3818
124 108 187 170 222
526 84 674 160 εοεεειι

124 248 185 337 τήν
202 245 341 336 ἀρετήν,
365 246 448 318 κατά
471 276 507 318 τε
524 245 585 335 τήν
613 244 773 336 δύναμιν,
799 249 854 315 καὶ
878 245 940 334 τήν
957 242 1097 338 ούσίαν,

124 347 208 418 κατά
225 376 261 418 τε
278 348 336 419 τὸν
353 353 410 439 της
428 348 571 439 μονάδος
590 350 646 418 καὶ
666 347 785 429 ἑνάδος
808 344 966 436 ἀριθμόν,
985 359 1094 419 πολυ-

126 453 235 530 ειδούς
260 451 296 519 δὲ
314 449 421 533 άλλως
440 455 496 521 καλ
519 448 731 536 πολυτρόπου
754 454 812 536 τής
835 455 902 519 τῶν
919 456 1093 537 γεννητῶν
1123 504 1132 521 ,

123 549 308 640 μελλούσης
330 551 581 639 ὑποστήσεσθαι
605 548 740 638 ούσίας,
771 555 801 620 2.
820 559 955 639 μυρίαις
973 581 1009 621 τε
1032 555 1090 623 καὶ

123 660 288 734 ποικίλαις
306 650 422 723 ἀλλοτε
440 651 555 734 ἀλλαις
566 660 764 741 μεταβολαῖς
778 650 823 721 δι’
844 658 972 721 οἰκείαν
985 648 1120 724 ἀσθέ-ε

95 782 218 824 ενειαν
242 752 523 842 ὑποκεισομένης,
554 756 611 841 τής
638 780 673 823 τε
703 750 860 823 ἀνωτάτω
884 752 1093 844 τοῦπατρὸς

123 853 298 944 δυνάμεως
322 851 368 923 δι’
394 849 585 942 ὑπερβολήν
609 858 666 941 τής
690 850 923 942 ἀνεκφράστου
947 857 1002 923 καὶ
1021 874 1093 938 τοῖς

65 988 107 1040 [ου]
123 960 225 1025 πᾶσιν
242 951 525 1043 ἀπειρομεγέθους
548 954 682 1043 φύσεως
705 951 985 1043 ἀπολειψυμένης,
1004 953 1093 1025 ἀβυ-

122 1055 229 1136 νάτως
246 1082 282 1124 τε
300 1054 436 1144 ἑξούσης
453 1059 510 1145 τής
528 1054 714 1144 ἀγεννήτου
732 1059 787 1125 καλ
812 1053 986 1145 άχωρήτου
1008 1056 1093 1127 θεό-

122 1185 234 1245 τητος,
261 1153 345 1245 αύτή
368 1185 406 1245 γε
430 1155 573 1245 γεννητή
591 1148 675 1227 οὖσα
697 1161 846 1247 μετέχειν
869 1154 1038 1229 ἀντειπεῖν
1055 1188 1092 1230 τε
1106 1192 1133 1231 ιο

122 1254 192 1327 ἀνω
218 1261 273 1327 καὶ
290 1256 503 1347 ἀντιβλέπειν
520 1274 591 1340 ταῖς
612 1255 890 1347 ἀποστιλβούσαις
904 1265 963 1329 τού
976 1257 1092 1331 ἀιδίου

122 1355 230 1446 φωτός
248 1357 401 1449 ἀρρήτοις
425 1377 674 1451 μαρμαρυγαῖς,
699 1364 784 1449 χρήν
808 1358 851 1448 δή
870 1387 935 1430 που
954 1358 1091 1445 εἰκότως
1154 1442 1157 1449 Ι

121 1456 179 1528 τόν
198 1459 397 1547 πανάγαθον
415 1465 540 1551 πατέρα
558 1464 614 1531 καλ
633 1467 765 1551 σωτήρα
779 1464 846 1530 των
863 1458 970 1549 όλων,
995 1466 1024 1530 3.
1045 1457 1091 1542 ὦς

122 1555 164 1630 ἀν
181 1560 226 1650 μή
245 1566 414 1644 παντελῶς
431 1561 452 1651 ή
470 1569 539 1633 τῶν
552 1561 627 1652 άρτι
640 1565 874 1652 γενησομένων
891 1560 993 1650 φύσις
1011 1569 1092 1652 ἕρη-

92 1705 103 1734 e
121 1691 180 1751 μος
198 1653 282 1733 οόσα
299 1669 357 1752 τής
375 1661 480 1734 αύτοῦ
497 1673 674 1745 κοινωνίας
687 1671 755 1733 τῶν
768 1671 935 1752 μεγίστων
947 1659 1091 1751 ἀγαθῶν
1104 1695 1131 1737 ιε

122 1783 287 1853 στεροῖτο,
312 1768 417 1855 μέσην
440 1763 515 1835 τινά
533 1763 780 1854 παρεμβάλλειν
797 1766 858 1853 τήν
876 1771 934 1835 τοῦ
952 1793 1091 1854 μονογε-

122 1869 199 1948 νοῦς
223 1864 403 1937 αὐτοῦκαὶ
427 1864 639 1954 πρωτοτόκου
662 1873 763 1937 θείαν
786 1868 841 1936 καλ
862 1872 1015 1954 παναλκή
1032 1870 1091 1936 καὶ

120 1965 309 2055 πανάρετον
328 1966 482 2054 δύναμιν,
500 1962 720 2054 ἀκριβέστατα
737 1968 801 2056 μὲν
811 1969 867 2037 καλ
878 1964 929 2036 ότι
946 1966 1090 2056 μάλιστα

121 2065 289 2153 ἐγγυτάτω
311 2073 357 2158 τῷ
381 2069 480 2157 πατρὶ
504 2074 789 2157 προσομιλοῦσιν,
817 2079 895 2148 ίσως
919 2096 955 2138 τε
983 2066 1091 2140 αὐτοῦ

119 2172 188 2235 τῶν
204 2162 402 2256 ἀπορρήτων
418 2164 672 2257 ἀπολαύουσαν,
691 2168 858 2259 πραότατα
877 2169 915 2239 δὲ
933 2190 1089 2258 συγκατι-
1103 2201 1131 2242 ει

120 2270 244 2357 οὖσαν,
269 2273 324 2338 καὶ
348 2268 553 2358 ἀμωσγέπως
584 2273 909 2360 συσχηματιζομένην
932 2287 1000 2353 τοῖς
1029 2278 1090 2360 τής

119 2364 222 2459 ἀκρας
240 2368 579 2461 άπολιμπανομένοις,
598 2371 654 2443 διά
667 2400 702 2441 τε
719 2371 781 2461 τήν
794 2377 891 2460 σφων
904 2370 1089 2444 ἀσθένειαν

91 2477 175 2560 ιτής
194 2476 230 2542 ἐκ
247 2479 308 2542 τοῦ
327 2476 486 2564 δευτέρον
504 2471 707 2561 βελτιώσεως
724 2502 761 2543 τε
778 2475 835 2542 καὶ
853 2469 1015 2562 ἀφελείας
1034 2479 1087 2545 έν·

118 2570 275 2662 χρήζουσι
304 2573 361 2654 τάς
391 2573 490 2660 ήλίου
524 2570 741 2663 μαρμαρυγὰς
772 2580 858 2644 θεάν
892 2570 998 2664 ήρέμα
1028 2578 1084 2646 καὶ

118 2672 231 2760 πράως
250 2671 493 2761 συγκατιούσας
510 2672 603 2762 ἡμῖν,
622 2671 684 2744 ούκ
697 2671 804 2756 άλλως
821 2681 879 2763 τής
897 2683 956 2746 τού
974 2675 1085 2766 φωτὸς
1099 2706 1127 2748 εε

118 2770 263 2860 ἀκράτου
288 2772 461 2862 δυνάμεως
487 2781 570 2855 οἵοις
594 2803 629 2844 τε
652 2771 837 2846 ἀπολαύειν
862 2774 916 2846 διά
942 2775 1004 2866 τήν
1024 2785 1086 2850 τοῦ

119 2869 268 2961 σώματος
286 2873 476 2946 ἀσθένειαν.
513 2882 542 2946 4.
563 2883 594 2946 εί
609 2880 711 2964 γοῦν,
730 2875 775 2959 ὡς
794 2881 831 2948 ἐν
847 2875 1010 2950 ὑποθέσει
1028 2878 1086 2948 λό-

117 3002 191 3063 γου,
207 2979 322 3058 καθεὶς
336 2975 527 3068 οὐρανόθεν
540 2976 639 3058 αὐτὸς
655 2977 776 3049 ἑαυτόν
788 2976 806 3048 ό
819 2979 979 3069 παμφαὴς
993 2977 1084 3069 ήλιος

117 3072 183 3147 σύν
200 3074 393 3168 ἀνθρώποις
413 3082 467 3149 ἐπὶ
485 3084 545 3168 γής
559 3078 784 3167 πολιτεύοιτο,
802 3078 926 3153 οὐδένα
942 3085 1011 3152 τῶν
1029 3084 1084 3150 ἐπὶ

115 3182 176 3265 γής
199 3196 310 3267 μεῖναι
334 3173 376 3248 ἀν
399 3179 628 3271 ἀδιάφθορον,
651 3179 788 3252 πάντων
810 3180 1004 3272 συλλήβδην
1028 3184 1122 3269 έμ-εο

117 3278 234 3367 θύχων
257 3279 341 3368 ὁμοῦ
366 3282 422 3349 καλ
440 3279 580 3371 ἀψύχων
603 3279 713 3374 ἀθρόᾳ
737 3285 778 3372 τῇ
793 3290 854 3354 τού
872 3279 981 3372 φωτός
998 3308 1082 3372 προ-

116 3383 201 3467 βολή
215 3386 550 3471 θιαφθαρησομένων.
576 3388 606 3453 5.
625 3385 750 3454 θάττον
762 3389 847 3472 γοῦν
859 3388 916 3455 καὶ
932 3383 1081 3473 τυφλούς
