2326 3818
90 113 152 175 298
497 112 646 164 EUSEBII

90 252 153 341 γάρ
171 249 236 340 ἤδη
255 256 351 323 τούτο
374 260 515 322 οἰκειον·
550 253 604 319 καὶ
630 249 692 320 δύο
710 247 743 337 γ’
772 247 815 319 ἀν
831 246 945 333 οὕτως
962 250 1071 342 ἀγέν-

90 383 174 442 νητα
198 353 283 439 εἶεν,
314 345 350 423 ιό
374 351 601 441 προβεβληκὸς
628 352 742 422 καὶτὸ
769 357 1066 443 προβεβλημένον.

90 458 146 525 καὶ
164 463 212 534 τίς
230 446 274 543 ἦν
291 452 488 535 κατάστασις
506 461 683 541 κρείττων,
708 443 772 539 ἀρα
790 448 890 541 ἡπρὸ
908 459 973 543 τῆς
991 486 1065 545 τρο-

64 561 153 646 ιπῆς
171 563 229 645 τῆς
246 554 328 626 κατά
345 554 406 643 τὴν
424 554 593 641 προβολὴν
614 552 833 637 διαστάσεως
864 552 1001 627 οὔκουν
1019 556 1065 641 ὥς

88 662 186 746 μέρος
209 655 230 746 ἢ
254 660 351 745 μέλος
383 654 572 743 άγεννήτως
601 652 775 742 ἡνωμένον
803 653 856 724 ἀεὶ
880 656 1085 747 πρότερον,τ

89 768 202 830 ἔπειτα
220 760 257 827 δὲ
276 755 415 828 διαστάν
432 758 488 826 καὶ
502 758 602 845 γωρλς
616 754 798 843 γενόμενον
810 759 873 826 τοῦ
885 752 986 847 ὅλου,
1004 760 1064 833 τὸν

88 860 166 931 υἱὸν
183 855 248 928 ἀπὸ
266 863 325 928 τοῦ
350 855 474 942 πατρὸς
496 854 570 927 οἶόν
592 886 627 926 τε
653 861 809 926 ἐπινοεῖν.
852 862 902 926 14.
930 856 1062 949 ἄρρητα

88 959 151 1049 γάρ
170 962 226 1028 καὶ
243 955 401 1046 ἀντικρνς
418 954 525 1045 ἀσεβῆ
542 962 658 1045 ταῦτα,
677 955 759 1046 ὕλης
776 959 838 1047 μὲν
850 956 934 1028 ὄντα
948 962 1062 1051 σωμά-

57 1150 64 1163 „
87 1089 156 1130 των
174 1066 292 1146 οἰκεῖα,
310 1065 369 1147 τῆς
387 1061 424 1129 δὲ
441 1055 618 1148 ἀσωμάτου
636 1061 691 1128 καλ
709 1055 817 1129 ἀάλον
835 1057 975 1147 φάσεως
1001 1062 1062 1133 ἀλ·

90 1159 212 1248 λότρια,
255 1159 307 1231 διὸ
331 1158 413 1231 κατά
440 1159 557 1247 καιρὸν
589 1159 722 1242 εἰκότως
753 1157 795 1230 ἀν
825 1190 874 1241 τις
907 1166 1092 1236 ἐνταῦθαα

88 1261 232 1333 πάλιννό
242 1260 327 1351 “την
338 1266 470 1351 γένεσιν
483 1261 585 1332 αὐτοῦ
598 1269 648 1341 τίς
662 1260 869 1350 διηγήσεως
884 1258 1060 1355 ἀναφθάγ·

88 1369 178 1448 ξαιτο
195 1361 252 1435 ἀν·
296 1371 344 1436 15,
375 1360 490 1451 ἐπειδὴ
515 1366 571 1432 καὶ
588 1362 649 1450 τὴν
673 1366 831 1433 ἐναντίαν
855 1367 974 1435 ἐλθεῖν
998 1366 1060 1437 οάκ

62 1464 283 1553 εάκίνὸννον,
302 1469 358 1535 καὶ
376 1464 489 1547 ἁπλοῖς
506 1460 611 1545 οὕτως
630 1468 662 1546 ἐξ
681 1463 744 1533 οὐκ
761 1461 869 1535 ὄντων
890 1468 1060 1555 γεννητὸν

86 1564 146 1637 τὸν
162 1567 239 1637 υἱὸν
257 1583 325 1648 τοῖς
339 1577 466 1646 λοιποῖς
479 1583 651 1654 γεννητοῖς
664 1563 785 1653 ὁμοίως
799 1562 1057 1654 ἀποφήνασθαι·

88 1666 171 1756 ἀλλη
190 1669 253 1756 γάρ
271 1672 348 1738 νὶοά
372 1670 501 1755 γένεσις
524 1670 580 1736 καὶ
602 1663 685 1754 άλλη
703 1662 723 1755 ἡ
743 1666 799 1736 ὃιά
816 1674 876 1736 τοῦ
894 1672 975 1738 νλοῦ
996 1676 1090 1759 θην

87 1778 253 1857 μιουργία.
296 1776 344 1839 16.
372 1766 456 1837 ἀλλά
479 1765 543 1855 γάρ
566 1764 677 1856 ὥσπερ
701 1765 722 1856 ἡ
747 1775 826 1838 θεία
848 1768 965 1859 γραφὴ
983 1773 1059 1843 τοτὲ

86 1870 149 1959 μὲν
167 1869 377 1957 πρωτότοκον
394 1867 501 1956 πάσης
517 1877 654 1948 κτίσεως
676 1867 735 1938 τὸν
759 1869 837 1939 νλὸν
854 1865 1060 1959 ἀναγορεύει

88 1975 120 2051 ἐξ
144 1968 248 2040 αὐτοῦ
278 1967 485 2056 πρωσοάπον,
520 1968 556 2037 τὸ
576 1963 594 1992 “
606 1969 720 2055 κύριος
751 1974 860 2040 ἔκτισέ
883 1998 925 2059 με
948 1970 1061 2062 ἀρχὴν

86 2068 178 2139 ὁδῶν
195 2066 319 2140 αὐτοῦ”
337 2069 530 2159 φάσκουσα,
556 2071 629 2140 τοτὲ
644 2071 682 2140 δὲ
694 2075 845 2161 γέννημα
857 2076 917 2141 τοῦ
932 2074 1060 2163 πατρὸς

88 2171 172 2240 εἶναι
196 2175 286 2257 λέγει
309 2172 392 2242 καιά
409 2171 446 2242 τὸ
461 2167 546 2259 “πρὸ
566 2172 602 2240 δὲ
626 2171 762 2242 πάντων
787 2178 922 2260 βοννάν
948 2181 1097 2268 γεννᾷτο

86 2269 156 2361 με,”
192 2280 240 2344 17.
268 2272 372 2365 ταάτη
391 2276 445 2344 καλ
464 2269 544 2363 ἡμῖν
562 2275 704 2343 ἕπεσθαι
722 2273 825 2361 ὑγιῶς
843 2269 886 2343 ἀν
900 2282 982 2363 ἔχοι,
1002 2272 1072 2349 κάλ’

85 2374 122 2444 τὸ
140 2372 204 2463 πρὸ
228 2375 364 2447 πάντων
387 2374 522 2446 αλάνων
547 2374 632 2445 εἶναι
656 2373 758 2462 λόγον
779 2372 860 2446 ὅντα
883 2383 969 2445 θεοῦ
996 2384 1061 2469 δη-

57 2478 281 2566 ομιονργικὸν
298 2481 353 2548 καὶ
371 2477 408 2546 τὸ
426 2479 525 2562 πατρὶ
544 2491 713 2564 συνεῖναι,
738 2479 905 2564 μονογενῆ
920 2504 958 2546 τε
975 2478 1057 2550 νλόν

87 2579 173 2648 εἶναι
190 2585 249 2647 τοῦ
267 2584 335 2648 τάν
352 2577 440 2648 ὅλων
458 2581 561 2662 θεοῦ,
579 2573 753 2663 ὑπονργόν
767 2604 803 2647 τε
819 2581 875 2647 καλ
888 2580 1059 2668 συνεργὸν

85 2682 133 2768 τῷ
151 2682 250 2765 πατρὶ
268 2686 326 2765 τῆς
343 2682 411 2747 τάν
428 2676 517 2747 ὅλων
535 2674 724 2759 οὐσιάσεάς
742 2707 777 2748 τε
795 2682 851 2748 καλ
871 2681 1058 2771 διακοσμή-
1069 2706 1096 2747 ετ

86 2801 170 2858 σεως
193 2781 439 2866 γεγεννημένον
460 2776 645 2867 ὁμολογεῖν.
690 2785 737 2848 18.
768 2787 799 2849 ελ
821 2779 884 2868 γάρ
910 2771 973 2850 οὖν
997 2784 1056 2853 καλ

85 2875 165 2948 ἀλλο
188 2907 220 2947 τι
247 2877 391 2966 ἄρρητον
415 2882 471 2949 καὶ
494 2877 727 2966 ἀκατάληπτον
750 2878 832 2968 ἡμῖν
857 2885 893 2950 ἐν
916 2884 958 2971 τῇ
986 2889 1057 2953 τῶν

85 2975 173 3049 ὅλων
204 2977 438 3050 ἀπολέλειπται
469 2979 589 3068 φύσει,
630 2989 733 3069 μυρία
766 2983 803 3051 δὲ
832 2981 873 3051 τά
903 2990 1055 3072 τοιαῦτα,

85 3078 185 3150 ὁποῖα
202 3083 258 3151 καὶ
275 3080 314 3150 τά
331 3098 401 3163 τοῖς
418 3085 614 3171 θεοφιλέσιν
632 3085 862 3172 ἐπηγγελμένα
883 3082 1054 3173 τυγχάνει,

80 3177 124 3251 “ἀ
141 3181 315 3273 ὀφθαλμὸς
333 3179 394 3254 οάκ
413 3183 504 3253 εἶδεν
522 3186 578 3252 καὶ
596 3173 655 3263 οὖς
673 3181 737 3253 οὐκ
753 3181 894 3272 ἤκουσε,
922 3187 979 3254 καὶ
998 3187 1053 3257 ἐπὶ
1067 3210 1094 3252 το

155 3417 188 3464 30
207 3418 219 3464 1
236 3415 296 3466 eor.
310 3418 333 3477 ε,
348 3418 373 3467 9.
