2326 3818
137 129 199 194 142
547 126 697 178 Eusssssn

137 271 192 341 ἐπί
210 271 269 356 τῆς
282 263 462 355 Ἰουδαίας,
480 263 530 337 ὅτι
547 266 654 355 μηδὲν
669 269 728 356 τῆς
751 267 868 353 λοιπῆς
891 261 975 352 αὕτη
994 262 1107 356 διενῆ·

137 397 248 459 νοχεν,
267 365 349 438 άλλά
362 367 424 456 τῆν
435 363 508 437 κατ’
522 363 668 456 οὐρανὸν
681 382 804 456 ψυχαῖς
817 367 989 455 φιλοθέοις
1002 388 1106 457 προσ·

82 501 123 552 ιω)
137 469 286 560 η’κονσαυ
308 480 389 551 τοῖς
407 472 632 560 κατορθοῦσιν
661 467 720 538 τὸν
748 464 831 558 πρὸς
855 462 959 537 αὐτοῦ
981 495 1106 557 κατηγ·

136 573 298 663 γελμένον
314 579 392 659 βίον
409 565 651 659 ὑποσχόμενος·
678 565 697 639 6
716 567 757 657 δὴ
775 571 832 639 καί
849 565 1010 659 παριστάς
1028 577 1106 640 λευ·

136 673 273 766 κότερον
296 691 366 754 τοῖς
396 670 478 761 πρὸς
506 667 610 741 αὐτοῦ
635 671 905 759 μακαριζομένοις
929 677 1131 757 βασιλείους

136 772 291 867 οὐρανῶν
305 771 508 861 κατήγγειλε.
542 778 590 841 11.
609 775 665 841 καὶ
677 768 779 854 άλλας
794 772 831 841 δὲ
843 768 979 858 πράξεις
994 767 1107 859 εὕροις

136 873 179 948 άν
196 873 263 947 ὑπὸ
281 879 340 944 τοῦ
359 879 506 962 σωτῆρος
530 867 625 962 ῆμαὶν
643 880 807 963 κρείττονι
830 867 851 960 ῆ
875 872 958 942 κατά
979 874 1107 944 Μωσία

138 976 280 1064 δυνάμει
304 984 498 1063 γεγονυίας,
528 981 759 1066 παραπλησίας
782 1002 821 1063 γε
843 971 910 1063 μῆν
934 969 987 1055 αἶς
1011 972 1106 1045 καὶὸ

138 1084 267 1164 Μωσῆς
284 1073 494 1163 διεπράξατο,
528 1079 576 1144 12.
595 1071 679 1164 οἷον,
699 1073 743 1157 ὡς
757 1078 811 1146 ἐπὶ
825 1079 1106 1167 παραδείγματος,

137 1180 266 1266 Μωσῆς
284 1180 399 1266 ἐφεξῆς
415 1174 660 1265 τεσσαράκοντα
683 1172 805 1266 ἡμέρας
825 1173 1041 1264 ἐνῆστενσεν,
1059 1174 1106 1258 οἱς
1119 1206 1144 1249 ιι

137 1277 158 1368 ῆ
173 1279 284 1368 γραφῆ
297 1295 461 1369 μαρτυρεῖ
472 1282 616 1367 λέγουσα
625 1273 704 1349 “nal
716 1268 760 1367 ῆν
774 1281 845 1348 ἐκεῖ
850 1281 977 1366 Μωσῆς
991 1285 1106 1348 ἔναντι

137 1388 258 1473 κυρίου
280 1378 528 1468 τεσσαράκοντα
551 1375 674 1469 ἡμέρας
698 1382 754 1453 καὶ
776 1377 1023 1467 τεσσαράκοντα
1042 1377 1108 1449 νά-

108 1511 233 1570 ικτας,
252 1479 356 1572 άρτον
372 1479 437 1552 οὐκ
455 1488 597 1570 ἔφαγεν,
617 1482 673 1550 καὶ
691 1477 785 1571 ὕδωρ
806 1477 867 1551 οὐκ
886 1476 1012 1550 ἔπιευ.”

214 1588 265 1652 13.
280 1581 449 1663 Ὡσαύτως
468 1583 505 1652 δὲ
522 1585 577 1652 καὶ
596 1581 613 1652 ὁ
632 1580 783 1674 Χριστός.
819 1586 1001 1671 γέγραπται
1019 1587 1107 1669 γοῦν

132 1679 211 1754 “nal
229 1681 327 1772 ῆγετο
346 1690 393 1765 είς
410 1680 473 1770 τῆν
490 1689 614 1771 ἔρημον
627 1681 875 1775 τεσσαράκοντα
892 1680 1016 1771 ἡμέρας
1033 1710 1106 1753 πει-
1119 1712 1146 1757 ιι

138 1782 314 1875 ραζόμευος
336 1779 403 1854 ὑπὸ
426 1788 485 1853 τοῦ
510 1782 687 1873 διαβόλου,
710 1787 765 1854 καί
788 1780 891 1855 οὐδὲν
916 1792 1042 1870 ἔφαγεν
1068 1787 1107 1856 ίν

135 1903 207 1967 ταῖς
225 1884 362 2010 ἡμέραις
381 1880 556 1966 ἐκείναις
587 1887 643 1956 καὶ
656 1884 758 1956 πάλιν
771 1890 898 1975 Μωσῆς
917 1888 953 1954 ἐν
970 1913 1011 1975 τη
997 1882 1107 1977 ἐρῆ-

132 2016 188 2112 μῳ
206 1986 331 2075 τροφάς
356 1991 402 2080 τῷ
426 1989 497 2055 λαω
519 1988 671 2077 παρέσχε
713 1984 853 2076 λέγειδ’
870 1976 932 2056 οὖν
949 1984 971 2074 ἡ
979 1984 1108 2111 γραφῆ

132 2084 232 2158 “6606
252 2085 324 2211 ἐγά
334 2056 456 2212 δίδωμι
474 2086 557 2177 νμῑυ
573 2084 694 2179 άρτονς
713 2092 750 2158 ἐκ
766 2092 826 2159 τοῦ
844 2084 1012 2178 οὐρανοάῖ
1015 2085 1142 2159 14.

137 2190 194 2259 καὶ
210 2187 280 2278 μετ’
307 2184 404 2277 ὀλίγα
422 2187 576 2277 “ίγε’νετο
599 2192 953 2279 καταπαυομένῆςτης
978 2187 1147 2278 δρόσον»

137 2287 249 2384 κύκλῳ
272 2294 330 2380 τῆς
353 2294 581 2381 παρεμβολῆς,
606 2294 662 2361 καὶ
681 2289 756 2362 ίδού
775 2292 829 2361 ἐπὶ
848 2288 1029 2379 πρόσωπον
1045 2294 1108 2381 τῆς

66 2429 71 2471 1
111 2389 261 2482 εέρῆμου
279 2389 401 2464 λεπτδν
425 2391 505 2463 ὡσεί
530 2390 644 2483 κόριον
662 2391 799 2479 λευκὸν,
824 2389 903 2462 ὡσεὶ
925 2389 1029 2478 πάγος
1049 2395 1108 2465 ίπλ

136 2501 194 2583 τῆς
212 2493 317 2584 γῆς.”.
358 2490 449 2564 καὶὸ
477 2492 588 2582 σωτὴρ
609 2494 646 2563 δὲ
669 2495 726 2564 καί
743 2491 857 2582 κύριος
880 2487 976 2581 ῆμων
994 2489 1107 2565 δσαά·

136 2623 199 2677 τως
222 2597 328 2683 φησὶν
351 2592 434 2683 πρὸς
455 2593 533 2675 τοὺς
559 2596 681 2664 ἑαυτοῦ
704 2590 855 2684 μαθητάς
874 2591 931 2663 “τί
954 2598 1108 2682 διαλογί-

138 2704 234 2779 ζεσθε
249 2699 285 2766 ἐν
300 2698 431 2776 ἑαυτοῖς
444 2690 659 2785 ὀλιγόπιστοι,
673 2691 724 2766 ὅτι
735 2691 857 2787 άρτους
871 2690 933 2764 οὐκ
952 2691 1105 2783 ε’λάβετες
1118 2726 1146 2769 ιι

138 2793 232 2865 οὔπω
255 2813 363 2866 νοεῖτε
393 2792 477 2866 οὐδὲ
500 2793 725 2885 μνημονεύετε
755 2796 834 2878 τοὺς
858 2799 957 2867 πέντε
981 2793 1106 2884 άρτους

137 2900 204 2965 τῶν
222 2904 515 2987 πεντακισχιλίων,
538 2900 594 2967 καὶ
617 2896 741 2981 πόσους
765 2905 926 2986 κοφίνους
950 2895 1106 2985 ἐλάβετες

136 2994 217 3067 οὐδὲ
234 2995 312 3080 τούς
329 2996 411 3070 ἑπτά
428 3005 497 3069 τῶν
513 3007 795 3089 τετρακισχιλίων,
819 3002 875 3070 καὶ
893 2997 998 3081 πόσας
1016 3020 1107 3071 σπυ-

138 3105 233 3185 ρίδας
252 3096 425 3188 ίλάβετε;”

136 3266 338 3277 *—

206 3369 235 3415 11
255 3368 342 3420 υκαι
355 3370 397 3434 34,
411 3370 454 3421 νε.
568 3370 599 3419 15
618 3368 724 3430 ταας,
741 3369 762 3416 1.
873 3369 905 3418 19
923 3356 1103 3430 Exod.16‚4'.

137 3432 170 3480 ³4
188 3432 383 3501 Matth16„8
