2326 3818
158 130 221 193 370
564 131 712 182 EUSEBII

130 312 140 339 c
236 273 284 339 15.
305 267 399 340 Σιών
417 271 455 339 δε
473 265 551 338 καί
547 263 757 360 Ιερουσαλημ
781 268 894 340 καὶ
859 300 896 340 το
915 269 1128 362 καλούμενον

157 368 233 462 όρος
250 376 309 441 τοῦ
332 383 445 493 οίκου,
468 367 563 441 ταῦτ’
583 361 626 458 ἦν
651 369 821 443 ἐκεῖνα
784 400 825 441 τα
847 370 1015 498 πρόσθεν
1025 381 1125 495 δεδη-

158 475 289 562 λωμένα
307 469 363 542 διά
381 476 441 543 τοῦ
457 467 538 542 “nal
555 470 823 560 σαλευθήσονται
846 473 887 542 τά
908 471 971 560 όρη
995 471 1127 544 ῦποκά-

157 587 270 644 τωθεν
287 573 411 661 αὐτοῦ,
437 576 555 642 καὶί
517 604 537 643 α
540 571 723 654 ίκοιλάδες
745 571 944 662 τακήσονται
963 572 1007 657 ὡς
1026 576 1126 666 κηρὸς

157 672 223 746 άπὸ
240 676 420 764 προσώπου
438 675 560 762 πυρός,
580 672 624 743 δι’
646 672 803 762 ἀσέβειαν
816 673 943 764 Ἰακώβ.
988 676 1044 745 διά
1061 677 1125 769 γάρ
1150 706 1162 747 ε

157 776 214 858 τάς
233 783 436 864 δρασθείσας
450 771 523 844 κατ’
543 772 647 845 αῦτοῦ
663 783 860 864 δυσσεβείας
874 775 979 858 εῦθῦς
995 781 1051 847 καί
1065 777 1127 850 οῦκ

158 886 205 959 είς
229 874 359 966 μακρόν
382 878 438 945 καὶ
462 874 502 946 τά
526 873 588 966 όρη
611 879 667 946 καλ
690 883 725 946 οί
749 881 786 946 ἐν
808 874 937 958 τούτοις
955 883 1127 960 οἰκοῦντες

157 974 435 1065 πεπολιόρκηντο,
462 976 655 1068 ἐμπρησμόν
677 1005 713 1047 τε
737 980 793 1047 καὶ
816 977 957 1066 ἐσχάτην
983 981 1128 1067 ἐρημίαν

156 1079 193 1148 τό
212 1074 307 1148 Σιών
323 1075 399 1167 όρος
416 1076 586 1167 ῦπέμεινε,
605 1081 660 1147 καί
678 1081 794 1167 γέγονε
811 1078 848 1148 τό
866 1077 943 1167 όρος
955 1081 1015 1148 τού
1027 1091 1126 1150 οίκον

156 1183 217 1249 τοῦ
234 1183 319 1249 θεοῦ
337 1187 383 1259 είς
401 1177 500 1260 άλσος
520 1184 658 1269 δρυμοῦ.
701 1185 750 1249 16.
770 1185 875 1249 ταῦτα
897 1182 959 1269 μὲν
981 1169 1045 1250 οῦν
1070 1184 1125 1251 ἐπὶ
1139 1213 1162 1252 ιο

156 1285 196 1371 τῇ
215 1284 274 1350 τοῦ
292 1288 412 1404 κυρίου
431 1285 463 1363 ἐξ
480 1279 636 1371 οὐρανῶν
648 1278 787 1374 καθόδῳ
801 1283 878 1369 περὶ
889 1284 1037 1363 ἐκείνους
1056 1288 1125 1351 ἐσε-

157 1395 240 1453 σθαι
258 1380 355 1452 κάλ’
337 1412 359 1470 η
377 1405 533 1472 παρουσα
555 1390 744 1472 προφητεία
762 1377 972 1471 σημαίνει,
958 1411 979 1450 α
973 1379 1054 1453 καὶ
1073 1387 1124 1453 ἐν·

129 1512 143 1551 d
157 1513 242 1573 αργη
260 1512 321 1572 την
339 1490 478 1572 ἔκβασιν
488 1492 604 1572 είληφε
617 1481 698 1572 μετά
712 1512 774 1571 την
791 1488 851 1552 τοῦ
865 1489 1013 1572 σωτῆρος
1030 1479 1125 1573 ἡμῶν

151 1584 261 1675 Ἰησοῦ
284 1588 431 1673 Χριστοῦ
454 1591 651 1673 παρουσίαν.
696 1590 745 1654 17
767 1589 904 1672 είγοῦν
926 1613 958 1654 τι
982 1583 1124 1655 δύναται

156 1683 248 1755 καλ*
230 1714 251 1772 η
270 1680 412 1774 ημετίρα
431 1691 573 1807 ίστορία,
593 1684 672 1755 καθ’
693 1683 778 1774 ἡμᾶς
801 1683 924 1766 αὐτούς
941 1683 1003 1774 τὴν
1020 1684 1122 1755 πάλαι
1136 1716 1159 1758 ιι

155 1789 331 1875 βοωμένην
349 1788 476 1870 Σιῦνζ
461 1785 590 1874 ζεύγεσι
607 1782 734 1874 βοῦν
714 1787 781 1856 υπδ
792 1784 965 1876 Ῥωμαίων
987 1788 1124 1872 ιἰνδρῦν

156 1888 347 1977 ἀρουμένην
364 1885 552 1977 ὀφθαλμοῖς
570 1885 840 1977 παρειλήφαμεν,
859 1891 916 1958 καὶ
933 1887 995 1976 τήν
1011 1914 1049 1977 γε
1063 1883 1123 1958 Ἱε-

158 1987 345 2078 ρουσαλὴμ,
371 1987 415 2068 τός
434 1985 517 2057 αῦτό
535 1992 575 2076 γέ
590 2009 672 2078 φησι
690 1988 726 2059 τό
745 1988 875 2077 λόγιον,
899 1985 1123 2078 όπωροφυλα-

157 2096 232 2159 κίου
252 2095 350 2176 δίκην
373 2085 654 2178 ἀπολειφθέντος,
680 2095 717 2161 ἐν
734 2100 893 2161 παντελεῖ
912 2095 1127 2161 καταστᾶσαν

158 2195 291 2280 ἐρημίην
319 2185 341 2258 ά
354 2193 408 2260 καί
423 2189 467 2260 δι’
489 2193 590 2261 οὐδὲν
603 2195 718 2281 ἕτερον
732 2190 845 2274 αὐτοῖς
859 2187 880 2278 ἢ
896 2189 951 2261 διά
964 2191 1023 2274 τάς
1043 2199 1121 2262 δυσ·
1135 2224 1160 2264 ιο

157 2299 289 2380 σεβείας
308 2287 419 2362 αῦτῦν
437 2295 644 2381 συμβέβηκε,
671 2291 714 2362 δι’
736 2289 775 2375 ῦς
800 2287 890 2362 καλό
912 2290 1009 2381 λόγος
1026 2287 1044 2362 ό
1063 2292 1124 2363 οῦ-

156 2391 269 2482 ράνιος
288 2396 324 2463 ἐκ
341 2400 401 2464 τοῦ
417 2401 543 2464 οίκείου
556 2392 660 2465 τόπου
674 2393 894 2483 προελήλυθε.
930 2399 978 2463 18.
999 2397 1055 2463 καί
1075 2392 1120 2463 δι’

156 2498 269 2585 ἑτέρας
288 2497 326 2564 δὲ
345 2503 452 2576 αίτίας
477 2494 495 2565 ὁ
512 2502 573 2565 τοῦ
598 2502 684 2566 θεοῦ
701 2493 797 2583 λόγος
821 2492 1011 2585 ούρανόθεν
1028 2522 1122 2564 κατε·

155 2599 339 2684 ληλυθίναι
361 2625 396 2665 τε
420 2598 476 2664 καλ
501 2598 734 2684 ἐπιβεβηκέναι
758 2599 812 2666 ἐπὶ
836 2594 876 2665 τά
898 2592 969 2682 ῦψη
985 2598 1044 2681 τῆς
1060 2601 1123 2682 γῆς
1158 2608 1160 2613 ’

154 2696 219 2784 ἤδη
243 2694 406 2785 πρότερον
431 2700 576 2785 ἐλέγετο,
600 2693 690 2777 ὅπως
712 2695 837 2786 τὰμὲν
861 2694 962 2767 τάλαι
985 2692 1120 2784 ἐπαιρό-
1134 2725 1160 2765 τε

90 2827 143 2877 ρει)
154 2824 239 2884 μενα
257 2798 313 2866 καὶ
329 2795 594 2886 ῦπερυψούμενα
612 2796 694 2867 κατά
711 2805 770 2886 τῆς
786 2796 942 2887 γνώσεως
958 2799 1017 2866 τοῦ
1034 2802 1122 2865 θεοῦ

155 2895 216 2986 όρη
228 2903 380 2988 σαλενθῄ
394 2894 616 2970 ὑποκάτωθεν
633 2895 747 2986 αῦτοῦ,
766 2899 820 2989 (αι’
830 2896 989 2988 δυνάμεις
1003 2902 1121 2986 δηλον-

156 2997 206 3069 ότι
231 3005 269 3069 αί
292 2997 535 3090 ἀντικείμενοι,
567 3009 607 3070 ἀλ
629 3000 693 3090 πρὸ
718 3004 776 3088 τῆς
806 2997 910 3070 αῦτοῦ
935 3005 1122 3087 παρουσίας

154 3099 236 3190 μετά
259 3105 327 3172 τοῖν
350 3109 476 3173 λοιπῦν
499 3100 693 3192 άνθρεόπων
716 3105 772 3171 καὶ
788 3097 1003 3189 τδἘβραίων
1022 3107 1121 3180 ἔθνος

154 3222 222 3284 τοῖς
233 3210 291 3293 τῆς
304 3210 501 3291 δυσσεβείας
511 3206 566 3273 καλ
577 3210 832 3291 εἰδωλολατρίας
842 3199 1012 3293 πράγμασι
1022 3229 1120 3271 κατα·
1132 3228 1158 3268 ιο

156 3305 410 3396 δεδούλωνται,)
428 3312 463 3375 οί
475 3306 512 3375 δὲ
525 3307 666 3396 πονηροὶ
680 3311 847 3393 δαίμονες,
865 3300 1033 3394 (κοιλάδες
1052 3307 1120 3372 ἐπι-

155 3404 353 3494 καλούμενοι
371 3404 427 3477 διά
449 3406 485 3476 τό
510 3410 547 3477 ἐν
570 3405 714 3496 χάσμασι
732 3412 874 3487 σκοτίοις
892 3406 1035 3484 καὶτοῖς
1052 3407 1121 3473 τών
