2326 3818
318 116 503 210 DEMONST.
520 159 652 216 EVANG.
671 159 717 208 VI.
737 159 777 212 18.
966 155 1030 221 395

59 296 161 383 αὐτῆς
185 299 223 365 ἐν
244 301 394 389 ῥομφαία
417 292 624 366 ἀποκτενεῖ.”
666 301 716 365 40.
738 291 783 365 δι’
811 287 859 368 οἷν
886 296 1029 387 ἡγοῦμαι

58 403 281 481 θεσπίζεσθαι
304 395 363 468 τὸν
387 395 543 486 σεισμδν,
573 400 629 467 καλ
651 393 713 484 τήν
735 405 935 486 καθαίρεσιν
962 403 1029 469 τοῖν

59 496 161 568 πάλαι
179 505 313 587 σεμνῶν
335 503 395 568 τοῦ
414 498 589 570 Ἰουδαίων
613 506 736 578 ἔθνους
759 501 815 567 καὶ
838 493 904 586 ’της
922 503 1029 569 ἐπιτε-

60 603 222 689 λουμένης
244 597 304 670 ὑπ’
331 598 445 670 αὐτῶν
468 606 506 671 ἐν
530 605 570 689 τή
589 593 803 689 Ἰερουσαλὴμ
832 608 1027 689 θρησκείας,

32 700 120 789 ετήν
142 731 178 773 τε
201 697 370 772 ἀπώλειαν
394 702 457 791 τήν
479 706 710 791 μετελθοῦσαν
729 699 851 782 αὐτούς
869 699 950 790 μετά
968 701 1029 789 τήν

57 805 118 873 τοῦ
135 803 282 893 σωτῆρος
305 799 400 892 ήμοὶν
423 810 630 893 παρουσίαν,
656 799 711 873 ὅτε
729 806 1029 892 παραιτησαμένων

57 901 169 974 αὐτῶν
192 903 251 974 τὸν
275 902 419 994 Χριστὸν
441 906 501 975 τοῦ
524 911 626 994 θεοῦ,
650 903 709 975 τὸν
732 901 843 993 ἀληθη
861 903 1026 995 ἀρχιερέα,
1042 934 1096 984 (292)

57 1010 163 1095 λέπρα
190 1003 272 1075 κατά
296 1011 364 1076 τῶν
387 1011 506 1095 ψυχαῖν
534 1005 735 1094 ἐξήνθησεν,
760 1005 872 1097 ὥσπερ
891 997 1027 1077 οὖνκαὶ

58 1110 112 1176 ἐπὶ
129 1111 190 1177 τοῦ
205 1104 329 1195 Όζίου,
347 1105 402 1177 ὅτε
419 1111 475 1177 καὶ
493 1105 624 1201 ἀοράτῳ
650 1105 791 1197 δυνάμει
815 1107 913 1188 αὐτὸς
931 1104 948 1178 5
967 1107 1029 1179 κά-

19 1236 127 1297 ιοριος
155 1207 290 1289 ἐπιστάς
312 1213 360 1300 τῷ
387 1216 620 1302 θυσιαστηρίῳ
645 1204 758 1277 αὐτῶν
780 1206 843 1296 τήν
873 1213 1029 1292 ἐξουσίαν
1043 1238 1095 1289 [181]

58 1315 163 1379 ἔδωκε
181 1313 226 1400 τῷ
246 1307 466 1397 πατάσσοντι,
485 1308 595 1398 φήσας
609 1304 777 1391 “πάταξον
789 1309 828 1378 τὸ
840 1311 1028 1398 θυσιαστή-

57 1407 165 1498 ριον.”
202 1414 254 1479 41.
276 1409 417 1499 δυνάμει
434 1416 519 1498 γοῦν
536 1417 634 1480 τοῦτο
658 1408 780 1498 ἐδήλου
805 1407 1028 1500 λένων“ἀφί-

58 1533 126 1580 εται
150 1509 232 1599 ὑμῖν
255 1508 272 1579 5
297 1510 387 1591 οἶκος
410 1510 505 1600 ὑμῶν
529 1507 682 1601 ἐρημος.”
726 1507 844 1581 αὐτίκα
871 1516 954 1599 χουν
973 1515 1027 1582 ἐπὶ

56 1617 102 1705 τῷ
121 1611 224 1682 πάθει
244 1608 348 1681 αὐτοῦ
362 1607 420 1682 “τό
439 1616 674 1702 καταπέτασμα
696 1616 756 1682 τοῦ
777 1620 862 1683 ναοῦ
888 1618 1027 1702 ἐσχίσθη

18 1743 42 1782 15
56 1711 121 1782 ἀπὸ
139 1710 275 1784 ἀνωθεν
293 1718 354 1795 ἕως
373 1710 496 1802 κάτω,”
516 1711 628 1803 ὥσπερ
646 1705 743 1783 οὖνὸ
764 1710 919 1803 Ἰώσηπος
939 1720 1028 1784 ἱστο-

57 1830 109 1901 ρεῖ
125 1817 300 1903 γενονέναι
318 1814 401 1885 κατά
418 1813 496 1898 τοάς
510 1814 616 1900 Ὀζίου
638 1815 793 1906 χρόνους·
820 1816 890 1885 είτα
908 1815 1028 1906 πρότε-

57 1945 117 2002 ρον
134 1917 196 2006 μὲν
215 1919 353 2005 ἐσείσθη
370 1915 410 1987 τά
428 1915 597 2008 πρόπυλα,
614 1913 669 1987 ὅτε
687 1916 708 2005 ἡ
725 1920 770 2005 μή
788 1922 926 2005 ἐσείσθη
945 1916 1029 1986 κατὰ

56 2015 114 2086 τὸν
132 2021 193 2087 του
209 2017 342 2100 πάθους
361 2018 469 2089 αὐτοῦ
486 2017 616 2108 καιρόν·
651 2014 724 2108 μετ’
745 2018 785 2089 οὐ
810 2016 896 2089 πολι)
916 2020 953 2088 δέ
971 2021 1054 2089 καλε

55 2116 116 2205 τήν
136 2117 277 2207 ἐσχάτην
300 2115 458 2208 ὑπέμεινε
482 2128 610 2190 πτῶσιν
618 2175 628 2208 ,
653 2118 767 2208 λαβών
792 2150 828 2190 τε
853 2120 916 2208 τήν
935 2124 1026 2203 ἐξον-

17 2249 42 2287 εο
57 2226 134 2288 σίαν
164 2214 181 2287 ὁ
214 2218 396 2291 πατάσσειν
427 2223 582 2304 διέκοψεν
612 2227 659 2301 είς
689 2219 835 2308 κεφαλάς
859 2220 1026 2291 ἁπάντων,

56 2325 106 2388 42.
128 2317 210 2388 κατά
227 2328 324 2388 τουτο
350 2320 391 2407 δή
411 2312 472 2389 οὗν
489 2325 550 2390 τοῦ
567 2325 685 2408 καιροῦ
710 2324 766 2390 καὶ
790 2317 942 2408 ήκοιλάς
960 2326 1027 2391 τῶν

56 2426 115 2490 τοῦ
134 2425 219 2490 θεοῦ
243 2419 350 2511 ὀρέων
374 2419 558 2510 ε’νεφράχη,
588 2418 700 2509 ὥσπερ
723 2412 787 2490 οὖν
810 2424 949 2508 γέγονεν
974 2424 1027 2489 ἐπὶ

52 2521 174 2606 Ὀζίου·
202 2522 284 2610 πρὸς
302 2523 366 2611 μὲν.
381 2521 482 2611 ῥητὸν
500 2525 556 2591 καὶ
574 2525 664 2604 λέξιν
684 2518 765 2590 κατά
782 2518 844 2608 τήν
858 2517 1028 2609 Ῥωμαίων

57 2631 271 2715 πολιορκίαν,
298 2622 375 2694 καθ’
404 2621 447 2711 ἣν
469 2623 561 2713 οἶμαι
586 2629 758 2713 συμβῆναί
778 2651 854 2692 τινα
877 2630 1027 2710 τοιαῦτα,

19 2754 43 2792 25
59 2725 140 2814 πρὸς
170 2726 206 2794 δέ
232 2724 385 2796 διάνοιαν
408 2723 462 2796 ὅτε
485 2721 505 2813 ή
531 2722 701 2814 σωματική
731 2726 787 2794 καὶ
812 2729 1027 2810 ταπεινοτέρα

57 2830 116 2893 τοῦ
135 2828 286 2906 Μωσέως
304 2826 410 2915 νόμον
429 2835 565 2915 λατρεία
578 2823 783 2913 ἀπεκλείσθη
799 2832 845 2906 είς
858 2826 895 2895 τὸ
913 2828 1029 2915 μηκέτι

59 2929 271 3014 ἐνεργεῖσθαι
298 2924 352 2995 διά
375 2926 435 2997 τδν
459 2925 595 3016 σεισμὸν
613 2924 671 2996 τὸν
696 2924 882 2997 ἐπελθόντα
899 2955 1027 3016 προφη-

56 3032 154 3107 τικῶς
174 3030 206 3109 ἐξ
218 3030 350 3098 ἐκείνου
363 3031 411 3120 τῷ
423 3026 596 3098 Ἰουδαίων
607 3035 712 3116 ἔθνει,
731 3031 787 3097 καὶ
804 3025 858 3097 διά
875 3027 915 3096 τά
930 3026 1028 3097 λοιπά

57 3129 96 3198 τά
115 3126 400 3218 ἀναγεγραμμένα.
438 3129 519 3217 μετὰ
536 3135 640 3200 ταῦτα
656 3127 877 3217 ἐπαναλαβών
894 3128 912 3197 5
931 3126 1027 3215 λόγος

20 3259 45 3298 εο
59 3229 118 3321 τὴν
136 3235 196 3300 τοῦ
220 3237 340 3320 κυρίου
364 3238 556 3320 παρουσίαν
578 3234 785 3320 σαφέστερον
807 3226 1028 3317 ἀνακηρύττει

128 3466 160 3512 ιι
178 3465 278 3516 Matth.
292 3465 334 3528 ετ,
348 3465 390 3516 51.
