2326 3818
139 114 202 177 336
559 111 709 163 ωυεειιιι

142 258 178 323 ἐν
196 255 341 342 νεφέλῃ,
360 253 415 320 καὶ
434 252 580 339 παρέστη
599 247 689 343 αὐτῷ
708 254 796 335 ἐκεῖ,
821 252 876 318 καὶ
896 247 1057 321 ἐκάλεσεν
1077 256 1115 323 ἐν

140 351 277 442 ὀνόματι
301 348 455 444 κυρίου.”
497 349 622 421 οὐκοῦν
648 347 746 432 αὐτὸς
769 345 787 419 5
811 349 924 438 κύριος
947 351 1011 438 τὴν
1028 350 1114 423 ὑπό-

141 476 255 543 σχεσιν
280 453 343 541 τὴν
367 451 471 523 αὑτοῦ
494 449 681 543 πληρωσων
705 448 847 539 κάτεισι,
873 448 928 520 καί
952 448 1070 545 ὥσπερ
1095 452 1112 525 5

142 554 237 643 λόγος
261 558 361 643 φησὶ,
387 552 518 643 πρόεισι
541 550 605 643 πρό
629 550 810 642 προσώπου
833 557 953 640 Μωσῆ.
998 559 1029 624 4.
1055 557 1113 625 καὶ

141 655 239 737 αὐτός
260 657 297 725 δέ
314 653 332 725 5
351 654 463 742 κύριος
482 664 578 723 καλεῖ
594 657 701 742 λέγων
715 648 833 744 “κάριε
850 648 868 722 ὁ
886 653 967 734 θεὸς
985 662 1136 745 οίκτίρο

140 787 214 847 μων
231 759 287 826 καὶ
307 751 477 844 ἐλεήμων”
496 753 609 823 καὶτὰ
628 757 719 843 ἑξῆς,
745 757 859 843 σαφῶς
883 751 900 822 ὁ
919 752 1036 844 κύριος
1054 754 1113 827 τόν

141 856 335 948 θεράποντα
355 853 475 925 ἑαυτόν
493 884 528 925 τε
545 852 634 935 ὅστις
654 866 705 944 είη
724 858 779 924 καὶ
802 853 864 943 τὴν
886 858 946 924 τοῦ
964 863 1112 945 κρείττο-

141 987 198 1037 νος
216 963 336 1043 κυρίου
354 959 480 1044 γνῶσιν
497 963 734 1044 μυσταγωγῶν.
766 963 863 1026 τοῦτο
874 960 913 1025 δέ
929 976 983 1026 σοι
1000 984 1114 1048 παρα-

142 1055 254 1144 στήσει
273 1064 357 1127 ένθα
376 1055 640 1147 προσευχόμενος
657 1055 742 1144 ὑπὲρ
760 1061 819 1127 τοῦ
837 1059 920 1127 λαοῦ
937 1061 1007 1128 των
1027 1086 1111 1149 προ-

142 1159 304 1246 κειμένων
321 1165 380 1229 τοῦ
398 1167 518 1248 κυρίου
536 1157 737 1247 μνημονεύει
755 1163 881 1246 φωνῶν
903 1155 962 1227 τόν
987 1157 1111 1247 κόριον
1123 1184 1147 1225 ιο

115 1265 245 1329 εταῦτα
270 1262 454 1349 εἰρηκέναι,
478 1256 550 1329 ἀλλ’
578 1257 640 1329 οὐκ
658 1255 779 1348 αὐτόν,
805 1261 841 1327 έν
864 1255 914 1339 οἷς
933 1282 1017 1348 φησι
1031 1254 1113 1331 “aaz

141 1365 207 1431 νῦν
229 1358 402 1450 ὑψωθήτω
427 1359 447 1448 ἡ
471 1368 542 1449 χείρ
567 1381 648 1446 σου,
672 1359 784 1448 κύριε,
807 1355 848 1428 ὃν
865 1357 990 1447 τρόπον
1015 1360 1113 1443 εἶπας

142 1465 267 1550 λέγων,
292 1460 405 1551 κύριος
428 1458 644 1551 μακρόθυμος
668 1464 723 1530 καὶ
746 1462 923 1541 πολυέλεος
948 1463 1004 1531 καί
1028 1458 1110 1551 ἀλη-

141 1562 256 1651 θινός,
280 1561 435 1653 ἀφαιρεῖν
459 1561 598 1650 ἀνομίας
625 1564 681 1631 καί
705 1557 837 1641 ἀδικίας
860 1563 915 1631 καί
934 1556 1111 1652 ἀμαρτίας,

142 1665 198 1733 καὶ
216 1671 415 1755 καθαρισμςό
440 1659 480 1734 οὐ
502 1675 661 1751 καθαριεῖ
681 1660 739 1732 τόν
763 1670 898 1751 ἔνοχον,
924 1661 1111 1747 ἀποδιδοὺς
1123 1690 1147 1733 ιι

141 1759 302 1852 ἁμαρτίας
320 1766 473 1852 πατέρων
492 1766 545 1832 ἐπὶ
564 1765 663 1833 τέκνα
686 1767 748 1843 ἕως
773 1765 828 1832 ἐπὶ
852 1770 967 1851 τρίτην
986 1767 1044 1836 καὶ
1060 1792 1112 1837 τε·

141 1862 265 1954 τάρτην
281 1861 435 1952 γενεάν.”
468 1870 497 1933 5.
518 1862 664 1953 ἐπιτήρει
689 1864 725 1933 δὲ
744 1871 820 1934 τίνα
837 1862 962 1952 τρόπον
977 1868 1014 1935 ἐν
1031 1864 1113 1937 του’-
1144 1910 1148 1915 -

141 1994 208 2045 τοις
224 1963 322 2044 αὐτός
340 1963 358 2034 5
372 1962 485 2054 κύριος
498 1961 556 2033 τόν
565 1966 690 2054 πατέρα
703 1962 923 2055 μακρόθυμον
937 1968 992 2035 καὶ
1008 1976 1110 2039 πολυ-

142 2068 236 2134 έλεον
261 2062 406 2134 ἐπειπών
430 2072 630 2154 προστίθησι
654 2067 762 2154 λέγων
771 2061 889 2155 ,αὐτόν
907 2069 963 2136 καὶ
988 2065 1112 2156 ἀληθι-
1139 2124 1145 2137 ,

113 2163 219 2250 ενὸν,
247 2164 435 2253 συμφώνως
461 2169 507 2260 τῷ
527 2163 607 2236 “Uva
633 2167 847 2255 γιγνώσκωσί
870 2189 908 2238 σε
929 2164 988 2237 τόν
1005 2164 1148 2257 μόνονιο

141 2263 307 2353 ἀληθινόν
323 2265 424 2354 θεὸν,
444 2271 480 2337 έν
500 2263 704 2356 εὐαγγελίοις
721 2266 781 2357 ὑφ’
804 2265 876 2350 ἑνός
894 2271 951 2338 καὶ
967 2273 1031 2339 τοῦ
1049 2268 1114 2341 αὐ-

141 2371 201 2436 τοῦ
218 2371 365 2458 σωτῆρος
379 2363 475 2457 ἡμῶν
494 2367 693 2461 είρημένφ.”
719 2367 825 2459 μόνον
842 2373 926 2457 γοῦν
942 2365 1113 2458 ἀληθινόν

140 2468 224 2539 θεὸν
242 2468 374 2559 σφόδρα
389 2468 536 2559 εὐσεβῶς
550 2468 714 2539 ἀποκαλεῖ
724 2468 783 2539 τὸν
796 2472 934 2559 πατέρα,
952 2467 989 2540 τό
1006 2494 1112 2563 προσ-

140 2574 223 2657 ῆκον
245 2569 424 2660 ἀπονέμων
448 2575 548 2657 σέβας
573 2574 614 2660 τῇ
637 2566 808 2663 ἀγεννήτφ
834 2570 952 2660 φύσει,
982 2561 1023 2659 ἧς
1047 2570 1112 2645 αὖ·

141 2668 199 2740 τὸν
217 2668 331 2741 εἰκόνα
350 2671 438 2740 είναι
454 2673 510 2740 καὶ
530 2672 678 2760 γέννημα
696 2677 731 2741 οί
746 2684 836 2742 θεῖοι
855 2670 947 2761 λόγοι
965 2673 1112 2745 παιδεά-
1123 2702 1148 2743 τι

141 2790 246 2838 ουσιν.

149 2917 342 2928 ---.-

209 3001 242 3050 20
259 3000 302 3052 J0.
317 3003 356 3062 17,
369 3005 394 3053 3.
