2326 3818
318 92 502 188 υευουευ.
520 136 654 188 Ενεαυ.
674 136 723 188 IX.
743 135 784 184 18.
968 133 1031 197 619

58 282 266 368 προφητείαν
283 273 464 365 ὀχούμενος
480 271 549 368 όνφ
566 273 629 364 τήν
647 277 684 345 ἐν
700 277 748 367 τῷ
765 282 915 366 Ζαχαρίηι
929 272 1030 365 πρόρ-

60 402 158 472 ρησιν
174 377 332 469 ἐπλήρου,
350 374 433 447 κατὰ
450 374 509 446 τδν
525 387 623 448 θετον
638 371 877 464 εὐαγγελιστήυ
895 382 930 446 os
939 374 1032 464 ὄχλοι

60 479 263 570 προάγοντες
293 475 396 549 αὐτόν
425 479 479 548 καὶ
512 473 780 557 ἀκολουθοῦντες
812 475 1032 565 ἐπευφήμουν

59 585 213 672 λέγοντες
226 576 293 661 “δς
311 578 397 650 ιἰννδι
414 582 462 674 τῷ
478 582 543 672 υίηὶ
556 579 681 666 Δαβὶδ,
701 574 921 666 εὐλογημένος
938 576 957 646 5
977 583 1033 668 ἐρ-

33 711 47 752 ι
59 683 197 775 χόμενος
222 686 260 752 ἐν
285 679 422 770 ὀνόματι
450 688 588 773 κυρίου,
619 677 663 762 ὥς
687 675 773 749 ἆννοὶ
798 683 835 749 ἐν
857 693 926 759 τοῖς
949 673 1060 761 ὁδί-ε

59 808 158 867 στοις.
201 789 230 854 3.
258 782 313 853 ὅτε
330 785 386 853 καὶ
405 781 615 868 εἰσελθόντος
633 777 740 852 αὐτοῦ
764 787 812 862 είς
837 777 1031 868 τδιἹεροσό-

59 896 148 976 λυμα
166 890 305 974 ἐσείσθη
322 888 412 955 πᾶσα
430 880 563 974 ἡπόλις
581 882 766 973 λεγόντων,
791 890 841 963 τίς
865 884 955 952 ἐστὶν
972 871 1030 952 οὗ·

58 1017 131 1074 τος;
162 993 197 1060 οί
218 988 256 1058 δὲ
279 984 370 1078 ὄχλοι
397 995 529 1075 ἔλεγον,
561 975 658 1068 οὗτός
690 990 780 1056 ἐστιν
810 980 828 1056 5
858 981 1030 1073 προφήτης
1044 1014 1099 1068 [εοει

54 1087 193 1178 Ἰησοῦς,
212 1085 230 1159 5
248 1085 313 1158 ιἰπδ
331 1088 493 1176 Ναζαρὲθ
509 1093 567 1174 τῆς
584 1082 794 1167 Γαλιλαίας.”
821 1091 851 1156 4.
873 1089 945 1156 ἐπεὶ
961 1094 1032 1156 τοί-

21 1217 48 1258 ιο
60 1220 125 1261 νυν
139 1194 176 1259 ἐκ
186 1195 246 1259 τοῦ
261 1191 481 1277 προκειμένου
492 1194 633 1276 Ψαλμοῦ
653 1197 781 1276 εἴρηται
798 1182 1030 1275 τδ“οδςιίυυά,”

58 1287 139 1378 ὅπερ
157 1291 368 1378 ἑρμηνευθέυ
386 1286 630 1378 δηλοῑ“σο5σον
648 1286 690 1376 δή
697 1284 725 1375 ,”
744 1287 781 1357 τὸ
806 1289 842 1357 δέ
856 1283 1033 1377 Ἐβραϊκόυ

54 1387 161 1462 “awa
176 1386 323 1461 Ἀδωυαλ·
338 1388 382 1470 ὦς
400 1385 505 1460 ιἰνυοί”
523 1392 686 1479 περιέχει,
712 1385 797 1458 ἀλλὰ
820 1389 876 1457 καὶ
900 1387 936 1458 τδ
950 1384 1032 1456 “25-

58 1493 238 1582 λογημένος
255 1489 274 1562 5
289 1488 464 1580 ἐρχόμενος
483 1494 520 1560 ἐν
532 1488 671 1579 ὀνόματι
685 1487 834 1579 κυρίου,”
851 1487 1030 1578 ἐπειδήπερ

58 1596 114 1662 καὶ
124 1590 206 1662 αὐτδ
215 1590 281 1662 ιἰπδ
291 1594 352 1662 τοῦ
363 1590 468 1662 αὐτοῦ
482 1596 623 1680 Ψαλμοῦ
633 1599 858 1681 μετείληπται,
872 1595 977 1660 ταῦτα
993 1591 1031 1659 δέ

22 1721 47 1763 ιι
60 1697 175 1781 σαφῶς
194 1696 249 1764 ἐπὶ
265 1693 324 1764 τὸν
341 1690 487 1782 Χριστόν
504 1695 565 1763 τοῦ
581 1696 668 1763 θεοῦ
684 1689 918 1780 ιἰνενήνεκται,
945 1688 1030 1760 είκό-

58 1823 122 1877 τως
141 1801 188 1875 είς
206 1791 309 1867 αὐτόν
327 1797 383 1864 καὶ
405 1791 446 1864 τοὶ
464 1790 563 1864 λοιποὶ
585 1797 644 1882 τής
668 1791 884 1884 προρρήσεως
909 1790 1030 1881 ἐξειλή-

59 1925 180 1987 φαμεν.
220 1902 250 1969 5.
279 1887 375 1978 οὗτος
400 1894 465 1988 γάρ
489 1891 537 1967 οδν
562 1894 719 1986 τυγχάνει
743 1892 981 1984 εὐλογημένος,
1013 1892 1060 1963 ὁι

60 2001 117 2069 καὶ
136 1994 186 2067 δι’
207 2001 323 2090 ἑτέρου
340 1996 515 2087 προφήτου
533 1996 769 2089 ὠνομασμένος
782 1991 822 2067 “5
839 1990 1031 2087 ἐρχόμενος”

60 2105 120 2170 τοῦ
138 2097 307 2188 φήσαντος
320 2097 393 2169 “ἐτι
410 2098 541 2191 μικρόν,
560 2104 617 2170 καὶ
633 2099 651 2170 5
671 2098 846 2189 ἐρχόμενος
864 2097 957 2189 ήξει,
976 2103 1032 2169 καὶ

22 2229 48 2269 ιο
61 2200 101 2271 οὐ
118 2198 164 2290 μή
182 2197 350 2292 χρονίση,”
370 2197 405 2282 δς
424 2205 480 2270 καὶ
498 2198 668 2288 ἐλήλυθεν
693 2205 730 2270 ἐν
752 2198 890 2288 ὀνόματι
913 2208 1033 2287 κυρίου

13 2320 16 2325 ’
59 2304 119 2373 τοῦ
136 2306 222 2373 θεοῦ
239 2303 294 2372 καὶ
313 2299 436 2391 πατρὸς
453 2299 568 2370 αὑτοῦ.
588 2298 688 2382 αὐτός
706 2298 735 2369 δ’
752 2297 795 2370 διν
809 2313 861 2389 είη
879 2303 934 2370 καὶ
952 2299 1032 2382 θεὸς

60 2402 174 2494 κύριος
191 2399 209 2473 5
229 2404 403 2491 ἐπιφανεὶς
416 2400 505 2490 ἡμῖν.
526 2404 563 2471 ἐν
576 2396 714 2489 ὀνόματι
727 2407 811 2488 γοῦν
828 2407 888 2471 τοῦ
908 2399 1032 2485 πατρὸς

61 2500 167 2575 αὑτοῦ
192 2506 349 2593 ὁμολογεῖ
371 2505 573 2592 ἐληλυθέναι
602 2505 710 2591 λέγων
738 2500 820 2590 πρὸς
849 2498 927 2582 τοδς
952 2496 1031 2570 Ἰου·
1096 2559 1100 2567 .

63 2610 178 2685 δαίους
209 2600 321 2694 “ἐγοδ’
338 2602 488 2694 ἐλήλυθα
520 2608 557 2676 ἐν
582 2610 629 2698 τῷ
656 2599 793 2692 ὀνόματι
819 2609 878 2672 τοῦ
908 2600 1031 2689 πατρός

21 2708 226 2812 εε,·,νιήιδιυαὶ
249 2704 289 2778 οὐ
313 2706 500 2796 λαμβάνετέ
520 2726 575 2796 με·
609 2703 708 2788 ἄλλος
732 2704 791 2777 ἐὰν
813 2713 898 2795 ἔλθη
927 2708 964 2776 ἐν
985 2706 1033 2797 τῷ

60 2808 198 2898 ὀνόματι
224 2815 271 2901 τῷ
296 2815 358 2901 ίδί,
384 2861 394 2896 ,
426 2813 556 2879 ἐκεῖνον
579 2803 761 2896 λήψεσθε.”
801 2813 830 2878 6.
858 2803 959 2888 αὐτὸς
991 2803 1033 2894 δή

60 2899 124 2981 οὖν
141 2899 237 2991 οὗτος
255 2908 273 2980 5
291 2910 465 2998 ἐπιφανεὶς
488 2904 569 2998 ήμῑν
592 2909 671 2990 θεὸς
697 2906 828 3000 κύριος,
855 2907 873 2978 5
893 2907 1034 2998 εὐλογη-

60 3014 177 3101 μέυος,
203 3009 222 3081 5
241 3008 353 3082 ἐλθοδν
376 3015 413 3080 ἐν
430 3005 565 3098 ὀνόματι
584 3016 722 3100 κυρίου,
747 3006 846 3091 αὐτὸς
873 2999 917 3096 ήν
940 3007 1031 3080 καὶὸ

62 3122 176 3202 λίθος,
203 3109 245 3184 δν
267 3111 520 3200 ἀπεδοκίμασαν
545 3115 580 3181 ot
600 3109 702 3180 πάλαι
725 3106 889 3199 πρότερον
912 3110 971 3180 τὸν
994 3115 1031 3179 ἐκ
1043 3129 1098 3181 (460)

23 3219 241 3315 εοπεριτομής
259 3211 340 3285 λαδν
359 3213 415 3283 διδι
432 3217 490 3300 τῆς
504 3219 690 3300 Μασαϊκής
710 3217 926 3291 διδασκαλίας
944 3217 1031 3281 οίκο·

130 3383 148 3431 4
165 3381 263 3435 Matth.
281 3383 324 3444 21,
343 3381 367 3432 9.
543 3379 574 3428 19
592 3377 723 3439 Habbak.
742 3378 765 3438 2,
786 3379 810 3427 3.
846 3375 919 3428 Heb.
934 3379 974 3439 10,
988 3380 1032 3428 3λ.

66 3450 99 3499 24
116 3447 160 3498 Jo.
174 3451 199 3512 ὅ,
211 3450 253 3504 43.
