2326 3818
221 140 224 145 '
322 155 724 212 DEMoNsT.nvANG.1x,
744 159 766 207 1.
969 156 1033 220 565

63 299 121 383 τής
150 293 382 386 μητροπόλεως
406 288 525 364 αὐτόν
554 293 776 367 πεπονθότων
804 293 903 365 ὁποῖα
933 295 1033 368 οὐδε-

64 395 216 485 πώποτε,
235 393 276 466 ού
293 399 431 487 μακρῶν
451 401 524 466 δεῖν
541 395 632 485 οἶμαι
647 394 774 485 λόγων.-

143 503 191 568 11.
215 495 315 569 Ἀλλόι
331 497 372 568 τὰ
389 497 452 587 μὲν
476 499 533 588 τῆς
550 506 749 587 συμφωνίας
772 501 831 587 τής
848 526 884 568 τε
902 525 1030 590 προφη-

63 603 155 688 τικής
180 597 395 690 προρρήσεως
424 600 479 668 καὶ
509 600 567 687 τής
599 594 814 688 εύαγγελικῆς
839 600 1034 691 συμπεραίν-

38 722 148 782 εσεως
168 691 235 772 τόδέ
250 728 321 783 πως
340 703 439 791 ἐχέτω
457 702 589 784 τέλους·
613 708 649 772 τί
664 698 697 770 δ’
722 691 765 791 ἦν
787 697 824 772 τό
843 712 949 772 αίτιον
974 707 1033 791 τής

64 800 274 893 ἐπιλόμφεως
301 806 362 874 τού
390 805 554 928 φανέντος
585 800 723 895 ἀστέρος
750 809 904 875 συνιδεῖν
929 801 1030 887 ἄξιον.

64 911 111 987 είς
130 902 250 996 σημεῖά
263 926 369 996 φησιν
386 902 404 974 5
419 907 548 993 Μωσῆς
567 906 624 976 καὶ
645 912 693 987 είς
706 934 842 996 καιρονς
855 917 1033 976 τεθεῖσθαι

63 1006 142 1090 τούς
161 1005 288 1090 πόντοίς
308 1011 344 1078 ἐν
368 1035 415 1102 τφ
439 1005 642 1098 στερεωματι
659 1005 725 1078 ὑπό
749 1011 810 1078 τού
833 1015 917 1078 θεοῦ
936 1004 1034 1079 ἄστε’-

64 1129 140 1198 ρας
159 1110 252 1193 ξένος
271 1109 308 1178 δε
325 1100 369 1198 ἦν
386 1105 499 1178 καὶ’
460 1137 501 1178 ου
519 1107 689 1200 συνήθης,
714 1105 858 1178 ούδδ
813 1137 881 1179 των
900 1114 1034 1181 πολλων

26 1241 51 1280 10
64 1213 120 1280 καὶ
139 1218 319 1301 γνωρίμων
343 1205 408 1298 εἷς,
433 1207 518 1280 νἰλλό
540 1238 589 1292 τις
612 1207 726 1292 καινός
749 1213 806 1279 καὶ
829 1213 903 1292 νέος
927 1209 1062 1302 ίιστήρο

65 1314 238 1401 ἐπιφανεὶς
262 1340 307 1404 τφ
338 1318 403 1405 βίω
427 1326 567 1400 σημεῖον
589 1315 686 1396 ξένου
710 1316 886 1436 φωστήρρς
912 1310 1033 1401 ἐδήλου

64 1412 339 1502 καταλάμψαντος
357 1416 404 1506 τῷ
428 1415 530 1483 παντὶ
552 1412 687 1540 κόσμφ,
715 1408 751 1495 δς
775 1403 818 1537 ήν
848 1411 865 1482 5
890 1413 1033 1503 Χριστὸς

64 1517 124 1584 τού
154 1518 260 1602 θεού,
291 1515 393 1605 μέγας
421 1517 477 1584 καὶ
508 1512 626 1596 νέος’
608 1515 731 1605 αστήρ,
762 1505 804 1584 οὗ
829 1512 890 1603 τήν
921 1513 1033 1585 εἰκόνα

65 1611 321 1706 συμβολικως
305 1645 323 1740 ρ
355 1618 474 1706 φανεὶς
503 1613 577 1686 τότε
602 1631 671 1697 τοῖς
699 1615 816 1706 μόγοις
843 1619 1031 1705 ἐπεφέρετο.

28 1723 117 1788 1512.
139 1715 313 1807 ἐπειδή
273 1747 338 1810 γαρ
352 1713 433 1788 καθ’
453 1716 532 1808 όλης
549 1721 607 1807 τῆς
626 1721 716 1807 ίερᾶς
731 1720 786 1787 καὶ
800 1716 1033 1791 θεοπνεύστου

66 1823 196 1911 γραφῆς
213 1818 230 1890 5
250 1819 500 1913 προηγούμενος
524 1827 582 1909 τής
605 1826 757 1901 διανοίας
775 1818 897 1900 σκοπὸς
915 1845 1034 1909 μυστι-

65 1921 274 2014 κύτερακαὶ
297 1935 378 1994 θεῖα
408 1922 564 2013 βούλεται
592 1920 766 1993 παιδεύειν
792 1918 874 2012 μετὰ
896 1925 957 1991 τού
978 1925 1034 1990 καὶ

65 2022 127 2112 τήν
145 2023 322 2115 πρόχειρον
342 2022 495 2096 διάνοιαν
512 2023 677 2110 σιόζεσθαι
697 2027 733 2094 ἐν
751 2026 843 2116 μέρει
860 2027 928 2094 των
946 2029 1035 2094 ἱστο-

67 2129 167 2213 ρικῶς
198 2127 461 2216 πεπραγμένων,
500 2124 634 2207 είκότως
671 2128 727 2196 καὶ
758 2121 778 2215 ή
811 2123 893 2216 μετὰ
923 2141 1036 2216 χεῖρας

28 2256 54 2295 ιο
68 2223 249 2316 πρόρρησις
269 2230 452 2316 ἐπληροῦτο
469 2227 552 2316 πρὸς
569 2228 659 2310 λέξιν
680 2229 733 2296 ἐπὶ
751 2231 793 2317 τῇ
809 2232 867 2296 τοῦ
886 2254 1035 2315 προανα-

67 2327 286 2415 φωνηθέντος
315 2323 451 2417 ἀστέρος
484 2331 538 2397 ἐπὶ
568 2331 611 2414 τή
636 2332 765 2415 γενέσει
795 2331 856 2397 τού
887 2332 1034 2415 σωτήρος

66 2423 162 2517 ἡμων
192 2436 388 2521 προφητείᾳ.
439 2433 489 2498 13.
521 2434 693 2517 γίγνονται
716 2429 778 2517 μέν
803 2419 865 2497 οὖν
889 2430 944 2495 καὶ
974 2423 1029 2513 ἐφ’
1045 2459 1101 2509 (ωο)

67 2532 190 2620 ἑτέρων
215 2528 379 2613 ἐπιδόξων
403 2532 459 2600 καὶ
485 2533 660 2621 ἐπιφανῶν
679 2527 816 2619 ἀνδρῶν
840 2526 1034 2612 ξενιζόντων

67 2630 217 2722 ἀστέρων
237 2629 431 2722 ἐκλύμφεις,
450 2626 523 2703 οἷον
541 2639 609 2703 τῶν
626 2633 843 2722 καλουμένων
860 2628 950 2721 παρό
968 2653 1033 2699 τισι

28 2763 54 2804 25
68 2737 239 2823 κομητῶν,
258 2730 278 2823 ή
298 2741 461 2823 δοκίδων,
480 2728 502 2824 ή
520 2739 725 2825 πωγωνιῶν,
749 2731 770 2823 ή
788 2763 891 2804 τινων
910 2735 1033 2823 ἑτέρων

66 2833 196 2918 τούτοις
226 2845 471 2926 παραπλησίων
506 2839 560 2906 ἐπὶ
595 2835 750 2926 μεγάλοις
780 2834 971 2927 πράγμασιν
1002 2840 1034 2918 ἐξ

68 2943 171 3018 ἔθους
189 2933 478 3027 ἄναφαινομένων.
523 2943 572 3006 14.
591 2934 675 3007 ἆλλόι
699 2945 734 3006 τί
754 2935 818 3028 γόιρ
844 2932 1035 3026 κρείττονή

67 3046 179 3127 μεῖζον
199 3043 245 3132 τῷ
261 3041 360 3108 παντὶ
381 3036 493 3132 κόσμῳ
508 3036 629 3127 γένοιτ’
651 3034 694 3108 όν
712 3064 791 3109 ποτε
809 3033 830 3127 ή
848 3037 883 3108 τό
904 3037 959 3107 διόι
977 3042 1034 3124 τῆς

67 3147 235 3231 σωτηρίου
243 3137 908 3231 ἐπιφανείαςπᾶσινύπάρξανἀνθρώποις
916 3136 1034 3226 νοερόν

27 3270 54 3310 εο
70 3245 159 3329 φοῖς,
180 3237 351 3330 εὐσεβείας
369 3243 426 3312 καὶ
443 3249 653 3330 θεογνωσίας
677 3237 826 3330 ἄληθούς
849 3236 1035 3327 κατάληψιν
1050 3273 1062 3313 ι

67 3459 207 3533 σημεῖον
224 3440 242 3514 5
261 3448 445 3538 προφανεὶς
464 3444 586 3535 ἐδήλου
609 3441 733 3535 όστήρ,
758 3447 865 3534 μέγαν
883 3445 938 3513 καὶ
955 3445 1036 3514 νέον
