2326 3818
324 118 766 170 DEMONST.EVANG.IV.16.
968 113 1030 177 261

61 268 130 332 τῶν
147 255 254 348 ἀγίων
271 255 408 350 ἀνδρῶν
427 255 528 347 εὐχὴν
546 253 734 345 ἀναπέμπει
752 262 799 336 είς
816 253 852 325 τὸ
870 260 930 326 τοῦ
949 266 1032 345 Χρι-

63 364 145 431 στοῦ
162 359 350 449 πρόσωπον.
385 357 500 453 ἐπειδὴ
513 357 577 449 γὰρ
596 355 642 426 δι’
663 356 749 446 ἡμᾶς
767 359 822 425 καὶ
835 352 919 445 ὑπὲρ
938 352 1057 445 ἡμωνι

64 467 177 532 πᾶσαν
207 459 386 544 ἀνεδέξατο
417 457 519 549 ὕβριν
551 456 832 547 ἐνανθρωπήσας,
864 455 1033 550 εὐχομένω

64 562 155 656 αὐτῷ
178 565 234 630 καὶ
259 565 406 654 δεομένω
432 559 633 647 τοῦπατρὸς
656 558 742 648 ὑπὲρ
765 557 860 647 ἡμῶν
880 557 1033 628 διδασκό-

37 676 154 753 ιμεθα
172 660 410 751 συνεύχεσθαι,
429 659 484 733 οἷα
499 660 540 749 δὴ
555 658 633 742 τούς
647 657 728 731 καθ’
748 658 844 749 ἡμῶν
858 663 1033 747 πολέμους,

65 777 130 835 είτε
147 759 288 855 ὀρατούς
307 775 373 834 είτε
392 766 447 834 καὶ
466 761 646 852 ἀοράτους,
665 760 873 853 ἀμυνομένῳ.
908 758 959 830 διὸ
978 767 1037 828 καί

63 895 175 955 φαμεν
187 861 283 955 ἡμεῖς
297 863 378 956 πρὸς
389 862 492 935 αὐτὸν
506 859 570 934 ἀπὸ
583 868 642 934 τοῦ
653 868 795 953 Ψαλμοῦ
805 861 910 942 οὕτως
918 870 1034 951 ἔχοντα

58 962 266 1038 “ε’πακον’σαι
285 988 346 1036 σου
365 967 479 1055 κύριος
498 970 535 1036 ἐν
552 965 658 1056 ἡμέρᾳ
671 963 822 1048 θλίψεως
841 986 915 1051 σου,
932 959 1034 1050 ὑπερ·

65 1076 203 1138 ασπίσαι
221 1089 283 1138 σου
301 1065 337 1137 τό
355 1065 461 1156 ὄνομα
478 1070 537 1137 τοῦ
551 1071 635 1136 θεοῦ
649 1063 774 1153 Ἰακώβ.
808 1068 1035 1147 ἐξαποστείλαι

26 1201 51 1240 10
65 1192 117 1239 σοι
135 1168 299 1256 βοήθειαν
319 1172 351 1250 ἐξ
365 1163 476 1256 ἀγίου,
495 1171 550 1237 καὶ
562 1171 598 1236 ἐκ
609 1163 703 1236 Σιάν
716 1164 926 1254 ἀντιλάβοιτό
944 1161 1035 1235 σου.”

144 1275 192 1337 11.
219 1267 290 1338 Εἶτ’
321 1267 500 1358 ἐπειδήπερ
526 1270 617 1339 ἐστίν
640 1275 765 1337 οίκεῖον
792 1263 883 1359 αὐτῷ
905 1265 963 1336 ἀτε
980 1295 1036 1355 με·

66 1368 157 1462 γάίῳ
175 1366 246 1438 ὅυτι
265 1365 413 1458 ἀρχιερεῖ
430 1369 487 1449 τὰς
502 1372 538 1438 ἐν
553 1373 757 1456 δοξολογίαις
771 1371 827 1436 καὶ
846 1375 1035 1454 θεολογίαις
1049 1391 1063 1430 ι

66 1468 292 1558 πνευματικὰς
321 1477 510 1562 ἱερουργίας
541 1465 628 1558 ὑπὲρ
658 1467 755 1558 ἡμῶν
787 1472 948 1555 ἐκτελεῖν,
980 1471 1036 1535 καὶ

67 1569 246 1660 ἐπειδήπερ
265 1567 319 1640 οίά
336 1599 372 1640 τε
391 1569 500 1661 ίερεύς
518 1567 617 1652 αὐτός
631 1599 666 1641 τε
682 1568 803 1640 ἑαυτὸν
817 1572 873 1640 καὶ
890 1566 930 1639 ὃν
948 1567 1039 1638 ἀνει-

28 1706 52 1744 15
66 1682 174 1760 ληφεν
205 1668 269 1741 ἀπό
293 1677 354 1759 γῆς
380 1669 677 1761 ἀνθρωπονδπδρ
701 1667 797 1761 ἡμων
820 1667 1037 1758 ὁλοκαύτωμα

65 1771 317 1865 προσανήνεγκε
343 1779 389 1867 τῷ
416 1777 488 1867 θεῷ
514 1776 570 1843 καὶ
588 1776 705 1862 πατρὶ,
732 1771 786 1841 διά
811 1772 908 1842 τοῦτό
926 1800 1038 1859 φαμεν

65 1873 157 1968 αὐτῷ
170 1870 361 1963 ’μνησθείη
386 1872 493 1963 πάσης
517 1883 642 1955 θυσίας
665 1895 744 1960 σου,
769 1877 825 1943 καὶ
842 1870 879 1943 τό
897 1868 1037 1942 ὁλοκαυ-

65 1975 157 2063 τωμά
183 1996 246 2044 σου
271 1972 454 2045 πιανάτω,”
501 1981 550 2044 12.
570 1979 626 2046 καὶ
653 1978 724 2044 ἐπεὶ
749 1973 857 2045 πάντα
875 1971 935 2044 ὅσα
955 1983 1038 2062 βου-

66 2074 198 2145 λεύεται
216 2075 363 2166 σωτήριά
382 2079 449 2145 ἐστι
463 2080 519 2145 καὶ
533 2073 684 2165 ὠφέλιμα
699 2081 736 2146 ἐν
749 2081 796 2168 τῷ
809 2075 934 2168 κόσμῳ,
954 2073 1038 2144 είκό-

29 2208 54 2247 ιο
68 2203 131 2254 τως
156 2180 391 2265 ἐπιφωνοῦμεν
415 2174 504 2269 αὐτῷ
541 2175 637 2270 “δωή
661 2197 713 2247 σοι
737 2177 852 2266 κύριος
876 2175 958 2246 κατά
976 2175 1038 2262 τὴν

67 2281 211 2396 καρδίαν
229 2273 305 2345 σου’
307 2248 519 2364 ’,λέγοντεά
521 2275 591 2347 ‘nal
609 2283 721 2347 πᾶσαν
745 2275 806 2364 τὴν
830 2276 959 2364 βουλήν
977 2300 1038 2345 σου

68 2372 275 2499 πληρωσμιῨ
318 2381 367 2446 13.
388 2374 438 2458 οἷς
463 2380 537 2466 εξῆς
560 2375 623 2465 τὴν
648 2382 685 2447 ἐκ
707 2405 838 2467 νεκρων
855 2374 1039 2446 ἀναστασιν

68 2473 173 2547 αὐτου
198 2473 442 2568 ὁμολογουνιες
465 2473 903 2568 φαμ1ν“ἀγαλλιασω’μεθα
928 2481 963 2547 ἐν
993 2506 1038 2569 τω
1088 2536 1095 2547 ,

68 2585 221 2673 σωτηρίῳ
240 2576 335 2649 σον.”
368 2578 532 2670 σωτήριον
550 2578 613 2702 γάρ
631 2583 844 2668 τουΧριστοῦ
861 2576 930 2649 τί”
911 2609 954 2649 αν
972 2581 1039 2648 ε’τε-

28 2712 53 2750 ιε
68 2709 128 2802 ρον
145 2697 274 2769 νοοῖτο,
294 2681 381 2751 εί
341 2712 385 2771 μη
404 2711 425 2770 η
414 2678 481 2752 ἐκ
499 2688 630 2773 νεκρῶν
647 2680 829 2763 ἀνάστασις
847 2679 969 2769 αὐτοῦ,
990 2676 1036 2748 δι’
1052 2711 1106 2762 μω)

67 2771 106 2866 ἦς
130 2783 185 2848 καὶ
211 2779 336 2863 πάντας
363 2782 440 2865 τούς
465 2787 546 2904 πρὶν
571 2779 865 2866 ἕκπεπτωκότας’
846 2782 1037 2871 ανίστησιν;

67 2875 151 2949 ὅθεν
169 2880 302 2968 φαμὲν
305 2876 374 2951 καὶ
392 2885 462 2953 ἐν’
447 2881 583 2972 ονόματι
604 2883 724 2954 θεοῦ“
707 2914 802 2973 ημων
825 2895 1038 2972 μεγαλυνθη

67 2978 214 3070 σόμεθα,
247 2983 302 3050 καὶ
334 2981 508 3072 πληρώσαι
539 3013 652 3076 κυριος
676 2984 785 3054 πάντα
809 2984 849 3054 τοὶ
851 2982 1038 3089 αίτήματά

67 3078 430 3153 σον.”14,ίπὶπάσι
455 3081 584 3164 τούτοις
610 3085 850 3210 διδμσκόμεθα
865 3091 976 3174 λέγειν
1002 3113 1037 3212 τμ

29 3215 54 3257 οο
74 3179 152 3254 νῦν
171 3189 326 3272 ἔγνων
308 3214 358 3254 οτι
383 3193 487 3256 ἔσωσε
511 3214 624 3274 κυριος
648 3186 707 3256 τὸν
730 3185 876 3277 Χριστὸν
900 3181 1037 3275 αυτοῦ,”

67 3334 269 3344 ----

135 3418 151 3468 ε
170 3419 308 3480 Ps.19,1.
414 3423 444 3471 ιτ
462 3422 507 3473 Pe.
524 3423 564 3486 19,
578 3425 603 3474 ε.
