2326 3818
86 127 243 204 θρωπος,
271 111 401 196 όνειδος
424 113 620 204 ἀνθρώπων
649 118 705 185 καὶ
732 120 938 208 ἐξονδίνημα
961 123 1054 190 λαοῦ.

86 213 209 298 πάντες
227 220 262 286 οί
283 218 493 304 θεωροῦντάς
517 245 558 305 με
577 215 838 308 έξεμνκτήρισάν
854 247 912 308 με,
939 220 1057 308 ἐλάλη-

86 341 150 386 σαν
168 321 212 387 ἐν
222 327 380 407 χείλεσιν,
400 320 559 406 ἐκίνησαν
576 315 744 408 κεφαλήν,
763 317 904 407 ήλπισεν
923 324 976 391 ἐπὶ
996 322 1057 393 κό-

86 447 177 506 ριον,
196 417 358 507 ῥυσάσθω
377 416 499 508 αὐτόν,
518 417 657 490 σωσάτω
676 417 794 508 αὐτόν,
813 418 864 491 ότι
881 423 975 492 θέλει
994 422 1057 493 αό-

59 517 153 590 ττόν.
189 518 240 589 ότι
265 518 308 590 σύ
334 519 367 590 εί
388 518 406 591 6
426 516 594 602 έκσπάσας
616 549 657 609 με
682 525 719 592 ἐκ
736 523 895 611 γαστρὸς,
924 521 1086 611 ἡέλπίςι

84 650 149 709 μον
166 619 232 691 άπό
249 626 385 710 μαστῶν
408 627 466 710 τῆς
484 620 607 713 μητρός
623 651 697 711 μον.
741 626 796 693 ἐπὶ
813 625 852 694 σδ
870 629 1057 716 ἐπερρίφην

85 727 122 792 ἐκ
139 721 281 815 μήτρας,
302 721 368 793 ἀπό
384 721 527 814 γαστρός
544 724 667 814 μητρός
683 732 748 815 μὀν
771 722 852 807 θεός
869 755 934 816 μον
953 727 985 796 εί
999 725 1053 797 σό.

84 823 129 949 μή
147 820 294 916 ἀποστῇς
307 823 365 896 ἀπ’
384 830 477 915 ἐμοῦ,
495 824 546 895 ὅτι
563 834 681 908 θλίψις
695 825 806 915 ἐγγὺς,
824 824 874 899 ότι
888 824 950 899 οὐκ
964 836 1057 900 ἔστιν

84 955 101 995 ο
89 924 269 1015 βοηθων
305 931 334 996 3.
354 925 630 1015 περιεκόκλωσάν
647 955 688 1017 με
698 949 815 1018 μοσχοι
829 933 957 1018 πολλοὶ,
975 934 1057 1000 τοιά-

45 1055 69 1094 10
83 1055 136 1114 ροι
154 1036 268 1150 πίονες
285 1030 462 1117 περιέσχον
478 1055 529 1117 με.
570 1024 709 1116 ἤνοιξαν
735 1026 787 1098 ἐπ’
809 1029 923 1118 ἐμὲ
889 1061 926 1102 το
952 1029 1056 1121 στόμα

84 1126 214 1216 αὐτῶν,
234 1123 279 1209 ὥς
297 1132 384 1200 λέων
396 1127 553 1219 ἁρπάζων
565 1127 661 1200 καλ’
636 1128 834 1220 ωρνόμενος.
869 1131 947 1202 ὡσεὶ
961 1130 1055 1222 ὕδωρ

84 1227 259 1319 ἐξεχύθην,
278 1233 334 1300 καὶ
354 1236 598 1321 διεσκορπίσθη
612 1230 721 1302 πάντα
734 1232 774 1301 τά
791 1228 873 1302 όστά
890 1262 964 1322 μου.
985 1238 1054 1322 ἐγε-

82 1330 217 1452 νήθη’
198 1362 218 1421 η
242 1339 365 1422 καρδία
388 1360 454 1422 μον
479 1327 559 1403 άσεὶ
586 1333 686 1422 κηρὸς
710 1332 891 1423 τηκόμενος
910 1337 1055 1429 ἐνμέσῳ

81 1438 140 1521 τής
158 1440 285 1514 κοιλίας
302 1461 378 1556 μον.
411 1429 584 1524 ἐξηράνθη
594 1429 639 1516 ὡς
652 1431 850 1525 ὅστρακονη
839 1431 959 1525 ἰσχάς
977 1465 1054 1525 μου,

43 1560 68 1600 ιι
82 1529 174 1604 καὶ
155 1565 177 1624 η
193 1532 344 1658 χλάσσά
356 1563 422 1624 μον
444 1533 640 1623 κεκόλληται
665 1565 711 1606 τω
736 1536 882 1626 λάρνχγί
896 1565 979 1626 μον,
998 1541 1123 1622 κοίη
1067 1571 1123 1623 [εστι

82 1643 129 1717 είς
147 1641 231 1726 χοῦν
252 1634 404 1707 θανάτου
427 1635 610 1726 κατήχαγίς
633 1665 683 1727 με.
724 1634 775 1708 ότι
800 1637 994 1709 ἐκόκλωσάν
1010 1669 1051 1728 με
1067 1672 1124 1722 μοι)

82 1735 181 1820 κύνες
194 1740 324 1829 πολλοὶ,
337 1738 804 1829 σνναγωγὴπονηρενομένων
817 1742 993 1830 περιέσχον
1001 1768 1052 1830 με.

81 1845 110 1908 4.
132 1837 265 1930 άρνξαν
290 1839 402 1930 χεῖράς
425 1869 492 1930 μον
515 1843 572 1911 καλ
589 1839 696 1923 πόδας
719 1870 802 1931 μον,
827 1845 1055 1933 ἐξηρίθμησαν

81 1939 190 2034 πάντα
207 1938 248 2010 τά
265 1939 347 2010 όστά
365 1970 438 2029 μον.
484 1938 579 2012 αὐτοὶ
604 1943 641 2012 δὲ
659 1942 866 2031 κατενόησαν
888 1946 943 2015 καὶ
963 1950 1055 2014 ἐπεῖ-

43 2063 68 2104 ιο
83 2038 146 2111 δόν
163 2060 218 2129 με·
247 2047 480 2131 διεμερίσαντο
497 2041 539 2112 τά
556 2042 670 2129 ίμάτιά
687 2071 752 2132 μον
767 2046 910 2131 ἑαυτοῖς,
929 2047 985 2113 κοιλ
1000 2048 1054 2113 έπλ

81 2142 139 2212 τὸν
159 2141 335 2232 ίματισμόν
351 2149 417 2231 μον
435 2149 558 2229 ἔβαλον
575 2146 710 2233 κλῆρον.
748 2141 790 2213 σά
810 2145 863 2231 δέ,
882 2143 989 2233 κύριε,
1007 2143 1052 2233 μή

80 2240 254 2334 μακράνης
272 2241 333 2333 τήν
351 2240 517 2332 βοήθειάν
534 2271 617 2333 μον,
642 2251 689 2325 είς
707 2243 768 2331 τήν
786 2240 969 2333 άντίληψίν
987 2273 1052 2334 μον

81 2343 253 2436 πρόσσχες.
280 2350 381 2435 ῥῦσαι
394 2341 459 2414 άπό
473 2349 639 2434 ῥομφαίας
653 2343 715 2433 τήν
729 2343 841 2434 ψυχήν
854 2374 931 2435 μον,
946 2349 1002 2416 καὶ
1016 2349 1052 2417 ἐκ

81 2444 188 2538 χειρός
210 2445 312 2529 κυνός
335 2446 396 2537 τήν
419 2453 585 2538 μονογενῆ
610 2476 685 2538 μον.
722 2446 833 2517 σῶσόν
856 2475 897 2537 με
921 2451 958 2517 ἐκ
976 2446 1053 2518 στό-

41 2569 66 2608 25
80 2577 181 2639 ματος
206 2553 358 2639 λέοντος,
382 2551 438 2621 καλ
465 2546 530 2620 ἆπό
554 2547 704 2641 κεράτων
728 2548 967 2639 μονοκεράτων
990 2547 1080 2638 τήνι

79 2656 286 2720 ταπείνωσίν
308 2680 382 2739 μον.
429 2656 459 2720 5.
487 2651 685 2741 διηγήσομαι
707 2650 744 2721 τό
768 2648 873 2741 όνομά
897 2677 960 2722 σον
983 2669 1053 2732 τοῖς

79 2747 240 2838 ἀδελφοῖς
263 2778 346 2841 μου,
374 2756 412 2821 ἐν
441 2754 531 2846 μέσῳ
563 2757 738 2840 ἐκκλησίας
765 2751 906 2840 ὑμνήσω
930 2775 976 2823 σε.
1020 2758 1055 2822 οί

79 2848 286 2941 φοβούμενοι
314 2850 374 2923 τόν
404 2850 523 2944 κόριον
554 2856 707 2924 αἰνέσατε
740 2849 859 2925 αὐτόν·
900 2851 991 2923 ἅπαν
1013 2852 1050 2921 τό

80 2956 210 3042 σπέρμα
224 2949 341 3043 Ἰακωβ
361 2952 521 3037 δοξάσατε
538 2951 649 3025 αὐτόν.
683 2953 934 3043 φοβηθήτωσαν
948 2950 1051 3024 αὐτόν

41 3088 67 3130 ιο
80 3053 171 3126 ἅπαν
197 3054 244 3126 τό
258 3060 388 3146 σπέρμα
403 3053 550 3145 Ἰσραήλ,
577 3053 629 3127 ότι
646 3054 709 3127 οὐκ
728 3057 952 3139 ἐξουδένωσεν
970 3052 1051 3125 οὐδὲ

80 3154 292 3248 προσάχθισε
315 3161 355 3248 τῇ
380 3155 493 3245 δεήσει
516 3161 574 3227 τοῦ
593 3161 741 3247 πτωχοῦ,
765 3154 846 3228 οὐδὲ
864 3154 1051 3247 ἀπέστρεψε

80 3257 116 3329 τό
135 3259 316 3350 πρόσωπον
334 3257 438 3330 αὑτοῦ
455 3256 513 3329 ἀπ’
536 3262 635 3348 ἐμοῦ,
659 3261 715 3328 καὶ
734 3263 771 3330 ἐν
787 3263 835 3352 τῷ
852 3261 1050 3349 κεκραγέναι

806 3370 872 3433 42*
