2326 3818
370 134 820 191 DEMONST.EVANG.IH.7.
995 133 1057 196 203

88 281 191 360 ἔθνη,
211 277 281 354 πῶς
299 280 458 360 πείσομεν
475 276 542 340 τῶν
560 273 621 360 μὲν
639 279 789 358 πατρίων
806 278 900 343 θεῶν
916 271 1084 362 ιἰφίστα-ι

90 386 189 462 σθαι,
215 377 275 443 ἕνα
299 375 337 443 66
360 370 418 443 τόν
441 371 578 442 πάντων
602 372 806 462 δημιουργὸν
824 376 953 461 σέβειν;
977 385 1057 467 ποία
1151 452 1157 463 ,

91 476 127 544 66
145 473 255 563 λόγων
281 470 448 562 ίκανότητι
473 478 681 563 θαρσοῦντες
707 477 760 542 έπὶ
778 478 874 544 τούτο
893 486 1058 564 παρελεν-

89 574 234 665 σόμεθα;
262 572 283 663 6
307 581 358 657 τίς
383 574 464 664 ἡμῖν
489 577 581 657 έλπίς
605 582 696 645 ἔσται
719 579 778 644 τοῦ
801 575 1057 665 κατορθώματος

54 701 75 741 ετ
89 672 363 766 ολντινομοθετεῑν
376 682 523 765 τολμῶσι
536 693 604 758 τοῖς
618 675 754 748 πάντων
767 679 879 747 ἐθνῶν
896 682 972 764 περὶ
990 685 1057 747 τῶν

88 786 222 849 οἰκείων
245 782 339 850 θεῶν
363 780 395 861 ἐξ
420 782 541 859 αἰῶνος
566 781 728 868 κειμένοις
746 776 878 867 νόμοις;
906 780 958 847 ἐπὶ
977 785 1056 869 ποία

89 880 127 948 66
156 882 213 949 καὶ
245 879 387 969 ὃννοίμει
412 881 628 969 περιέσεσθαι
655 887 724 950 ἐστι
748 887 809 950 τοῦ
834 877 1055 970 τολμήματος;

88 985 137 1051 12.
157 984 263 1052 ταύτα
286 977 307 1069 6
332 979 514 1070 φησάντων
539 978 582 1051 ἂν
605 981 689 1050 κατὰ
712 978 748 1050 τό
775 981 861 1062 εἰκὸς
879 978 899 1070 6
919 988 1057 1070 διανοη-

86 1085 219 1152 θέντων
247 1086 315 1153 τῶν
344 1085 405 1151 τοῦ
425 1078 534 1170 Ἰησοῦ
563 1087 741 1172 μαθητῶν,
770 1086 847 1170 μιοῖς
877 1082 1055 1174 προσθήκῃ

40 1202 73 1241 ,το
88 1184 205 1264 λέξεως
224 1179 335 1262 αὐτοῖς
353 1181 370 1250 ὁ
390 1181 589 1263 διδάσκαλος
615 1182 796 1252 λύσιντοῖν
814 1180 1056 1273 ἆπορηθέντων

85 1278 252 1371 ὑπέθετο,
270 1281 380 1371 φήσας
399 1282 611 1373 κατόρθωσιν
630 1286 665 1353 έν
688 1287 735 1376 τῷ
751 1281 891 1372 ὀνόματί
905 1305 985 1371 μου·
1014 1284 1055 1353 06
1070 1324 1081 1350 ε

86 1381 149 1472 γόιρ
170 1382 212 1470 66
230 1384 342 1464 ἁπλοῖς
361 1386 416 1452 καί
434 1382 632 1506 ἀδιορίστως
656 1390 867 1505 μαθητεῦσαι
890 1383 1055 1453 πάντατὰ

86 1492 171 1572 έθνη
189 1486 421 1608 προσέταττεν,
440 1483 522 1571 μετὰ
536 1484 731 1573 προσθήκης
746 1480 815 1553 δὲ’
797 1493 979 1572 αναγκαίας
997 1489 1054 1604 της

87 1584 187 1653 έν
141 1614 186 1677 τφ
205 1583 343 1674 ὀνόματι
360 1581 475 1655 αύτοῦ
514 1591 562 1654 13.
583 1584 754 1673 ἐπειδή
717 1615 780 1708 γαρ
799 1580 819 1707 6
840 1583 1036 1674 δύναμις
998 1616 1054 1709 της

46 1700 72 1740 1⁵
87 1681 190 1755 αὐτοῦ
221 1695 444 1812 προσηγορίας
475 1685 609 1774 τοιαύτη
638 1714 686 1768 τις
714 1676 757 1774 ήν
789 1683 833 1767 οἱς
862 1685 967 1776 φοίναι
996 1686 1054 1760 τόν

84 1783 309 1858 ολπόστολον“
313 1786 363 1858 ὅτι
388 1787 430 1877 66
450 1791 624 1878 ἐχαρίσατο
649 1784 739 1882 αύτφ
761 1783 877 1868 ὁθεὸς
895 1787 931 1857 τό
949 1787 1054 1879 ὄνομα

83 1888 121 1958 τὸ
144 1888 231 1979 ὑπὲρ
259 1889 368 1959 πᾶν”
350 1918 473 1980 ονομα,
497 1896 555 1960 ἵνα
580 1893 615 1960 ἐν
639 1887 717 1982 τῷ’
702 1888 839 1980 ονόματι
854 1886 962 1978 Ἰησοῦ
987 1894 1053 1960 πᾶν

84 1988 167 2076 γόνυ
191 1989 306 2079 νύμφη
332 1995 543 2082 ἐπουρανίων
566 1995 621 2061 καὶ
643 1994 798 2080 ἐπιγείων
816 1994 871 2061 καί
890 2004 1054 2081 καταχθο-

85 2087 206 2177 νίων”,
228 2090 361 2171 εἰκότως
373 2097 431 2179 τῆς
445 2091 521 2170 τοὺς
536 2090 678 2173 πολλούς
696 2092 932 2182 λανθανούσης
952 2099 988 2162 έν
1007 2099 1052 2185 τῷ

45 2207 71 2245 20
83 2186 220 2278 ὀνόματι
239 2187 344 2260 αὐτοῦ
362 2190 535 2280 δυνάμεως
553 2189 615 2278 τήν
632 2189 754 2281 ἀρετήν
774 2197 963 2282 ἐμφαίνων,
982 2213 1049 2274 τοῖς
1068 2225 1082 2263 d

84 2288 191 2359 αὐτοῦ
215 2302 382 2378 μαθηταῖς
406 2289 568 2413 ἐφησεν“
574 2295 796 2416 πορευθέντες
819 2292 1052 2422 μαθητεύσατε

83 2389 192 2460 πάντα
206 2392 246 2460 τὰ
265 2397 350 2480 ἔθνη
366 2394 403 2461 ἐν
420 2419 465 2483 τρι
453 2388 624 2479 ὀνόματί
638 2390 721 2478 μον.’
725 2389 808 2461 ’.14
829 2390 899 2461 εἰτα
917 2396 972 2461 καὶ
991 2405 1052 2462 θε-

84 2499 189 2576 σπίζει
214 2482 252 2562 εὖ
276 2490 364 2581 μύλα
387 2488 532 2581 ολκριβως
557 2491 593 2561 τό
611 2494 749 2581 μέλλον,
775 2490 900 2562 εἰποόν“
902 2487 973 2561 (λεί
987 2493 1051 2580 γὰρ

82 2597 295 2684 κηρυχθῆναι
313 2622 350 2664 το
337 2592 560 2683 εὐαγγέλιον
577 2597 674 2663 τούτο
694 2597 730 2664 ἐν
743 2589 804 2684 ὅλη
817 2622 857 2682 τη
843 2597 1051 2684 οἰκουμένη

35 2711 69 2750 ‘25
57 2702 133 2774 οείς
150 2693 334 2787 μαρτύριον
352 2700 433 2766 πᾶσι
450 2711 518 2776 τοίς
537 2691 706 2765 έθνεσιν.”
739 2725 757 2765 ο
745 2693 814 2764 ‘66
831 2693 926 2783 λόγος
941 2707 1051 2818 εἰρητο

83 2796 145 2881 μὲν
159 2799 195 2866 ἐν
199 2802 374 2916 γωνίᾳ
332 2826 393 2885 γης
410 2796 495 2920 τότε,
514 2825 570 2865 και
558 2800 618 2866 οί
628 2795 789 2886 παρόντες
803 2794 927 2884 ήκονον
944 2795 1049 2885 μόνοι

83 2897 153 2975 πῶς
171 2886 232 2965 ούν
250 2896 315 2985 ύρα
332 2884 446 2978 πιστός
464 2888 507 2986 ήν
525 2895 638 2977 αὐτοις
655 2903 751 2968 τοῦτο
767 2901 891 2986 λέγων,
911 2898 993 2968 εἰ
953 2927 998 2988 μη
1018 2902 1050 2980 ἐξ

84 2997 269 3085 ἑτέρων
224 3025 291 3067 των
308 2996 368 3067 ὑπ’
396 2995 499 3068 αύτον
487 3001 766 3089 πεπραγμένων
791 3001 920 3069 ἐνθέων
943 3007 1051 3086 ἔργων

81 3101 139 3184 της
160 3102 196 3169 έν
214 3116 283 3180 τοῖς
301 3098 410 3186 λόγοις
434 3095 594 3188 ολληθείας
619 3097 778 3170 αὐτοῦ
742 3130 803 3188 την
821 3116 942 3188 πεῖραν
961 3097 1052 3185 εἰλή-

39 3217 207 3286 3οφεσαν;
233 3199 284 3270 ότι
307 3200 370 3292 γολρ
396 3205 596 3272 ἐπίστευσαν
622 3203 751 3288 λέγοντι
785 3201 1050 3292 σνλλογιζομένφ

81 3347 286 3358 -————-

152 3431 350 3498 wffima
506 3433 770 3498 ωωωωω
