2326 3818
327 141 667 195 DEMONSTAEVANG.
686 142 733 191 IX.
753 144 778 196 6.
965 139 1024 202 581

44 306 46 310 ·
132 288 161 351 3.
181 284 248 352 Καὶ
266 288 372 352 ταῦτα
391 279 446 351 διά
465 284 533 350 τῶν
551 284 612 350 τοῦ
623 283 771 368 σωτῆρος
784 275 881 368 ήμῶν
899 309 1027 369 προφα-

56 388 121 466 νῶς
145 381 344 472 παραδόξων
368 389 476 472 ἐργων
505 385 688 471 ἐπληροῦτο
712 379 793 469 μετά
817 379 853 450 τό
868 379 1027 451 Ἰωάννου

56 485 217 574 κήρυγμα.
253 483 315 571 ὅρα
332 486 512 572 τοιγαροῦν
529 480 619 563 ὅπως
637 479 699 570 τὴν
714 488 837 570 ἔρημον
856 478 1027 569 εὐαγγελί-

57 597 160 673 ζεται,
179 585 240 675 οὐχ
258 583 388 673 ἁπλῶς,
412 585 494 655 οὐδὲ
511 583 573 672 τήν
590 587 774 672 τυχοῦσαν,
799 578 874 650 ἀλλ’
895 586 1029 670 ἐκείνην

30 685 297 776 εάφωρισμένως
321 689 377 756 καὶ
399 684 508 775 μόνην
530 685 593 774 τήν
616 682 706 773 παρά
729 689 774 777 τῷ
795 681 947 774 Ἰορδάνῃ
966 711 1028 752 πο-

55 792 157 882 ταμῷ.
183 795 213 859 4.
226 787 406 877 ἐπειδήπερ
420 785 511 878 παρά
524 784 627 878 ταῦτη
643 793 826 874 διατρίβων
839 782 857 855 ὁ
873 783 1028 872 Ἰωάννης

57 889 248 979 ἐβάπτιζεν,
273 885 317 972 ῶς
340 887 361 977 ή
386 886 498 979 γραφή
522 905 686 979 μαρτυρεῖ
708 891 852 975 λέγουσα
873 882 1029 973 “έγένετο

31 1028 37 1047 x
52 989 209 1080 Ἰωάννης
223 994 259 1062 ἐν
270 999 311 1082 τῇ
325 988 435 1085 ἐρήμῳ
449 998 628 1078 βαπτίζων,
647 993 703 1059 καὶ
719 987 929 1080 ἐξεπορεύετο
947 988 1029 1077 πρὸς

58 1092 161 1164 αὐτὸν
184 1097 274 1163 πάσα
297 1088 480 1181 ήἸουδαία
502 1090 612 1181 χῶρα,
638 1095 694 1161 καὶ
718 1096 754 1160 οί
773 1088 1030 1181 Ἱεροσολυμῖται

19 1228 44 1267 10
57 1194 195 1283 πάντες,
216 1197 271 1263 καὶ
290 1195 501 1281 ἐβαπτίζοντο
519 1189 579 1262 ὑπ’
601 1190 706 1263 αὐτοῦ
726 1196 762 1261 ἐν
779 1197 827 1285 τῶ
841 1189 1028 1282 Ἰορδάνη.”

56 1301 85 1365 5.
105 1295 167 1383 τήν
184 1295 247 1384 μὲν
271 1285 334 1364 οῦν
358 1301 482 1384 ἔρημον
498 1299 557 1382 τῆς
575 1292 678 1364 πάλαι
704 1292 842 1363 πάντων
859 1298 928 1363 τῶν
946 1294 1030 1363 κατά

56 1396 140 1466 θεὸν
157 1393 299 1484 άγαθῶν
317 1393 458 1484 ἐρήμου,
477 1398 563 1484 λέγω
586 1394 628 1483 δή
645 1397 702 1483 τῆς
723 1399 755 1477 ἐξ
779 1399 892 1464 ἐθνῶν
912 1399 1026 1482 έκκλη·
1043 1424 1097 1475 μιν)
1128 1418 1141 1434 ¹

57 1504 151 1584 σίας,
177 1495 348 1585 σῦμβολον
370 1499 537 1586 περιέχειν
555 1495 717 1585 ἡγοῦμαι,
742 1496 801 1565 τὸν
825 1496 863 1565 δέ
881 1494 1030 1584 ποταμὸν

56 1596 114 1669 τὸν
133 1600 187 1668 ἐπὶ
205 1603 263 1686 τῆς
278 1595 402 1687 ἐρήμου
415 1606 624 1687 καθαίροντα
636 1597 763 1680 πάντας
775 1595 853 1678 τοῦς
866 1593 1029 1667 άπολουο-

19 1729 43 1769 15
56 1702 177 1789 μένους
197 1702 234 1769 ἐν
252 1694 344 1792 αῦτῶ
361 1705 549 1788 καθαρσίου
567 1696 657 1780 τινὸς
676 1700 762 1768 εἶναι
773 1697 856 1768 κατά
875 1696 1029 1770 διάνοιαν

57 1804 297 1891 θεωρουμένου
316 1797 441 1888 εἰκόνα,
459 1803 536 1890 περὶ
553 1791 596 1871 οῦ
615 1805 831 1871 διαλαλοῦσιν
849 1806 887 1869 αι’
901 1804 1028 1890 γραφαὶ
1127 1868 1130 1874 .

56 1906 214 1990 λέγουσαι
227 1899 310 1973 “τοῦ
328 1907 477 1992 ποταμοῦ
494 1900 534 1972 τά
542 1901 720 1994 ’ὁρμήματά
733 1899 954 1991 εὐφραίνουσι
967 1901 1029 1990 τήν

57 2002 157 2075 πόλιν
182 2009 241 2075 τοῦ
264 2001 382 2074 θεοῦ.”
423 2011 452 2073 6.
472 2013 627 2094 σημαίνει
651 2007 688 2076 δὲ
705 2010 801 2075 τοῦτο
828 2002 889 2094 τήν
906 2002 1029 2075 άέναον

57 2104 219 2192 ἐπιρροήν
241 2109 301 2173 τοῦ
325 2112 424 2174 θείου
448 2105 636 2194 πνεύματος
662 2105 800 2177 άυωθεν
829 2106 1030 2196 πηγάζοντος

18 2231 44 2271 ιο
57 2207 113 2273 καὶ
131 2202 193 2291 τήν
210 2208 270 2272 τοῦ
288 2209 375 2273 θεοῦ
391 2202 490 2274 πόλιν
507 2203 685 2294 άρδοντος,
710 2206 798 2276 οὕτω
823 2211 1030 2295 καλουμένης

57 2310 115 2391 τῆς
139 2303 223 2373 κατά
246 2302 332 2373 θεδν
355 2313 533 2384 πολιτείας.
576 2297 672 2386 οῦτος
699 2307 741 2393 δή
759 2298 857 2375 οῦνὸ
885 2308 1029 2396 ποταμὸς

56 2408 116 2475 τοῦ
133 2408 217 2475 θεοῦ
235 2407 292 2473 καὶ
309 2408 405 2495 μέχρι
421 2409 480 2494 τῆς
499 2404 623 2495 ἐρήμου
636 2405 878 2495 κατελήλυθεν,
899 2408 1056 2494 δηλαδήι

56 2511 114 2596 τῆς
141 2511 174 2589 ἐξ
201 2509 318 2583 ἐθνῶν
342 2509 534 2596 ἐκκλησίας,
567 2510 623 2577 καὶ
649 2505 754 2596 ταῦτη
781 2510 849 2576 τῶν
876 2511 911 2578 έν
939 2504 1030 2598 αὐτῷ

58 2614 204 2693 ζωτικῶν
230 2606 388 2698 ναμάτων
407 2611 508 2680 εἰσέτι
525 2613 591 2680 νῦν
610 2613 808 2701 ἐπιχορηγεῐ.
852 2607 933 2698 πρὸς
951 2608 1030 2678 τοῦ-

19 2737 45 2778 ιι
58 2739 127 2791 τοις
153 2709 174 2799 ἡ
201 2704 387 2800 προφητεία
412 2717 453 2802 τῇ
473 2717 665 2804 δηλωθείση
691 2709 800 2804 ἐρήμῳ
820 2710 1034 2800 δοθήσεσθαί

57 2832 141 2900 φησι
158 2810 221 2901 τήν
239 2809 339 2907 δόξαν
357 2817 418 2883 τοῦ
434 2813 587 2901 Λιβάνου
605 2818 661 2884 καὶ
679 2812 741 2902 τήν
758 2812 857 2902 τιμήν
874 2817 933 2883 τοῦ
940 2824 1029 2902 Καρ·

57 2909 174 3003 μήλου.
213 2918 240 2981 7.
260 2919 310 2994 τίς
335 2909 367 2981 δ’
388 2911 515 3003 ἐστινὴ
536 2913 616 2999 δόξα
638 2921 698 2985 τοῦ
717 2913 869 3002 Λιβάνου
893 2910 952 3003 ήή
972 2914 1096 2997 διάρσει

29 3102 31 3106 λ
57 3018 192 3087 θυσιῶν
218 3012 300 3084 κατά
324 3011 383 3084 τὸν
406 3019 558 3098 Μωσέως
582 3014 687 3105 νόμον
711 3019 948 3104 ἐπιτελουμένη
971 3027 1027 3083 λα-

58 3125 169 3207 τρεία,
195 3112 237 3204 ἣν
260 3112 547 3205 παραιτησάμενος
570 3111 587 3186 ὁ
610 3117 690 3200 θεὸς
717 3117 772 3188 διὰ
790 3123 848 3206 τῆς
867 3115 1028 3204 λεγοῦσης

19 3243 45 3284 ω
59 3223 262 3307 προφητείας
275 3212 391 3287 “ίνατί
405 3245 461 3307 μοι
479 3226 619 3306 λίβανον
633 3223 670 3290 ἐκ
684 3217 782 3307 Σαβά
796 3213 952 3308 φέρετε;”
972 3220 1028 3286 καὶ

128 3454 159 3501 ιτ
178 3453 223 3503 Ρτ,
236 3452 278 3511 46,
290 3453 316 3500 4.
350 3430 352 3435 ’
420 3453 452 3503 3ο
470 3451 528 3501 Jer.
542 3452 567 3514 ο,
580 3454 621 3503 20.
