2326 3818
127 127 190 194 682
545 127 693 179 Εαεωοιι

127 266 323 360 μεμηνότων
346 266 424 348 τοὺς
441 267 608 356 ὑλαγμούς
633 275 771 356 ἔφερον,
796 265 836 336 τά
859 264 1012 356 πρόβατα
1036 272 1098 338 τοῦ

128 372 284 459 ποιμένος
302 373 542 458 ἐξαγριοῦντες,
562 367 646 439 ω”στε
666 365 800 449 εἰκότως
814 366 927 450 αὐτοῖς
941 364 1099 457 ἁρμόζειν

129 471 167 542 τδ
179 466 475 559 “περιεκύκλωσάν
485 498 527 559 με
539 468 638 550 κύνες
651 472 779 556 πολλοὶ,
797 472 978 558 συναγωγὴ
992 496 1099 559 πονη-

60 601 115 654 (ωο)
129 575 320 665 ρευομένων
337 574 515 660 περιέσχον
531 567 605 660 με.”
647 576 697 641 84.
717 574 773 641 καὶ
799 570 922 651 πάντες
942 573 980 641 δὲ
998 577 1033 641 οί
1051 580 1100 652 είς

130 677 229 762 δεῦρο
247 673 306 743 τὸν
323 671 439 761 ὅμοιον
461 674 586 762 τρόπον
604 675 745 752 ἐκείνοις
764 674 1041 761 διαπραττόμενοι
1061 677 1125 744 ἐνε

127 782 174 869 τῷ
185 776 460 864 βλασφημεῑνκαὶ
469 771 628 843 ὑλακτεῖν
634 770 692 843 τόν
698 772 844 862 Χριστὸν
857 776 919 842 τού
932 777 1021 844 θεού
1034 774 1099 845 οὐκ

127 873 171 949 ἀν
188 874 355 962 ἀλλότριοι
374 879 513 944 ἐκείνων
531 884 739 959 λογισθεϊεν·
767 872 851 943 ἀλλά
874 878 929 943 καὶ
947 881 983 944 οί
999 882 1100 964 δίκην

127 982 196 1049 τῶν
203 976 276 1048 τότε
288 970 504 1064 ἀσεβούντων
514 978 724 1061 στρατιωτῶν
737 972 1025 1065 ἀνασταυροῦντες
1039 977 1100 1046 τὸν

128 1077 206 1149 υίδν
230 1082 288 1148 τοῦ
311 1083 396 1147 θεοῦ
420 1079 476 1147 καὶ
498 1083 851 1167 παραδειγματίζοντες
880 1073 944 1146 ούκ
968 1073 1011 1148 ἀν
1038 1085 1098 1164 τῆς

130 1183 269 1251 ἐκείνων
286 1178 417 1269 μακράν
433 1180 584 1266 γένοιντο
603 1180 796 1258 διαθέσεως.
831 1183 882 1247 85.
898 1177 1020 1259 πάντες
1034 1170 1099 1248 σύν
1112 1208 1139 1249 ιο

130 1283 230 1352 είσέτι
247 1284 304 1350 καὶ
321 1285 387 1350 νῦν
404 1285 439 1350 οί
453 1279 489 1350 τὸ
508 1284 602 1368 σῶμα
620 1282 680 1348 τού
693 1283 849 1367 Χριστοῦ,
868 1282 1018 1349 τουτέστι
1037 1280 1100 1367 τὴν

129 1387 326 1470 ἐκκλησίαν,
345 1379 557 1470 λωβύμενοι,
581 1397 693 1469 χεῖρας
712 1377 816 1450 αὐτοῦ
834 1383 890 1450 καὶ
919 1380 1024 1462 πόδας
1042 1385 1099 1452 καὶ

129 1487 265 1574 προσέτι
288 1483 329 1552 τά
352 1481 450 1553 ὀστέα
475 1488 744 1571 διαχειρίζονται,
777 1492 815 1552 εί·
829 1511 866 1570 γε
890 1480 1011 1564 πάντες
1035 1478 1100 1552 “ἓν

129 1583 224 1674 σῶμά
243 1588 342 1672 ἐσμεν
361 1588 397 1654 ἐν
415 1591 560 1677 Χριστῷ,
578 1581 597 1652 δ
617 1583 654 1652 δέ
667 1580 749 1653 καθ’
771 1580 818 1665 εἷς
832 1579 986 1670 ἀλλήλων
1003 1586 1099 1673 μέλη,

100 1688 184 1758 οκαδ
208 1684 271 1756 οὐκ
293 1681 336 1757 ἀν
361 1697 447 1755 είποι
464 1683 484 1774 ἡ
504 1681 632 1774 κεφαλὴ
650 1700 719 1764 τοῖς
743 1688 839 1770 ποσὶ,
863 1691 979 1774 χρείαν
1003 1680 1101 1773 ύμιόν
1114 1712 1139 1754 ιο

129 1785 191 1858 οὐκ
209 1794 284 1876 ἔχω,
305 1786 350 1868 ὡς
364 1783 445 1857 ούδδ
458 1802 530 1868 ταῖς
548 1789 664 1875 χερσὶν
676 1791 710 1855 οί
725 1782 930 1874 όφθαλμοί.”
951 1792 1000 1855 86.
1016 1785 1100 1856 κατὰ

129 1895 214 1976 γοῦν
236 1888 314 1969 τούς
338 1886 476 1978 καιρούς
498 1891 567 1957 τοῖν
592 1890 749 1975 διωχμων
768 1898 801 1956 εί
820 1890 902 1956 ποτέ
922 1914 997 1954 τινα
1015 1886 1099 1956 κατά

69 2021 74 2035 ’
129 1995 198 2059 τῶν
214 1993 326 2078 μελῶν
341 1995 402 2058 τού
420 1992 568 2076 Χριστού
585 1987 667 2076 πρὸς
684 1994 753 2058 τεόν
778 1992 911 2078 ἐχθρῶν
928 1990 984 2057 καί
1002 1997 1099 2057 πολε-

129 2098 217 2180 μίων
236 2095 415 2178 ένεργοῖτο,
435 2101 521 2159 εἴποι
539 2084 582 2158 ἀν
594 2091 741 2176 καὶπερὶ
755 2087 859 2160 αύτδν
873 2088 933 2161 οὐκ
952 2086 1099 2176 ἀκαίρως

128 2189 165 2261 τὸ
179 2186 337 2281 Ἥρυξαν
349 2187 462 2280 χείράς
474 2219 557 2279 μου,
576 2193 632 2261 καὶ
646 2191 752 2271 πόδας
765 2219 831 2278 μον
839 2245 848 2277 ,
869 2194 1098 2280 ἐξηρίθμησαν
1112 2219 1138 2259 20

129 2291 238 2363 πάντα
254 2291 295 2363 τά
312 2289 393 2362 όστά
410 2322 485 2380 μου.
528 2289 622 2363 αύτολ
643 2295 680 2362 δὲ
698 2291 904 2379 κατενόησαν
928 2295 983 2360 καὶ
1009 2295 1100 2361 ἐπεῖ-

131 2393 191 2464 δόν
213 2391 287 2483 με.”
330 2400 380 2462 87.
407 2391 481 2463 τότε
507 2394 544 2462 δέ
568 2396 623 2463 καὶ
656 2401 898 2482 διαμερίζονται
922 2392 962 2461 τά
987 2393 1099 2480 ίμάτια

129 2492 235 2565 αύτού
253 2499 394 2580 ἑαυτοῖς,
413 2497 469 2563 καὶ
483 2497 536 2563 ἐπὶ
554 2492 613 2564 τόν
627 2494 802 2584 ἱματισμὸν
816 2492 921 2563 αὐτοῦ
938 2493 1100 2581 βάλλουσι

130 2599 273 2687 κλῆρον,
297 2595 352 2667 ὅτε
374 2594 434 2665 τὸν
457 2600 517 2665 τοῦ
540 2595 641 2683 λόγου
659 2596 801 2685 κόσμον,
826 2592 898 2683 ἤτοι
921 2588 979 2676 τάς
997 2599 1100 2677 λέξεις

130 2704 199 2767 τῶν
216 2705 322 2768 θείων
339 2701 498 2787 γραφῶν,
525 2694 642 2767 ἀλλοτε
659 2696 767 2779 ἀλλως
787 2699 921 2778 ἕκαστος
940 2703 1100 2784 διαφθεί·
1113 2722 1139 2761 25

131 2826 202 2885 ρων
228 2803 424 2885 ἐπισπᾶται,
450 2800 506 2868 καλ
529 2794 585 2868 ὅτε
608 2795 666 2880 τοὶς
684 2802 760 2889 περὶ
786 2795 891 2868 αὐτού
909 2797 1007 2880 δόξας
1026 2803 1102 2866 διαὦ

105 2895 287 2990 εστρόφοις
305 2906 536 2982 διδασκαλίαις
552 2897 864 2989 ἀπολαμβάνονσιν,
882 2898 982 2970 ὁποῖα
1000 2897 1101 2987 σύνη-

36 3070 37 3074 ,
130 3013 191 3083 θες
209 3018 278 3081 τοῖς
295 2996 410 3083 ἀθέοις
428 3000 637 3090 αίρεσιοόταις
655 3020 773 3074 ποιεῖν.
803 3003 857 3070 ἐπὶ
872 3008 953 3070 πᾶσι
971 2999 1100 3080 τούτοις

132 3102 215 3191 πρὸς
232 3100 291 3172 τόν
309 3105 430 3173 ἑαυτοῦ
447 3101 530 3173 θεόν
548 3107 604 3173 καὶ
622 3103 739 3192 κύριον
750 3106 806 3174 καὶ
821 3107 947 3192 πατέρα
964 3099 1026 3189 τὴν
1045 3100 1100 3170 εύ-

131 3202 194 3292 χην
224 3201 401 3286 ἀποτείνας
428 3207 577 3295 ἐπιφέρει
608 3207 715 3294 λέγων
733 3201 798 3274 “σδ
830 3205 884 3291 δέ,
916 3202 1024 3291 κύριε,
1054 3199 1099 3290 μὴ
1114 3228 1139 3268 3ο

133 3352 334 3362 —-.--..-.

202 3438 233 3484 13
252 3437 329 3494 Rom.
344 3439 383 3499 12,
397 3441 422 3486 5.
528 3439 559 3488 15
580 3440 603 3486 1.
618 3435 680 3488 Cor.
696 3439 735 3501 12,
750 3440 791 3486 21.
