2326 3818
142 138 203 202 328
550 138 698 187 Ευειιιειι

142 283 383 366 προσηγορίας,
427 286 460 344 εί
486 302 524 362 γε
557 275 767 363 ἕρμηνευθέν
799 269 929 361 δρῶντα
960 274 1051 345 θεὸν
1082 278 1121 349 εδ

137 375 267 466 Ἰσραὴλ
291 375 395 466 όνομα
419 384 581 465 σημαίνει.
630 372 691 445 οόιι
714 374 779 461 άρα
810 373 869 444 τόν
892 378 945 443 έπὶ
975 374 1121 449 πάντων

141 480 224 550 θεὸν
244 477 347 565 ἑῶρα·
366 475 505 566 άόρατος
523 476 586 566 γάρ
604 468 700 557 οὗτος
718 481 774 546 καὶ
791 473 962 564 ἄτρεπτος,
981 479 1041 546 καὶ
1061 477 1119 549 οὐ·

143 585 254 670 δαμῶς
272 575 314 649 άν
338 587 384 662 είς
402 577 585 667 ἄνθρωπον
602 576 781 667 μεταβάλοι
798 572 815 647 ὁ
834 573 941 664 πάσης
961 572 1011 646 ῶν
1027 575 1117 649 άνω-

142 683 228 752 τάτω
247 681 379 760 οὐσίας·
408 685 523 767 ἕτερον
540 677 621 768 άρα,
640 670 681 748 οὗ
699 683 754 748 καλ
773 683 1142 767 πολυπραγμονοῦντιε

115 829 125 855 0
143 782 255 873 καιρός
280 809 331 850 πω
357 778 419 851 οὐκ
443 771 486 866 ἦν
505 784 647 867 έκφάναι
671 784 718 872 τῷ
732 776 846 868 ’λακῶβ
865 778 927 866 την
944 802 1118 869 προσηγο-

144 894 231 974 ρίαν.
274 888 303 950 3.
325 888 356 950 εί
379 882 416 950 δέ
439 877 590 968 άγγέλων
614 909 705 968 τινα,
730 877 750 967 ἢ
776 886 843 950 τῶν
867 875 939 950 κατ’
964 878 1123 969 οὐρανόν,

143 991 250 1055 θείων
268 980 468 1070 πνευμάτων
482 981 540 1051 τδν
548 997 617 1062 τοῖς
636 976 741 1068 άγίοις
759 981 836 1063 τοὺς
855 978 1025 1070 χρησμοὺς
1043 988 1117 1053 δια-

144 1082 349 1171 κονούμενον
373 1081 538 1171 ὑπολάβοι
561 1112 609 1163 τις
634 1083 736 1169 εἶναι,
761 1087 877 1171 σαφῶς
902 1085 1116 1163 διέψευσται·

144 1190 242 1254 τοῦτο
260 1185 321 1273 μὲν
339 1181 404 1254 άπὸ
421 1190 479 1254 τοῦ
499 1194 788 1271 κυριολεκτεϊσθαι
806 1186 861 1252 καλ
874 1191 1116 1270 θεολογεῑσθαι
1128 1213 1154 1253 ιο

144 1284 202 1355 τδν
234 1284 456 1375 δηλούμενον·
497 1288 553 1354 καὶ
584 1282 648 1372 γάρ
673 1288 729 1352 καὶ
752 1281 835 1355 θεόν
859 1282 963 1354 αὐτὸν
991 1279 1010 1371 ἡ
1035 1293 1116 1355 θεία

144 1386 256 1476 γραφη
276 1386 461 1477 διαρρήδην
479 1384 692 1473 ἀναγορεύει,
718 1388 773 1454 καλ
797 1384 915 1476 κόριον
938 1381 1114 1475 άποκαλεϊ,

144 1495 183 1579 τῇ
204 1487 259 1558 διά
277 1492 344 1558 τῶν
358 1487 529 1575 τεσσάρων
543 1485 624 1575 παρ’
635 1485 799 1575 Ἑβραίοις
813 1495 987 1576 στοιχείων
1001 1488 1116 1574 ἐπιση-

144 1589 279 1678 μειῶσει
297 1593 441 1676 τιμῶσα,
459 1586 502 1675 ἣν
521 1590 574 1657 ἐπὶ
593 1587 697 1677 μόνης
714 1593 772 1675 τῆς
797 1584 1041 1676 άνειιφωνήτου
1059 1590 1117 1657 καὶ

44 1680 47 1685 ⁴
145 1689 292 1780 άρρητου
310 1698 534 1779 προσηγορίας
557 1692 614 1775 τῆς
640 1694 700 1757 τοῦ
718 1693 803 1758 θεοῦ
820 1689 1017 1757 συντιθέναι
1035 1706 1116 1759 παί-
1127 1694 1152 1755 ιο

147 1798 202 1872 δες
215 1790 379 1880 Ἐβραίων
399 1789 555 1859 είῶθασι·
590 1793 685 1858 τοῦτο
713 1790 750 1858 δέ
768 1792 822 1858 καλ
848 1786 913 1858 άπὸ
936 1794 996 1858 τοῦ
1014 1786 1114 1877 ιἰγγέ-

146 1904 224 1973 λους
243 1896 357 1979 σαφῶς
377 1897 551 1976 διορίζειν,
570 1885 625 1958 ὅτε
644 1887 686 1976 δὴ
704 1888 859 1976 βούλοιτο
876 1887 1039 1977 ἀγγέλους
1056 1916 1116 1959 κα-

120 2003 218 2063 ολελν
235 1992 252 2060 ὁ
271 1991 384 2079 λόγος,
405 1988 515 2080 ῶσπερ
534 1990 611 2071 τούς
631 1993 666 2059 έν
685 1989 849 2079 Σοδόμοις
867 1989 999 2078 άσεβεῖς
1016 1988 1117 2072 ὄντας

146 2092 163 2160 ὁ
189 2093 250 2180 μέν
273 2097 318 2183 τῷ
333 2089 481 2181 Ἀβραάμ
506 2098 713 2181 χρηματίζων
734 2090 815 2170 θεὸς
838 2094 894 2160 καὶ
918 2090 1032 2181 κύριος
1058 2096 1118 2180 τῆς

149 2189 251 2262 αὐτοῦ
274 2202 457 2283 παρουσίας
481 2191 634 2280 οὐδαμῶς
658 2189 760 2279 άξιοῑ,
795 2188 839 2274 ῶς
866 2182 967 2271 αὖθις
988 2191 1010 2280 ἡ
1035 2200 1156 2263 θείαεο

148 2293 259 2383 γραφη
284 2298 372 2382 λέγει
392 2290 431 2362 “ὁ
455 2295 517 2383 μέν
542 2292 655 2379 κύριος
681 2291 853 2380 ἀπῆλθεν,
879 2291 923 2372 ῶς
949 2291 1117 2364 ἐπαύσατο

148 2402 258 2465 λαλῶν
281 2400 326 2491 τῷ
348 2393 512 2487 Ἀβραάμ,
537 2401 572 2465 οί
594 2396 631 2464 δέ
651 2393 712 2463 δύο
736 2392 869 2482 άγγελοι
893 2395 1051 2481 ἀπῆλθον
1069 2402 1119 2475 είς

147 2498 285 2586 Σόδομα
305 2495 479 2585 ἑσπέρας.”
516 2502 545 2564 4.
566 2499 622 2564 καλ
635 2502 680 2587 τῷ
694 2493 810 2582 ’λακῶβ
825 2496 863 2564 δὲ
877 2490 1119 2583 1’συνήντησαν

147 2597 280 2687 άγγελοι
298 2603 400 2667 θεοῦ·
428 2601 483 2666 καὶ
501 2594 585 2665 ίδῶν
604 2595 687 2682 εἶπε,
706 2594 898 2685 παρεμβολὴ
916 2599 1003 2666 θεοῶ
1020 2594 1116 2683 αὕτη.

148 2703 203 2767 καὶ
228 2697 363 2767 ἐκάλεσε
391 2698 427 2766 τὸ
451 2694 556 2785 ὄνομα
579 2700 641 2765 τοῦ
662 2694 766 2766 τόπου
791 2704 922 2767 ἐκείνου
945 2700 1159 2786 παρεμβο-εεΙ

149 2795 239 2866 λαί.”

225 2902 253 2966 5.
277 2896 391 2979 Οὕτως
411 2896 451 2987 δὴ
469 2896 486 2967 ὁ
504 2896 667 2987 θεοφιλὴς
692 2889 729 2968 εὖ
749 2900 915 2988 διέκρινεν
938 2896 996 2979 τὰς
1012 2895 1118 2965 ὀπτα-

149 3006 224 3080 σίας
250 2996 333 3069 ῶστε
356 3005 420 3069 νῦν
438 3001 499 3088 μέν
523 2997 559 3069 τό
577 2997 682 3088 ὄνομα
699 3005 758 3069 τοῦ
775 2997 881 3069 τόπου
904 2995 1117 3086 παρεμβολάς

149 3111 280 3190 καλεῖν,
307 3098 371 3170 άπὸ
395 3105 452 3189 τῆς
475 3104 543 3171 τῶν
568 3098 753 3190 άγγελικῶυ
776 3104 998 3189 παρεμβολῶν
1022 3099 1116 3179 θέας.

149 3201 202 3272 ὅτε
222 3204 259 3272 δὲ
276 3207 323 3298 τῶ
339 3206 411 3296 θεῷ
430 3212 636 3292 προσομιλεῖ,
657 3211 753 3272 τιαλεῖ
763 3200 799 3271 τὸ
813 3197 919 3290 ὄνομα
935 3203 996 3271 τοῦ
1012 3197 1117 3281 τόπου
1130 3227 1159 3268 ιο

217 3436 247 3483 21
269 3434 336 3487 Gen.
352 3438 392 3498 32,
406 3439 430 3484 2.
535 3436 567 3485 23
586 3433 709 3493 Gen.32‚
724 3438 746 3486 1.
