2326 3818
93 136 182 200 '622
530 136 678 187 υοεεοα

118 273 296 366 θρόπουό
322 273 469 357 θάνατος
502 277 558 344 καὶ
582 269 629 344 δι’
654 271 840 362 άνθροόπου
863 270 891 362 η’
908 269 1091 357 άυάστασις

118 373 140 465 ἡ
159 381 195 447 ἐκ
213 375 358 464 νεκρῶν”
379 379 483 466 φησὶν
496 371 514 446 ό
528 372 710 456 ἀπόστολος
718 370 796 445 “καὶ
816 373 928 464 ὥσπερ
946 371 993 445 δι’
1015 375 1090 458 ἑνός

118 475 380 569 παραπτώματος
399 486 445 559 είς
464 475 589 558 πάντας
603 474 806 567 ἀνθρώπους
826 484 874 557 είς
890 474 1089 567 κατάκριμα,

117 575 204 650 οὗτοι
229 581 284 650 καὶ
314 577 359 650 δι’
388 576 462 659 ἑνός
487 577 707 703 δικαιρόματος
730 584 777 660 είς
797 575 924 658 πάντας
949 575 1090 702 άνθριό-

116 708 200 761 πους
219 687 266 762 είς
285 688 460 751 δικαίωσιν
479 676 589 767 ζωῆςῗ
632 686 660 749 ’ί
690 687 792 749 ἔνθεν
816 682 872 748 καὶ
890 676 989 758 αὐτὸς
1011 677 1118 762 τούςε

117 784 235 909 μὲν
205 789 328 853 εαυτοῦ
359 781 511 870 μαθητάς
536 777 623 867 ξοην
651 782 707 850 καὶ
735 784 807 870 φῶς
838 782 893 848 καί
923 776 1090 868 άλήθειαν

48 912 103 963 (ια)
117 881 238 954 ἑαυτόν
217 856 342 953 εἶναι
360 881 467 952 καὶ
433 909 490 962 τας
508 879 626 962 λοιπάς
650 886 854 964 ἐπινοίας
815 910 873 970 της
891 879 962 950 κατ’
984 879 1090 952 αὐτόν

115 991 293 1108 θεολργίας
313 987 480 1069 ἐπαίδευε,
504 999 573 1065 τοῖς
543 978 671 1052 λ’δὲ
652 981 810 1071 αμυήτοις
833 1011 902 1053 των
925 980 996 1051 κατ’
1025 981 1089 1052 αό-

115 1082 174 1155 τόν
192 1083 392 1175 άπορρήτωυ
416 1092 509 1173 ἔλεγε
531 1078 588 1154 “τί
608 1112 649 1172 με
674 1092 795 1172 ζητεῖτε
818 1079 1012 1154 άποκτείναι
1030 1081 1088 1153 άν-

114 1198 267 1276 θρωπον,
284 1182 321 1267 ὃς
334 1184 396 1276 την
409 1177 574 1274 άλήθιιαν
586 1183 669 1273 ὑμῖν
683 1183 846 1273 λελάληκα
854 1180 880 1271 ;”
901 1182 1012 1274 ὥσπερ
1026 1176 1088 1256 οὖν
1101 1216 1128 1258 ιο

115 1284 156 1357 τά
173 1293 232 1375 τῆς
255 1297 431 1377 θεολογίας
456 1285 619 1376 ίδιοόματα
643 1290 771 1368 ἐντοῖς
798 1293 990 1377 ἔμπροσθεν
1007 1282 1088 1357 άπο·

117 1386 323 1478 δίδοται,
290 1418 349 1460 τον
367 1386 482 1478 ὅμοιον
501 1392 542 1476 δὴ
559 1386 684 1474 τρόπον
701 1384 877 1458 κάνταυθα
900 1391 960 1459 τοῦ
978 1384 1088 1476 άμυοῦ

114 1489 154 1560 τά
171 1486 430 1581 άνθροτποπαθή
448 1487 711 1612 παραστήσεται,
721 1492 788 1559 τῶν
802 1486 866 1579 πρό
882 1517 942 1558 του
929 1487 1088 1612 πάβορς

115 1589 219 1662 αὐτου
208 1589 386 1680 μίσον”
367 1621 493 1677 οντων,
520 1586 605 1681 ὁμου
630 1619 666 1661 τε
689 1587 790 1679 άμφω
817 1588 857 1658 τά
874 1619 909 1661 τε
928 1588 1011 1660 κατά
1027 1588 1088 1662 τόν

114 1691 197 1763 θεόν
215 1693 325 1763 καὶ
289 1722 330 1763 τα
353 1690 436 1763 κατά
459 1689 518 1763 τὸν
535 1690 720 1814 ἄνθρωπον
744 1689 848 1762 αὐτοῦ
874 1689 1085 1820 περιειληφό-
1099 1722 1125 1764 ιε

88 1822 190 1866 υτον.
219 1800 248 1865 8.
267 1793 396 1866 τούτων
414 1801 581 1884 χρησίμως
598 1790 680 1883 ἡμῖν
697 1795 1006 1883 προτετηρημίυων,
1020 1790 1085 1881 ἤδη

47 1909 101 1962 1²8⁸}
115 1896 171 1965 καὶ
189 1900 258 1966 τῶν
275 1901 399 1984 λογίων
416 1891 529 1966 αὐτῶν
548 1892 774 1983 ίφαυόμεθα,
801 1895 877 1983 περὶ
897 1896 955 1980 τῆς
974 1889 1085 1961 Ἰούδα

114 1999 175 2065 τοῦ
192 1995 358 2083 προδότου
383 1999 439 2065 καλ
461 2000 530 2065 τῶν
554 1994 620 2066 σόν
638 1992 729 2089 αὐτῷ
754 1992 837 2065 κατά
859 2000 919 2064 τοῦ
940 1998 1085 2083 Χριστοῦ

115 2099 296 2186 γενομένης
314 2101 498 2193 συσκευῆς,
523 2105 603 2187 περί
622 2125 658 2168 τε
681 2104 749 2167 τεόν
772 2092 859 2186 άμφλ
881 2092 940 2166 τόν
967 2093 1087 2185 καιρόν

114 2201 177 2268 τοῦ
193 2196 325 2279 πάθους
343 2194 447 2270 αὐτοῦ
465 2197 735 2289 συμβεβηκότων.
1099 2228 1124 2269 ιο

448 2467 528 2540 Ἀπὸ
547 2472 680 2557 ψαλμοῦ
697 2466 745 2556 μ’.

88 2650 99 2676 ε
190 2617 211 2677 1.
246 2602 444 2691 “Μακάριος
462 2601 479 2672 ό
498 2602 626 2673 συνιών
645 2604 697 2671 ἐπὶ
716 2601 848 2690 πτωχὸν
872 2603 928 2670 καὶ
946 2603 1083 2688 πένητα,

115 2706 151 2773 ἐν
176 2702 284 2794 ἡμέρᾳ
307 2708 437 2794 πονηρᾷ
461 2701 597 2794 ῥύσεται
626 2698 771 2772 αότόνό
799 2701 929 2791 κάρτος·
970 2698 1084 2787 κάρτος
1098 2732 1125 2773 ιε

113 2803 316 2892 διαφυλάξαι
334 2800 453 2893 αὐτόν,
481 2807 537 2873 καὶ
561 2802 655 2892 ζήσαι
672 2799 793 2891 αὐτόν,
821 2806 877 2874 καί
902 2810 1085 2894 μακαρίσαι

114 2899 217 2974 αὐτόν
245 2909 281 2975 ἐν
306 2908 349 2995 τῇ
373 2909 432 2997 νη,
458 2908 514 2976 καὶ
538 2904 583 2996 μὴ
607 2910 747 2999 παραδῷ
771 2903 875 2976 αὐτόν
899 2911 946 2985 είς
973 2922 1085 2995 χεῖρας

115 3007 246 3097 ἐχθρόν
277 3005 390 3079 αὐτοῦ.
438 3006 552 3095 κάρτος
581 3007 744 3097 βοηθήσει
769 3004 860 3099 αὐτῷ
886 3008 939 3077 ἐπὶ
966 3013 1082 3095 κλίνης

112 3102 236 3197 όδόνης
273 3104 394 3198 αὐτοῦ,
431 3105 515 3198 όλην
550 3105 611 3196 τήν
642 3116 757 3198 κοίτην
789 3105 892 3179 αὐτοῦ
925 3114 1085 3197 ἔστρεψας

84 3210 151 3280 οέυ
177 3216 219 3298 τῇ
243 3205 412 3302 ἀρρωστίη
437 3206 551 3280 αὐτοῦ.
604 3208 668 3300 ἐγώ
687 3210 781 3299 είπα,
807 3207 919 3301 κύριε,
946 3207 1084 3298 ἐλέησόν
1097 3239 1123 3281 ιο

176 3441 380 3505 νεακιο.Ἰ
469 3443 669 3506 πῆμα
