2326 3818
122 127 185 190 386
532 125 684 177 Ευεοειι

124 274 257 346 δεινοῖς.
295 271 323 336 7.
343 271 493 336 τοιοῦτον
511 262 575 353 γάρ
594 268 662 333 ἐστι
680 264 716 334 τὸ
729 262 829 335 “ίδοδ
842 259 962 356 ήμέραι
980 273 1094 356 ἔρχον-

123 397 176 438 ται
193 371 253 438 τοῦ
271 374 409 457 κυρίου,
428 369 483 435 καὶ
502 364 822 456 διαμερισθήσονται
846 359 887 436 τίι
905 367 1013 437 σκῦλα
1031 392 1095 441 σου

106 473 161 540 Ιέν
179 471 249 558 σολ,
275 472 331 538 καλ
356 466 543 550 ἐπισυνάξω
567 465 733 537 πάντατὰ
752 474 836 555 ἔθνη
862 472 916 539 ἐπὶ
930 464 1094 559 Ἰερουσα-

122 569 187 660 λήμ
213 578 259 652 είς
283 568 445 658 πόλεμον,
469 571 525 638 καλ
550 563 712 638 ἁλώσεται
736 567 756 657 ῆ
782 567 894 658 πόλις,
918 573 974 638 καὶ
1000 577 1093 664 διαρ-

122 671 329 762 παγήσονται
348 679 386 741 αί
400 678 519 758 οἰκίαι,
544 672 600 738 καλ
626 676 663 739 αί
683 686 842 758 γυναῖκες
859 671 1118 761 μολυνθήσονι

94 801 192 862 εται,
211 776 267 842 καὶ
287 771 491 854 ἐξελεύσεται
515 769 552 841 τδ
569 767 672 859 ῆμισυ
696 775 753 859 τῆς
772 769 898 853 πόλεως
917 777 954 842 έν
972 781 1094 863 αἰχμα-

121 871 261 966 λωσίρ.”
298 880 327 942 8.
346 870 427 961 μεταλ
447 873 484 942 δέ
501 871 563 960 τῆν
580 877 637 960 τῆς
650 867 863 962 Ἰερουσαλήμ
881 883 1092 965 πολιορκίαν,

119 979 175 1046 καὶ
188 975 249 1062 τῆν
259 972 328 1063 μετ’
339 971 445 1062 αὐτῆν
459 982 688 1063 αἰχμαλωσίαν
700 981 760 1044 τοῦ
770 970 943 1045 Ἰουδαίων
955 983 1091 1067 ἔθνους,

122 1078 265 1163 ἐπιλέγει
290 1078 364 1162 ἑξῆς
387 1074 501 1164 ἀγαθὰ
519 1091 586 1156 τοῖς
613 1079 695 1148 πᾶσι
717 1084 887 1160 θεσπίζων
900 1075 980 1146 “nal
999 1085 1092 1148 ἔσται

120 1176 234 1267 κύριος
254 1184 300 1258 είς
319 1180 457 1265 βασιλέα
482 1179 536 1247 ἐπὶ
562 1180 673 1247 πᾶσαν
695 1177 758 1264 τῆν
780 1176 876 1266 γῆν.”
914 1181 971 1248 καλ
988 1176 1091 1250 πολλιν
1106 1214 1129 1253 ιο

55 1274 232 1360 [ια]“έσται
250 1277 365 1368 κύριος
390 1276 453 1366 εἷς,
478 1281 534 1348 καλ
551 1277 588 1348 τὸ
610 1275 715 1367 ὄνομα
733 1274 839 1349 αὐτου
861 1285 917 1366 δν,
942 1285 1092 1352 κνκλοῦν

121 1388 233 1450 πᾶσαν
250 1377 311 1469 τῆν
328 1385 392 1470 γῆν
410 1382 465 1450 καλ
483 1378 545 1468 τήν
562 1389 694 1470 ἔρημον.
739 1386 767 1449 9.
787 1378 871 1450 ιἰλλδι
898 1382 961 1472 γὰρ
980 1385 1036 1451 καλ
1053 1380 1091 1453 τδ

118 1479 291 1554 Ἰουδαίων
317 1491 416 1563 ἔθνος
439 1485 576 1553 τοιαῦτα
600 1490 778 1552 πείσεσθαι
807 1485 843 1552 έν
860 1500 933 1563 ταῖς
950 1487 1011 1553 τοῦ
1029 1512 1090 1552 κν-

121 1592 197 1674 ρίον
216 1582 352 1673 ἡμέραις
371 1589 428 1671 τῆς
441 1582 654 1673 προρρήσεως
670 1581 942 1672 ἀποφηναμένης,
960 1592 1010 1666 τίς
1028 1583 1090 1655 οὐκ

120 1682 162 1755 δν
186 1683 371 1773 θαυμάσειε
393 1692 450 1773 τῆς
475 1683 689 1774 προρρήσεως
711 1683 748 1753 τὸ
773 1681 997 1776 ἄποτέλεσμα;
1021 1682 1089 1774 α”μα
1104 1718 1128 1759 ιε

121 1783 184 1875 γίιρ
199 1783 323 1873 Ἰησοῦς
346 1781 364 1854 δ
389 1786 499 1874 σωτῆρ
523 1788 579 1855 καὶ
602 1785 717 1874 κύριος
739 1783 835 1874 ῆμων
858 1791 985 1876 παρῆν,
1009 1782 1085 1873 ῆσέ-

121 1895 206 1974 βουν
223 1915 259 1956 τε
278 1895 325 1968 είς
343 1885 444 1956 αὐτὸν
462 1892 496 1956 οί
513 1891 548 1956 ἐκ
566 1889 759 1975 περιτομῆς,
778 1890 835 1956 καλ
849 1886 956 1958 πάντα
973 1884 1086 1983 αὐτοῖς

119 1987 253 2076 ἀθρόως
270 1987 311 2057 τδι
329 1991 601 2076 προηγορευμένα
618 1985 699 2075 μετίι
717 1988 993 2060 πεντακοσιοστὸν
1016 1981 1086 2070 έτος

52 2121 106 2170 ρει)
121 2094 178 2176 τῆς
196 2087 409 2176 προρρήσεως
426 2092 541 2170 τέλους
560 2088 751 2178 ἐτύγχανεν,
771 2093 803 2172 ἐξ
822 2087 927 2161 αὐτοῦ
939 2088 1097 2164 Πιλάτου.

121 2192 177 2259 καὶ
194 2192 289 2279 μέχρι
305 2193 363 2276 τῆς
382 2189 464 2258 κατὰ
482 2194 627 2281 Νέρωνα
651 2192 707 2258 καλ
731 2201 829 2261 Τίτον
856 2195 911 2261 καὶ
932 2189 1088 2263 Οὐεσπα-
1101 2223 1127 2262 ιο

121 2290 238 2361 σιανόν
251 2298 443 2381 πολιορκίας
456 2288 496 2361 οὐ
512 2289 769 2362 διαλελοιπότων
784 2290 906 2374 αὐτοῦς
919 2300 1089 2365 παντοίων

121 2396 176 2463 καλ
197 2391 393 2481 ἐπαλλήλων
407 2398 603 2484 συμφορῶν,
623 2391 666 2474 ὡς
680 2391 839 2483 πάρεστιν
854 2397 890 2464 ἐκ
903 2399 961 2483 τῆς
976 2405 1088 2467 Φλαυ-

120 2504 174 2566 ίου
196 2491 358 2582 Ἰωσήπου
383 2503 566 2585 γραφείσης
591 2500 737 2585 ίστορίας
761 2492 997 2578 ἀναλέξασθαι.
1036 2504 1086 2567 10.

118 2596 193 2666 τότε
210 2598 272 2685 μὲν
290 2587 353 2664 οὖν
372 2594 458 2676 είκὸς
475 2596 511 2665 τό
537 2594 640 2685 ῆμισυ
658 2600 716 2685 τῆς
734 2593 860 2677 πόλεως
877 2593 1087 2668 ἄπολωλέναι

118 2702 158 2787 τῆ
177 2702 363 2787 πολιορκία,
383 2693 426 2777 ὥς
444 2719 548 2785 φησιν
565 2693 586 2785 ῆ
600 2706 800 2788 προφητεία·
828 2695 898 2785 μετ’
918 2695 958 2767 οὐ
977 2696 1086 2768 πολδν
1099 2727 1125 2767 25

120 2801 156 2866 δὲ
186 2797 325 2887 χρόνον,
357 2794 439 2866 κατὰ
461 2793 637 2888 Ἀδριανόν
668 2796 894 2888 αὐτοκράτορα
922 2797 1086 2886 κινήσεως

119 2889 219 2980 αὖθις
240 2895 421 2987 Ἰουδαϊκῆς
443 2903 641 2990 γενομένης,
671 2899 708 2970 τδ
732 2897 850 2971 λοιπδν
876 2903 935 2987 τῆς
958 2899 1085 2981 πόλεως

90 3004 215 3091 εμέρος
233 2999 335 3090 ῆμισυ
359 3003 583 3091 πολιορκηθὲν
606 2991 707 3084 αὖθις
732 2999 958 3091 ἐξελαύνεται,
982 2997 1026 3084 οδς
1052 3005 1085 3084 ἐξ

119 3107 249 3174 ἐκείνου
273 3106 329 3172 καλ
354 3109 401 3184 είς
425 3105 525 3194 δεῦρο
549 3103 687 3193 πάμπαν
710 3099 836 3190 δι’βατον
858 3102 972 3185 αὐτοῖς
989 3105 1086 3191 γενέ-

118 3218 199 3277 σθαι
216 3204 275 3276 τὸν
292 3203 404 3275 τόπον.
451 3211 499 3274 11.
520 3213 550 3275 εί
575 3207 612 3276 δὲ
629 3209 719 3294 λέγοι
744 3233 794 3285 τις
818 3205 901 3275 κατὰ
916 3201 1084 3294 Ἀντίοχον
1097 3236 1124 3276 εο

117 3305 175 3377 τόν
186 3305 348 3396 Ἐπιφανῆ
366 3312 469 3377 ταῦτα
488 3315 747 3398 πεπληρῶσθαι,
766 3304 948 3384 σκευάσθω
969 3313 1001 3376 εί
1016 3301 1084 3387 οἷός

117 3410 155 3476 τέ
178 3412 269 3478 ἐστιν
292 3405 489 3479 ἀποδιδόναι
520 3412 576 3479 καὶ
606 3406 647 3479 τὰ
670 3404 769 3480 λοιπιλ
798 3411 857 3498 τῆς
880 3414 1084 3499 προφητείας
