2326 3818
131 114 195 178 456
544 117 694 168 EUSEBII
752 142 754 147 ·

108 283 194 324 ινον
217 250 338 341 αῦτοῦ,
367 251 413 334 ῦς
430 254 489 335 τάς
508 250 632 345 ἡμέρας
655 258 716 325 τοῦ
734 250 915 345 οῦρανοῦ.”
955 260 1024 325 144.
1045 259 1103 326 καὶ

133 346 233 437 αῦθις
253 352 362 441 “άπαξ
389 352 501 445 άμοσα
524 359 561 428 ἐν
583 364 630 449 τῷ
653 353 738 450 άγίῳ
762 385 844 445 μου,
870 363 901 427 εί
922 359 969 449 τῷ
987 360 1105 445 Δαβλδ

133 455 314 546 ψεύσομαι,
332 454 369 526 τῦ
387 459 518 548 σπέρμα
536 454 639 528 αῦτοῦ
659 465 706 539 είς
719 457 777 528 τὸν
791 461 898 528 αίοῐνα
915 473 1026 547 μενεῖ,
1047 461 1104 529 καί

64 589 117 642 [κιο]
132 553 149 627 ὁ
167 556 290 646 θρόνος
314 555 420 629 αῦτοῦ
445 555 488 642 άς
512 556 641 649 δῆλιος
660 563 814 632 ἐναντίου
838 588 920 649 μον,
945 562 1000 628 καὶ
1020 554 1104 650 άςὴ

132 659 255 749 σελήνη
273 658 515 751 κατηρτισμένα]
534 669 581 742 είς
593 661 652 732 τὸν
663 659 800 734 αίῶνα.”
821 665 965 731 τοσαῦτα
985 665 1021 731 ἐν
1034 678 1105 746 τοϊς
1117 690 1143 732 ε.

137 772 286 852 Ψαλμοῖς
310 769 370 831 τοῦ
394 768 479 833 θεοῦ
504 765 551 856 τῷ
568 765 683 851 Δαβλδ
702 766 965 852 ἐπηγγελμένον,
983 758 1104 834 τάναυ·

132 871 185 933 τία
210 866 337 952 συνέβη
360 880 432 945 ταῖς
462 866 671 952 ἐπαγγελίαις
695 868 852 934 ἐπελθεῖν
878 864 931 932 διά
955 862 1012 945 τάς
1036 870 1107 935 τῶν

134 963 301 1052 διαδόχων
326 960 431 1033 αὐτοῦ
455 972 662 1053 δυσσεβείας.
685 1054 687 1059 Ι
707 971 775 1036 145.
795 964 816 1053 ἡ
834 969 919 1052 γοῦν
943 969 980 1035 ἐκ
1005 969 1105 1057 σπέρ-

132 1093 233 1154 ματος
257 1066 372 1153 Δαβλδ
398 1073 551 1153 βασιλεία
582 1068 782 1156 διαρκέσασα
811 1068 925 1156 μέχρις
947 1063 1104 1156 Ἰεχονίου

133 1168 189 1236 καὶ
213 1173 271 1256 τῆς
293 1165 360 1237 ὑπὸ
383 1175 613 1256 Βαβυλωνίοις
637 1175 697 1238 τοῦ
724 1172 817 1257 ίεροῦ
841 1176 1034 1256 πολιορκίας
1053 1177 1104 1239 λε·
1118 1199 1151 1239 ιο·

106 1278 231 1358 ολυτο,
259 1264 303 1349 άς
327 1271 359 1352 ἐξ
378 1272 510 1340 ἐκείνου
527 1260 642 1359 μηκέτι
659 1269 718 1340 τδν
741 1267 871 1358 θρόνον
888 1271 1002 1355 Δαβὶδ
1020 1271 1106 1358 μηδὲ

132 1367 211 1451 τοῦς
238 1373 275 1439 έκ
298 1372 485 1460 σπέρματος
510 1366 615 1440 αῦτοῦ
642 1377 841 1457 βασιλεῦσαι
858 1370 917 1440 τοῦ
932 1365 1109 1442 Ἰουδαίων

75 1487 77 1494 “
100 1468 109 1484 ’
134 1479 267 1555 ἔθνους.
307 1476 377 1541 146.
398 1475 454 1541 καὶ
471 1470 597 1561 ταύτην
620 1500 660 1560 γε
678 1469 741 1561 τὴν
757 1473 942 1561 γενομένην
962 1469 1106 1556 διάπτω·

135 1598 190 1644 σιν
207 1577 266 1662 τῆς
284 1570 367 1662 πρὸς
385 1573 444 1644 τὸν
462 1576 576 1662 Δαβίδ
595 1576 792 1662 ἐπαγγελίας
816 1571 899 1642 κατά
916 1571 978 1660 τὴν
995 1598 1106 1662 προει-

135 1677 285 1765 ρημένην
308 1678 369 1744 τοῦ
396 1677 540 1764 Ψαλμοῦ
565 1672 755 1765 παράθεσιν
779 1673 816 1744 τὸ
833 1686 932 1744 θεῖον
950 1663 1019 1743 οἶδε’
1035 1701 1106 1758 πως
1120 1704 1147 1746 ιε

134 1780 268 1865 πνεῦμα
282 1783 432 1860 θεσπίζει
443 1771 508 1846 “σῦ
524 1776 562 1845 δὲ
575 1773 700 1845 άπάσω
714 1778 770 1845 καὶ
780 1777 1017 1861 έξουδένωσας,
1028 1771 1107 1845 άνε-

136 1875 242 1964 βάλον
260 1877 319 1947 τὸν
337 1876 482 1963 Χριστόν
500 1896 576 1947 σου·
610 1879 834 1966 κατέστρεψας
856 1874 919 1964 τὴν
937 1872 1107 1964 διαθήκην

134 1984 194 2048 τοῦ
213 1976 336 2049 δοῦλον
355 2001 434 2065 σου,
455 1975 665 2066 έβεβηλωσας
684 1985 731 2058 είς
749 1977 810 2067 τὴν
828 1985 893 2067 γῆν
908 1977 944 2047 τὸ
958 1973 1106 2065 άγίασμα

136 2075 252 2165 αῦτοῦ,
271 2090 427 2158 καθεῖλες
445 2077 570 2160 πάντας
588 2077 666 2161 τοῦς
681 2076 854 2170 φραγμοῦς
873 2073 1008 2148 αῦτοῦ.”
1032 2084 1103 2149 147.

136 2181 192 2248 καὶ
209 2177 279 2267 μετ’
301 2174 398 2267 ὀλίγα
412 2174 492 2252 “τόν
508 2179 637 2267 θρόνον
656 2178 760 2250 αὐτοῦ
772 2187 818 2261 είς
831 2177 893 2268 τὴν
906 2183 970 2268 γῆν
988 2182 1108 2267 κατέρ-
1120 2211 1148 2250 εο

136 2285 254 2370 ραξας,
284 2285 485 2370 ἕσμίκρυνας
511 2281 569 2364 τάς
600 2277 723 2371 ἡμέρας
753 2288 812 2352 τοῦ
845 2279 967 2372 χρόνον
991 2277 1107 2369 αῦτοῦ,

137 2385 291 2473 κατέχεας
310 2379 417 2454 αῦτοῦ
435 2379 633 2473 αίσχῦνην,”
659 2378 754 2453 άκαί
773 2387 921 2472 ἐναργῶς
939 2377 1109 2471 άρξάμενα

137 2495 374 2556 συντελεῖσθαι
392 2481 457 2555 άπὸ
475 2488 533 2573 τῆς
548 2493 595 2566 είς
603 2487 790 2573 Βαβυλῶνα
804 2490 1029 2573 αἰχμαλωσίας
1047 2489 1109 2554 τοῦ

137 2593 237 2675 λαοῦ,
262 2590 357 2677 μέχρι
380 2591 438 2672 τῆς
451 2585 621 2674 Ῥωμαίων
644 2588 700 2655 καὶ
723 2592 879 2674 Τιβερίου
897 2583 1109 2673 παρεξετάθη

69 2716 123 2767 (σοι)
138 2694 319 2774 βασιλείας.
362 2682 476 2767 οὐδεὶς
497 2694 581 2773 γοῦν
599 2690 636 2758 ἐκ
657 2689 715 2774 τῆς
738 2691 798 2755 τοῦ
817 2687 932 2773 Δαβλδ
951 2690 1109 2774 διαδοχῆς
1122 2713 1149 2755 ιε

137 2793 175 2856 ἐν
201 2805 269 2868 τοῖς
292 2785 414 2875 μεταξῦ
438 2785 569 2876 χρόνοις
591 2794 748 2876 φαίνεται
772 2789 826 2857 ἐπὶ
850 2786 909 2858 τὸν
933 2783 1108 2874 βασιλικὸν

136 2894 196 2957 τοῦ
210 2885 376 2977 Ἑβραίων
390 2895 513 2970 ἔθνους
527 2891 710 2970 καθεσθεὶς
722 2885 851 2978 θρόνον
863 2889 959 2977 μέχρι
971 2894 1029 2976 τῆς
1047 2892 1108 2957 τοῦ

137 2996 283 3078 Χριστοῦ
303 2996 499 3078 παρουσίας.
535 2995 604 3061 148.
624 2997 687 3065 τοῦ,
695 2991 732 3060 δδ
746 2993 782 3060 έκ
795 2993 983 3079 σπέρματος
992 2991 1109 3075 Δαβλδ

137 3092 320 3180 γενομένου
337 3099 458 3180 κυρίου
476 3094 533 3162 καλ
551 3099 699 3181 σωτῆρος
723 3086 819 3181 ἡμῶν
833 3087 943 3180 Ἰησοῦ
961 3093 1110 3177 Χριστοῦ

138 3196 300 3281 βασιλέως
318 3195 373 3263 ἐπὶ
392 3199 504 3264 πάσαν
513 3192 574 3283 τὴν
588 3193 788 3283 οἰκουμένην
801 3188 1108 3282 άνακηρυχθέντος,
1121 3217 1150 3257 ιο

206 3425 285 3474 εει.
299 3425 341 3487 89,
355 3426 396 3476 οε.
502 3426 533 3474 16
552 3424 706 3488 Ps.89‚38.
