2326 3818
141 119 183 182 ςς
541 118 690 170 Ευεευιι

143 275 262 349 φυτοῑς
280 263 526 347 παραπλησίαν.
566 259 617 327 ἑνί
636 253 669 326 δ’
689 245 752 327 οὖν
769 253 857 349 λόγῳ
875 252 979 326 πόλιν
995 250 1113 327 όΜω-

144 364 203 448 σῆς
230 384 312 449 φησι
330 356 490 430 τὸνθεόν
522 366 631 429 εἰπεῖν
668 352 914 445 Νβλιιστησοίτω
939 352 960 445 ῆ
984 364 1027 445 γῆ
1052 366 1113 447 βο·

143 460 248 549 ταύην
265 461 397 552 χόρτου,
416 477 556 550 σπεῖρον
573 462 703 549 σπέρμα
720 462 776 528 καὶ
794 456 895 542 ξύλον
913 456 1112 548 κόραιμον.”

144 567 199 634 καί
217 554 318 645 αὖθις
336 573 576 652 παραπλησίως
589 560 609 586 “
621 562 805 649 ἐξαγαγίτω
823 555 843 650 ῆ
858 564 901 650 γῆ
921 559 1114 647 τετράποδα

144 669 199 735 καὶ
223 665 342 757 ἑρπετὰ
368 669 424 735 καὶ
441 672 545 754 θηρία
564 669 621 752 τῆς
633 670 694 751 γῆς
708 659 792 731 κατὰ
809 658 935 750 χίνος.”
962 658 1115 733 13.ῶστε
1139 692 1154 735 ι

143 766 318 856 ὁμοιογενῆ
343 770 399 836 καὶ
423 764 556 855 όμοφυῆ
576 768 632 834 καὶ
655 759 815 854 όμοοόσια
841 763 928 833 εἶναι
950 761 1116 852 ἡγεῖσθαι

115 898 128 936 ι
143 887 211 950 τοῖς
230 868 294 938 ἀπό
313 873 374 955 γῆς
398 865 606 956 βλαστῆμασι
629 869 684 936 καὶ
704 883 822 955 φυτοῑς
846 862 885 934 τίι
909 862 1032 953 ῶλογα,
1058 864 1116 937 διδ

143 973 199 1040 καὶ
217 975 376 1058 μηδαμῶς
395 978 600 1058 πλημμελεῖν
613 965 690 1049 τούς
709 969 969 1061 ζωοθυτοόυτας.
1017 978 1116 1057 εἰρη-

144 1101 198 1140 ται
216 1073 299 1159 γοῦν
314 1074 369 1140 καί
384 1074 431 1193 τφό
444 1076 525 1141 Νῶε
539 1077 677 1141 ἕδεσθαι
696 1072 775 1159 κρέα
791 1064 838 1150 ῶς
852 1067 980 1157 λόχοινα
991 1065 1114 1159 ιἰγροῦ.

146 1177 194 1241 14.
216 1175 277 1253 ἕως
294 1174 356 1262 μὲν
379 1202 441 1244 ουν
464 1169 598 1242 οὐδέπω
623 1170 659 1241 τό
684 1187 835 1259 κρεῖττον
858 1167 938 1241 οὐδὲ
960 1167 998 1241 τό
1025 1174 1155 1261 μίγαιο

144 1277 200 1344 καὶ
229 1282 340 1364 τίμιον
367 1278 423 1344 καὶ
456 1274 642 1361 θεοπρεπὲς
672 1271 817 1361 σφόγιον
841 1275 952 1359 παρῆν
976 1269 1117 1362 ιἰνθρῶ·

144 1404 229 1461 ποις,
248 1395 319 1458 ταῖς
334 1376 389 1447 διὰ
408 1373 500 1468 ζῶων
514 1382 652 1457 θυσίαις
667 1374 770 1461 λύτρα
793 1379 851 1462 τῆς
876 1376 1005 1444 ἑαυτῶν
1028 1380 1118 1463 ζωῆς

143 1482 200 1548 καὶ
217 1477 383 1568 ἀντίψυχα
401 1482 458 1569 τῆς
476 1485 600 1559 οίιιείας
618 1474 753 1566 φόσεως
771 1473 1005 1563 προσηκόντως
1030 1471 1118 1547 ἄπο·

97 1616 102 1627 ·
145 1579 275 1650 διδόναι
294 1588 378 1668 χρῆν
396 1584 442 1649 τῶ
449 1583 532 1672 θεῶ,
548 1577 592 1658 ῶς
611 1582 666 1648 καὶ
684 1585 846 1665 ἔπραττον
863 1583 898 1647 οί
913 1574 1017 1646 πάλαι
1034 1589 1118 1649 θεο·

144 1689 270 1767 φιλεῖς,
301 1678 425 1767 σεμνόν
448 1708 478 1748 τι
508 1682 564 1748 καὶ
591 1680 747 1766 θεοφιλὲς
783 1682 838 1748 καὶ
869 1682 954 1767 μέγα
986 1683 1154 1764 ίερεῑονιι

144 1778 236 1869 ἥξειν
253 1781 332 1849 ποτὲ
352 1787 399 1861 είς
417 1776 621 1903 ἀνθρώπους
644 1783 691 1871 τῶ
712 1787 797 1872 θείῳ
812 1777 983 1902 πνεύματι
999 1806 1117 1868 προει-

144 1878 297 1971 ληφότες,
316 1880 352 1952 τό
371 1886 431 1951 τοῦ
448 1881 572 1962 παντὸς
590 1879 777 2004 καθάρσιον
791 1880 929 1971 κόσμου,
943 1910 983 1951 ου
971 1870 1113 1952 ‘wal
1073 1913 1118 1953 τα

120 1984 298 2103 ισόμβολα
316 1988 396 2064 τέως
416 1987 580 2054 ἐπιτελεῖν
597 1979 717 2063 αότους
731 1981 902 2072 προφήτας
919 1979 1038 2069 ὄντας,
1057 1988 1119 2057 καὶ

145 2113 180 2154 το
170 2081 317 2173 με’λλου
335 2092 471 2154 ἔσεσθαι
489 2088 797 2176 προτυπουμίνουςι
819 2083 934 2172 ἐπειδὴ
952 2084 990 2154 δε
1007 2114 1046 2155 το
1032 2083 1119 2159 τὲ-

145 2196 236 2255 λειον
253 2189 376 2274 παρῆν,
395 2203 462 2269 τοῖς
475 2190 543 2257 τῶν
561 2191 742 2276 προφητῶν
766 2182 961 2267 ἀκολούθως
987 2196 1155 2259 θεσπί-ιο

145 2309 246 2406 σμασι
265 2291 413 2358 πέπαυτο
431 2287 470 2358 τῶ
488 2295 601 2377 πρῶτα
621 2290 677 2359 καὶ
701 2294 818 2358 λέλυτο
836 2291 1037 2377 παραχρῆμα
1056 2290 1117 2361 διὰ

144 2393 209 2515 τῆςς
219 2394 278 2461 τοῦ
292 2397 477 2481 κρείττονος
491 2394 547 2461 καὶ
564 2387 746 2478 όληθοῦς
732 2399 929 2479 ιερουργιάς.
956 2380 1058 2459 15
1014 2419 1116 2475 ουτος

144 2489 174 2564 δ’
185 2484 228 2582 ῆν
246 2490 264 2563 ό
283 2491 423 2584 Χριστός
435 2497 599 2595 τοῦθεοῦ,
610 2491 746 2563 ἄνωθεν
765 2495 800 2561 ἐκ
814 2497 966 2561 παλαιῶν
980 2488 1117 2581 χρόνων

144 2593 235 2683 ῆξειυ
256 2602 304 2675 είς
322 2584 526 2683 ιἰνθρῶπους
545 2597 602 2663 καὶ
619 2591 789 2683 προβάτου
809 2600 908 2681 δίκην
924 2586 1010 2681 ὑπὲρ
1029 2621 1118 2667 παν-

144 2694 199 2776 τός
216 2700 275 2764 τοῦ
291 2698 360 2765 τῶν
372 2691 566 2783 ανθρώπων
583 2697 702 2781 μένους
702 2694 951 2819 σφαγησεσθαι
965 2721 1126 2784 προαγο-
1129 2722 1156 2767 ιι

139 2793 334 2920 ρευόμενος
376 2786 499 2885 ῆφησι
517 2793 650 2884 περὶ’
610 2802 716 2865 αυτοῦ
738 2791 913 2928 Ἠσριΐας“
899 2824 916 2864 ο
941 2795 1122 2918 προφήτης

139 2891 215 2977 “ῶς
233 2894 401 3014 πρόβατον
421 2899 474 2966 ἐπὶ
493 2897 627 3022 σφαγὴν
643 2894 744 2986 ῆχθη,
759 2900 815 2967 καὶ
834 2896 878 2977 ῶς
896 2892 1000 2986 αμνὸς
1019 2900 1121 2973 ἐναν-

145 3005 219 3069 τίον
237 3027 295 3068 του
286 2998 521 3085 Ὗκείροντος
500 2997 652 3088 αφωνοςῖ
655 2996 739 3069 ’16.
761 3001 816 3069 καὶ
835 2993 1013 3087 &marest
1017 2990 1121 3085 οὗτος

145 3129 203 3182 τας
219 3098 379 3190 ἁμαρτίας
398 3098 493 3190 ἡμῶν
510 3104 628 3193 φέρει,
648 3103 704 3171 καὶ
721 3103 798 3189 περὶ
823 3095 918 3190 ῆμῶν
935 3097 1119 3175 ὀδυνῶναι·

144 3275 347 3287 -ι--

213 3371 228 3416 ‘2
247 3369 316 3421 Gen.
332 3372 360 3431 1,
376 3371 415 3419 11.
554 3372 570 3418 4
590 3368 659 3421 Gen.
678 3370 708 3431 9,
728 3371 753 3418 3.
897 3369 929 3416 27
948 3366 996 3419 Es.
1019 3369 1067 3433 53,
1096 3374 1114 3423 ⁷

145 3437 178 3486 28
196 3436 242 3484 Es.
261 3439 302 3496 53,
321 3440 346 3485 4.
