2326 3818
115 115 175 180 156
517 113 666 164 υυευυιι

114 254 277 343 ἀχθέντα,
303 254 358 323 καὶ
376 249 441 322 ἀπό
464 255 531 323 τῶν
549 248 697 341 ἀνομιῶν
714 257 774 322 τοῦ
793 250 965 323 Ἰουδαίων
999 258 1085 325 λαοῦ

114 354 252 449 θανάτφ
270 357 525 445 παραδοθέντα,
545 357 600 424 καὶ
618 354 700 443 μετὰ
724 350 859 442 ἀνόμων
882 358 1085 443 λογισθέντα

114 461 203 548 ταφή
220 484 254 527 τε
278 461 532 548 παραδοθέντα,
552 456 623 527 εἶτα
650 453 912 545 καθαριζόμενον
933 454 999 526 ὑπὸ
1023 464 1084 528 τοῦ

114 567 245 648 κυριόυ,
264 562 319 630 καί
337 566 409 647 φῶς
427 555 508 647 παρ’
535 553 625 650 αύτῷ
643 554 814 646 ὀψόμενον
821 610 831 644 ,
852 560 907 627 καὶ
924 566 1085 647 κληρονο·

113 671 240 751 μοῦντα
258 659 419 748 πολλοὺς,
433 663 489 728 καὶ
506 666 613 728 σκῦλα
625 676 694 740 τοῖς
712 666 846 740 οἰκείοις
862 663 1111 748 διανέμονταςε

114 767 168 833 καί
194 761 302 843 ἄλλως
330 762 367 831 δὲ
391 764 467 850 περὶ
491 765 549 848 τῆς
573 760 655 850 μετὰ
678 758 736 832 τόν
762 758 913 831 θάνατον
936 757 1086 851 ἀναβιῶ-

114 891 199 947 σεως
217 861 321 934 αὐτοῦ
339 865 428 949 λέγει
446 888 512 932 που
535 859 759 951 προφητεύων
778 866 813 932 ἐκ
830 861 1012 951 προσώπου
1024 871 1086 935 τοῦ

87 995 99 1033 ο
115 971 260 1052 Χριστοῦ
277 962 295 1032 ό
314 969 427 1050 Λαβὶδ
440 958 524 1035 “ούκ
543 969 791 1053 ἐγκαταλείψεις
807 961 869 1053 τήν
889 962 1001 1054 ψυχήν
1018 994 1087 1055 μου

117 1074 163 1146 είς
176 1063 307 1155 Ἅιδην,
321 1061 401 1135 οὐδὲ
415 1063 534 1148 δύσεις
559 1063 617 1138 τόν
634 1064 729 1136 όσιόυ
746 1089 808 1136 σου
829 1071 917 1136 ίδεῖν
942 1072 1087 1156 διαφθο-

115 1164 207 1254 ράν,”
243 1172 291 1236 71.
319 1169 374 1236 καί
392 1165 494 1238 πόλιν
513 1163 644 1257 “κυ’ριε,
662 1165 831 1256 ἀνήγαγες
845 1166 1005 1250 ἐξἍιδου
1022 1167 1125 1259 τήνω

116 1266 226 1359 ψυχήν
250 1297 332 1358 μου,
358 1267 484 1350 ἕσωσάς
502 1299 543 1358 με
567 1266 633 1339 ἀπό
651 1277 719 1339 τῶν
743 1267 1016 1356 καταβαινόντων
1036 1278 1085 1353 είς

115 1368 265 1442 λόκκον.”
307 1372 363 1441 καί
382 1369 483 1441 πόλιν
496 1366 536 1441 “ό
555 1365 655 1455 ύψῶν
672 1398 713 1460 με
738 1374 859 1441 ἐκτῶν
884 1378 1002 1441 πυλῶν
1024 1380 1086 1444 τοῦ

115 1469 375 1562 θανότου,όπως
389 1466 433 1542 ἀν
446 1475 624 1562 έξαγγείλω
636 1471 743 1555 πόσας
756 1470 813 1554 τάς
828 1474 972 1555 αίνέσεις
990 1473 1083 1545 σου.”

192 1580 241 1644 72.
275 1571 410 1653 Τούτοις
429 1574 466 1643 δὲ
484 1579 587 1644 πᾶσιν
605 1572 802 1662 ἀντιβλέψαι
816 1572 986 1645 δύνασθαι
1003 1573 1087 1648 οὐδὲ

114 1676 191 1757 τούς
209 1674 341 1764 σφόδρα
358 1672 673 1763 ἀγνωμονεστάτους
691 1673 843 1765 ήγοῦμαι.
888 1676 977 1764 πλήν
999 1674 1123 1754 ἀλλάιι

114 1784 172 1864 τῆς
195 1770 334 1847 Ἡσαΐου
357 1784 562 1865 προφητείας
585 1775 622 1845 τό
646 1780 868 1866 συμπέρασμα
894 1777 956 1865 τήν
982 1778 1086 1851 πάλαι

116 1896 251 1966 στεῖραν
269 1880 324 1947 καὶ
344 1885 467 1967 ἔρημον
485 1881 570 1947 θεοῶ
593 1875 722 1966 ψυχήν,
746 1874 767 1966 ή
791 1881 847 1948 καὶ
872 1885 999 1968 μᾶλλον
1021 1880 1086 1970 τήν

92 1986 150 2062 ce}
176 1985 288 2050 ἐθνῶν
312 1983 508 2066 ἐκκλησίαν,
536 1975 781 2068 εὐαγγελίζεται
816 1978 1011 2063 ἀκολούθως
1041 1989 1084 2074 τῇ

114 2089 243 2172 θεωρίᾳ
261 2085 328 2149 τῶν
343 2083 536 2170 εἰρημένων.
575 2086 624 2152 73,
641 2078 756 2171 ἐπειδὴ
773 2080 837 2172 γὰρ
853 2080 894 2151 τδι
911 2081 1021 2153 πάντα
1035 2082 1082 2154 δι’

115 2180 221 2270 αὐτὴν
244 2179 261 2251 δ
285 2180 425 2271 Χριστός
447 2180 643 2272 ὑπέμεινεν,
662 2181 795 2265 εἰκότως
820 2181 902 2273 μετά
925 2181 983 2266 τάς
1006 2188 1125 2276 περίτο

116 2279 219 2354 αὐτοῦ
259 2281 458 2373 προρρήσεις
500 2287 650 2374 ἐπιφέρει
690 2289 798 2374 λέγων
839 2284 856 2311 “
870 2282 1085 2377 εύφράνθητι

114 2402 227 2476 στεῖρα
244 2383 264 2477 ή
283 2384 324 2456 οὐ
341 2395 515 2475 τίκτουσα,
535 2391 636 2475 ῥήξον
652 2389 708 2456 καί
727 2385 854 2476 βόησον
873 2382 894 2476 ή
915 2384 978 2457 οάκ
1001 2387 1085 2460 ῶδί-

114 2509 238 2577 νουσα,
273 2486 323 2558 ότι
353 2488 459 2558 πολλὰ
482 2488 523 2557 τὰ
548 2493 649 2559 τέκνα
672 2496 731 2576 τῆς
763 2487 887 2578 ἐρήμου
910 2486 1085 2581 μᾶλλονή
1137 2520 1143 2535 ·

114 2598 171 2678 τῆς
199 2589 337 2679 ἐχούσης
360 2587 419 2658 τόν
441 2589 559 2676 ἀνδρα.
597 2588 690 2659 εἶπεν
713 2587 776 2681 γάρ
800 2589 931 2679 κύριος,
955 2591 1085 2663 πλάτυ-

114 2721 176 2761 νον
189 2689 248 2761 τόν
265 2688 368 2759 τόπον
391 2697 451 2779 τής
468 2697 593 2779 σκηνής
619 2712 682 2760 σου
704 2694 761 2761 καὶ
782 2690 841 2775 τάς
867 2696 995 2783 δέρρεις
1013 2700 1084 2765 τῶν
1095 2728 1123 2770 τε

115 2790 265 2862 αὐλαιῶν
282 2811 345 2861 σου
370 2794 487 2880 πήξον,
505 2788 551 2880 μή
568 2798 686 2883 φείση·
704 2791 875 2866 πλάτυνον
892 2793 932 2881 τὰ
955 2802 1085 2884 σχοινί-

116 2891 223 2982 σματά
241 2914 314 2980 σου,
333 2894 388 2961 καὶ
407 2890 484 2975 τούς
503 2892 694 2976 πασσάλους
711 2916 774 2965 σου
792 2903 1008 2986 κατίσχυσον·
1034 2904 1084 2968 ἔτι

117 3001 165 3076 είς
182 2993 221 3064 τά
241 2991 332 3077 δεξιοὶ
358 2997 414 3064 καὶ
433 3001 480 3076 είς
497 2994 537 3065 τὰ
555 2993 712 3087 ἀριστερὰ
736 3000 934 3086 ἐκπέιασον,
962 3000 1017 3068 καὶ
1044 2996 1083 3070 τό

115 3100 245 3188 σπέρμα
263 3117 325 3166 σου
344 3103 429 3185 ἔθνη
447 3093 717 3188 κληρονομήσει.”

115 3275 318 3287 -————

183 3363 199 3412 8
217 3363 262 3411 Ps.
286 3363 332 3426 16,
359 3365 398 3416 10.
538 3367 569 3414 10
588 3364 633 3414 Ps.
647 3368 693 3425 30,
707 3368 732 3417 3.
870 3368 901 3415 12
919 3365 966 3420 Ps.
984 3368 1010 3429 9,
1042 3370 1083 3419 13.

116 3429 147 3478 ‘22
166 3429 213 3479 Es.
227 3430 268 3490 54,
282 3431 305 3476 1.
