2326 3818
302 105 489 159 οειιοιτετ.
507 106 640 175 mm.
658 107 708 161 111.
729 111 753 158 1.
766 111 790 159 ε.
822 179 826 186 η
965 105 1028 172 139

54 243 153 334 ὀλίγα
177 252 361 334 προλαβεῖν
383 247 452 315 τῶν
478 243 555 336 παρ’
573 243 737 338 Ἑβραίοις
761 245 930 318 ἀνέκαθεν
947 249 1024 334 περὶ

56 353 117 418 τοῦ
148 352 293 438 Χριστοῦ
328 347 648 435 προφητενομένων,
685 346 729 429 ῶς
755 344 802 434 ,ἀν
832 351 924 436 εἰδῇς
947 355 1026 418 τίνα

57 456 194 518 ἔσεσθαι
212 444 248 517 τό
268 444 463 535 εὐαγγέλιον
483 449 519 516 ἐν
536 445 686 535 ὑστέροις
705 462 834 539 καιροῖς
852 446 1025 536 εὐηγγελί-

57 558 144 635 ζετο,
163 543 248 636 ὁμοῦ
265 575 300 618 τε
318 553 386 618 τῶν
403 551 584 639 προφητῶν
601 545 638 618 τῦ
654 551 772 637 θαῦμα
789 555 846 638 τής
864 551 932 618 τῶν
945 558 1027 637 μελ-

29 648 186 722 ελόντων
203 646 441 739 προγνώσεως,
467 651 523 719 καί
547 654 616 719 τῶν
640 647 860 741 προρρήσεων
883 648 922 719 τίι
940 648 1026 720 ἀπο-

55 752 254 839 τελέσματα,
278 747 369 832 ὅπως
392 753 446 821 ἰπί
471 747 531 822 τόν
552 754 685 842 σωτήρα
709 753 765 822 καί
788 747 906 840 κύριον
928 745 1026 839 ήμῶν
1099 802 1102 810 ·

53 849 182 941 Ἰησοῦν
206 851 265 923 τὸν
283 848 428 941 Χριστόν
445 855 506 924 τοῦ
528 855 614 925 θεοῦ
630 862 825 924 συνίσταται
849 862 1024 941 πεπληρω-

55 958 161 1045 με’νας

132 1054 169 1125 H
198 1059 336 1140 Πρῶτος
360 1059 542 1144 προφητῶν
559 1059 731 1144 Μωσής“
711 1083 826 1145 ετερον
849 1053 1025 1176 προφήτην

18 1187 43 1227 10
56 1185 171 1282 ρμοιον
188 1155 279 1249 αῦτω
268 1153 542 1244 ἀναστήσεσθαι
556 1152 806 1245 εὐαγγελίζεται.
832 1155 947 1244 ἐπειδη
962 1155 1024 1245 γάρ
1039 1184 1080 1233 μοι

56 1256 77 1346 ή
96 1255 169 1328 κατ’
191 1255 295 1327 αὐτὸν
308 1252 548 1346 νομοθεσία’
506 1286 642 1351 μονςο
612 1286 657 1328 τω
645 1255 843 1328 Ἰουδαίων
856 1260 1026 1345 προσήκεν

58 1366 169 1445 ἔθνει,
193 1360 249 1426 καί
271 1355 379 1450 τούτῳ
399 1361 508 1429 ἐπί
469 1387 527 1446 της
542 1329 764 1441 Ἰουδαίας
723 1387 783 1447 γης
802 1355 821 1446 ή
840 1353 926 1446 ἀμφὶ
943 1356 1026 1427 ταῦ-

58 1488 137 1549 την,
156 1454 231 1547 οῦχι
220 1458 288 1527 δὲ
306 1428 364 1528 καί
379 1462 426 1552 τῶ
443 1457 644 1549 πορρωτάτω
668 1461 726 1547 τῆς
743 1457 935 1546 ἀλλοδαπῆς
954 1465 1025 1527 δια-

58 1566 222 1653 τρίβοντι,
241 1566 415 1629 συνῶπται
434 1557 489 1629 διά
507 1566 575 1629 τῶν
593 1557 745 1649 πρόσθεν
764 1558 842 1648 ἡμίν
860 1588 1026 1648 γεγυμνα-

19 1689 45 1730 ιι
58 1663 203 1752 σμέυων,
222 1667 305 1752 χρήν
319 1661 357 1731 δὲ
376 1659 486 1750 δήπου
495 1660 554 1732 τὸν
565 1660 611 1751 μή
624 1658 730 1751 μόνον
742 1659 916 1732 Ἰουδαίων
929 1659 1024 1748 θεὸν,

57 1761 142 1834 ἀλλά
159 1765 216 1834 καί
235 1767 367 1852 ἐθνῶν,
395 1765 451 1833 καί
474 1761 515 1833 τά
538 1767 619 1835 πᾶσι
642 1779 711 1846 τοῖς
734 1770 850 1836 ἔθνεσι
869 1766 1023 1851 λυσιτελή
1039 1793 1079 1844 μοι

58 1863 141 1955 πρὸς
158 1864 220 1954 τήν
237 1860 343 1936 αῦτοῦ
365 1868 493 1953 γνῶσίν
511 1892 546 1936 τε
564 1867 620 1935 καί
643 1860 818 1954 εὐσέβειαν
841 1882 1028 1953 παρασχεῖν

58 1964 203 2060 τῶβίφ,
224 1962 359 2048 εἰκότως
382 1963 558 2056 προφήτην
581 1969 696 2059 ἕτερον
718 1962 791 2036 κατ’
817 1963 919 2037 οῦδὲν
942 1963 1028 2036 ἀπο-

59 2072 179 2138 δέοντα
200 2074 258 2155 τής
282 2064 355 2137 κατ’
380 2064 483 2138 αῦτὸν
506 2074 697 2157 οἰκονομίας
722 2071 758 2138 ἐκ
781 2073 840 2138 τοῦ
853 2064 1028 2138 Ἰουδαίων
1041 2093 1056 2131 1»

19 2196 47 2236 20
59 2174 182 2250 ἔθνους
205 2165 408 2255 ἀναστήσειν
439 2167 494 2238 διά
526 2172 677 2260 χρησμοῦ
707 2174 877 2256 θεσπίζει,
909 2173 1028 2239 τοῦτον

60 2266 228 2358 εἰρηκότος
247 2266 352 2338 αὐτοῦ
371 2272 430 2339 τοῦ
446 2273 531 2340 θεοῦ
554 2269 613 2339 τόν
636 2266 760 2358 τρόπον
782 2274 811 2340 2.
826 2267 1028 2358 “προφήτην

57 2366 235 2457 ἀναστήσω
254 2366 368 2449 αὐτοῖς
392 2372 513 2440 ἐκτῶν
536 2367 695 2490 ἀδελφῶν
712 2368 827 2439 αὐτῶν
846 2368 959 2498 ῶσπερ
978 2372 1026 2456 σὲ,

59 2473 116 2540 καί
136 2468 235 2541 δῶσω
253 2467 288 2539 τῦ
308 2467 396 2559 ρῆμά
411 2498 478 2593 μου
497 2473 534 2540 ἰν
551 2477 597 2540 τῶ
611 2465 746 2558 στόματι
761 2465 876 2552 αῦτοῦ,
896 2473 951 2540 καὶ
969 2479 1027 2538 λα-

58 2571 152 2663 λήσει
171 2570 284 2660 αὐτοῖς
308 2567 389 2643 καθ’
408 2567 426 2643 5
450 2601 481 2642 τι
505 2568 548 2642 ἀν
572 2541 764 2660 ἰντείλωμαι
788 2567 888 2663 αῦτῶ.
937 2570 1028 2641 καίὁ

20 2671 242 2764 ειάνθρωπος
265 2668 300 2755 ῦς
324 2669 366 2743 ἀν
389 2671 435 2764 μή
459 2669 589 2766 ἀκοῦση
606 2677 675 2744 τῶν
689 2671 802 2762 λόγων
819 2671 943 2760 αὐτοῦ,
967 2669 1029 2743 ὅσα

60 2772 104 2845 ἀν
121 2773 281 2866 λαλήσηδ
294 2773 472 2901 προφήτης
491 2778 609 2846 ἐπί
562 2806 607 2847 τω
625 2772 766 2866 ὀνόματί
786 2803 868 2865 μου,
894 2772 959 2864 ἰγῶ
980 2777 1029 2845 ἐκ·

61 2873 190 2963 δικήσω
209 2872 302 2958 ε’ξ’
260 2874 398 2947 αντοῦ.”

137 2980 167 3046 3.
200 2976 247 3046 Τά
274 2973 373 3068 ὅμοια
398 2977 436 3047 δὲ
459 2979 516 3047 καί
543 2974 643 3059 αῦτῦς
665 2976 684 3048 5
710 2981 838 3066 Μωσής
864 2975 946 3066 πρός
972 2976 1030 3048 τόν

60 3076 145 3149 λαόυ
170 3076 401 3168 διερμηνεῦων
420 3076 456 3148 τὸ
479 3083 539 3149 τοῦ
564 3087 647 3150 θεοῦ
672 3075 787 3169 λόγιόν
804 3101 910 3168 φησιν
922 3077 1030 3166 “προ-

21 3207 49 3247 εο
62 3178 173 3270 φήτην
192 3184 228 3250 ἐκ
247 3182 313 3249 τῶν
330 3176 491 3268 ἀδελφῶν
508 3175 603 3269 ῦμῶν
627 3178 671 3262 ῶς
696 3181 752 3270 ἐμὲ
770 3176 948 3267 ἀναστήσει
968 3176 1054 3248 κεί-ε

58 3329 238 3337 --.---.-
245 3331 261 3336 -

130 3414 161 3462 21
183 3413 264 3467 Deut.
280 3415 321 3478 18,
337 3415 376 3465 18.
480 3414 513 3464 30
531 3413 612 3463 Dent.
628 3412 725 3476 18,15.
