2326 3818
146 133 210 194 414
549 129 699 180 ευεεοα

148 269 323 360 προφήτου
347 273 500 357 λέγοντος
520 262 677 357 “έρχομαι
709 284 913 354 συναγαγεῖν
943 266 1052 337 πάντα
1076 268 1119 338 τά

150 380 234 459 έθνη
254 373 309 440 καὶ
327 368 384 452 τάς
402 369 572 457 γλώσσας,
591 367 680 456 ὁρών
698 365 778 438 καθ’
799 366 877 456 ὅλης
894 375 951 456 της
970 376 1036 439 τών
1055 365 1117 441 ἀν-

148 472 298 562 θρώπων
320 476 381 561 γης
405 470 462 540 διά
486 477 543 559 τῆς
566 476 626 540 τοῦ
651 477 796 558 σωτῆρος
820 471 915 559 ἡμών
928 468 1037 557 Ἰησοῦ
1054 479 1117 542 τοῦ

148 577 295 662 Χριστοῦ
317 581 501 664 παρουσίας
526 600 561 642 τε
585 574 640 641 καὶ
665 571 812 658 κλήσεως
834 568 891 653 τάς
915 574 982 641 τών
1001 575 1117 643 έθνῶν

120 706 133 745 d
148 674 345 765 συναγωγάς
365 674 415 744 ἐπ’
442 672 603 761 ὀνόματος
628 679 686 743 τοῦ
704 677 850 760 Χριστοῦ
872 675 1144 763 σνγκροτουμέ·ι

147 808 226 865 νας,
245 776 302 856 τάς
320 805 355 846 τε
372 772 525 862 γλώσσας
543 772 700 846 ἀπάντων
717 778 784 843 τών
800 777 912 844 ἐθνῶν
926 777 962 843 έν
980 784 1119 846 παντοί··

147 908 199 958 αις
223 878 404 956 διαλέκτοις
428 873 623 966 ἀνθρώπων
644 875 703 945 τὸν
726 879 786 945 ἕνα
810 875 894 946 θεὸν
917 878 973 944 καὶ
998 874 1118 962 κόριον

148 980 426 1064 έπικαλουμένας;
445 979 501 1046 καὶ
516 979 570 1047 ἐπὶ
579 981 659 1046 πάσι
674 978 712 1045 δὲ
725 975 865 1063 τούτοις,
880 984 930 1057 τίς
944 975 1118 1064 θεώμενος

146 1085 191 1170 τῷ
207 1076 411 1167 σωτηριώδει
425 1087 550 1172 σημείῳ
564 1076 689 1158 πάντας
702 1076 780 1157 τοῦς
794 1086 841 1158 είς
856 1078 1000 1164 Χριστὸν
1018 1104 1116 1147 πεπι-

147 1177 325 1261 στευκότας
341 1187 502 1270 σφραγῖδι
512 1183 712 1269 χρωμένους,
727 1176 791 1249 οῦκ
800 1174 843 1249 ἀν
857 1176 1003 1266 εὐλόγως
1016 1207 1115 1249 κατα·
1130 1213 1156 1253 ιο

147 1289 289 1369 πλαγείη
307 1278 442 1350 ἀκούων
460 1279 628 1371 πρόπαλαι
644 1286 703 1351 τοῦ
719 1289 838 1367 κυρίου
853 1279 1021 1369 εἰρηκότος
1034 1279 1116 1350 “nal

145 1381 262 1469 ἥξουσι
289 1385 344 1452 καὶ
369 1380 508 1466 ὄψονται
532 1380 594 1469 τὴν
612 1382 713 1464 δόξαν
736 1411 818 1471 μον,
846 1385 902 1451 καὶ
925 1389 1116 1465 καταλείψω

147 1483 196 1553 ἐπ’
219 1483 331 1555 αὐτών
357 1481 535 1572 σημείον;”
571 1490 600 1552 5.
622 1487 658 1554 έν
675 1487 769 1572 μέρει
793 1485 855 1572 μὲν
872 1475 935 1554 οῦν
954 1486 1117 1554 ἐντεῦθεν

145 1583 211 1674 ήδη
234 1585 317 1655 κατά
340 1585 402 1673 τήν
425 1586 590 1675 προτέραν
613 1589 672 1656 τοῦ
697 1593 845 1675 σωτῆρος
868 1581 964 1674 ἡμῶν
989 1591 1035 1665 είς
1054 1583 1117 1655 ἀν-

79 1717 131 1770 [190]
146 1686 305 1772 θρώπους
325 1686 522 1774 ἐπιφάνειαν
546 1684 659 1768 αὐτοῖς
681 1682 869 1774 ὀφθαλμοῖς
892 1682 1023 1776 ὁρῶμεν
1046 1689 1116 1756 τών
1129 1717 1154 1759 ω

146 1798 252 1857 θείων
270 1793 428 1877 χρησμῶν
445 1786 484 1857 τά
503 1786 765 1875 ἀποτελέσματα·
793 1791 921 1875 γένοιτο
947 1784 978 1856 δ’
998 1783 1041 1857 ἀν
1060 1793 1117 1858 ἐν-

145 1893 222 1977 τελή
241 1895 345 1959 ταῦτα
363 1893 419 1959 καὶ
437 1885 518 1958 κατά
536 1889 598 1975 τήν
612 1890 774 1977 δευτέραν
787 1891 841 1957 καὶ
856 1886 1117 1970 ἕνδοξοναῦτοῦ

146 2000 352 2077 παρουσίαν,
377 1989 431 2059 ὅτε
454 1987 563 2058 πάντα
588 1989 628 2058 τά
656 1996 740 2077 έθνη
763 1986 904 2072 ὄψονται
926 1988 988 2078 τήν
1014 1989 1115 2073 δόξαν

146 2089 270 2178 αὐτοῦ,
296 2089 476 2181 ἐρχόμενόν
501 2120 542 2160 τε.
555 2085 657 2162 αῦτδν
676 2094 709 2171 ἐξ
727 2086 883 2180 οὐρανῶν
909 2090 990 2181 μετά
1009 2089 1116 2161 δυνά·

78 2225 133 2276 ιωη
148 2221 234 2280 μεως
258 2195 314 2261 καὶ
340 2190 435 2281 δόξης
460 2198 592 2280 πολλῆς.
636 2189 799 2281 ἀναχθείη
827 2192 857 2260 δ’
879 2189 922 2264 ἀν
940 2200 987 2275 είς
1005 2195 1114 2263 έκεῖνο
1128 2225 1154 2266 εο

146 2297 265 2381 καιροῦ
282 2297 337 2363 καὶ
355 2293 394 2363 τά
412 2293 511 2364 λοιπά
537 2299 606 2364 τών
632 2298 669 2365 έν
685 2298 726 2384 τή
749 2291 930 2382 προρρήσει
949 2298 1114 2383 δηλουμέ-

145 2424 232 2481 νων,
257 2391 368 2485 ώσπερ
386 2386 449 2466 οῦν
467 2396 677 2485 συστήσομεν
703 2393 787 2471 κατά
804 2395 867 2482 τήν
884 2402 1013 2465 οίκείαν
1028 2393 1115 2466 ὑπό-

144 2508 254 2568 θεσιν.
742 2523 745 2532 ·

227 2595 402 2667 Τοσοῦτων
418 2592 499 2686 ἡμῖν
518 2599 573 2666 ἐπὶ
588 2599 649 2666 τοῦ
665 2595 829 2687 παρόντος
846 2599 1114 2684 συνειλεγμένων

144 2702 292 2786 περὶτῆς
307 2704 353 2778 είς
367 2694 569 2786 ἀνθρώπους
582 2701 821 2788 θεσπιζομένης
835 2705 973 2767 ἔσεσθαι
986 2724 1112 2783 παρου·
1126 2727 1155 2770 εε

145 2807 217 2878 σίας
235 2802 320 2868 θεοῦ
346 2801 418 2886 ἑξῆς
436 2793 478 2869 ἀν
496 2810 547 2888 εἴη
567 2799 770 2884 ἐπισυνάψαι
792 2795 906 2879 ὁποῖός
929 2826 978 2879 τις
1001 2792 1113 2887 ὁτρό·

144 2927 205 2980 πος
235 2904 294 2987 τῆς
320 2902 481 2990 προτέρας
511 2900 615 2973 αὐτοῦ
641 2909 688 2984 είς
710 2903 769 2973 τὸν
794 2896 1013 2992 ἀνθρώπινον
1036 2907 1114 2988 βίον

145 2998 295 3089 παρόδου
313 3001 517 3090 γενήσεσθαι
536 3019 816 3091 προανεφανεῖτο.
