2326 3818
320 148 504 200 DEMONST.
523 150 655 201 EVANG.
676 151 752 202 VIII.
772 153 796 199 2.
966 150 1029 214 517

52 288 129 360 “ίδε
151 290 210 359 τὸν
234 284 425 378 ἀφανισμὸν
448 292 506 376 τῆς
531 286 659 370 πόλεως
684 312 763 377 σου,
790 286 843 379 ἐφ’
862 281 902 378 ἧς
922 295 1030 362 ἐπικέ-

59 401 175 479 κληται
198 387 234 460 τό
259 388 364 479 ὅνομά
388 411 450 460 σου
477 389 527 458 ἐπ’
556 386 695 478 αὐτής,”
720 393 775 460 καί
803 394 877 479 ἑξής
897 387 970 462 “Su
992 393 1029 463 τδ

58 491 163 580 ὅνομά
181 513 242 561 σου
263 489 431 580 ἐπεκλήθη
451 495 505 560 ἐπὶ
530 490 592 580 τήν
617 491 715 562 πόλιν
739 514 801 563 σου
825 496 880 563 καὶ
900 497 953 563 ἐπὶ
971 493 1029 565 τὸν

57 593 139 664 λαόν
158 590 252 663 σου.”
299 599 346 663 15.
366 597 504 663 τοιαῦτα
523 591 703 683 εὐξάμενος
726 597 869 683 ἐπιλέγει
883 591 961 664 “nal
982 604 1030 665 ἔτι

32 725 122 783 εμου
140 701 321 777 λαλοῦντος
339 698 396 765 καὶ
413 697 700 786 προσευχομένου,
727 695 801 766 ίδού
820 696 971 785 Γαβριὴλ
989 694 1029 766 δν

58 797 150 867 είδον
169 800 205 867 ἐν
223 803 263 886 τή
281 796 395 886 ὁράσει
419 827 484 887 μου
508 796 703 887 πετόμενος,
728 801 783 868 καὶ
801 796 909 888 ήψατό
927 795 1026 887 μου,”

56 902 112 968 καί
133 898 205 968 εἷπε
222 898 262 968 τά
280 895 570 989 ἀναγεγραμμένα·
605 904 722 988 σαφοῐς
747 891 808 970 οὖν
828 902 882 970 διά
901 899 1029 972 τούτων
1043 930 1099 982 (εει)

56 996 73 1069 δ
98 1001 161 1090 μὲν
184 1001 356 1091 προφήτης
381 999 479 1071 πόλιν
504 999 564 1091 οὐχ
590 995 722 1090 ἀπλῶς,
753 999 837 1072 ἀλλά
861 1008 920 1073 τοῦ
945 1007 1027 1073 θεοί

58 1101 156 1173 πόλιν
175 1101 346 1192 α’νόμασε,
372 1105 427 1172 καὶ
450 1101 487 1172 τὸ
512 1101 659 1191 ἀγίασμα
682 1107 742 1172 τοῦ
765 1109 851 1174 θεοῦ
870 1101 1029 1195 ἀγίασμα,

19 1240 44 1278 10
58 1207 113 1273 καί
130 1202 188 1273 τδν
212 1203 294 1275 λαόν
320 1208 379 1274 τοῦ
401 1207 488 1274 θεοῦ
504 1204 603 1292 λαὸν,
630 1207 782 1274 διαθέσει
805 1211 846 1295 τῇ
871 1204 953 1295 πρὸς
971 1207 1030 1277 τὸν

37 1303 147 1381 λαόν.
192 1312 240 1375 16.
265 1303 377 1377 οὐκέτι
400 1305 468 1394 μήν
491 1309 547 1376 καὶ
569 1302 587 1375 ὁ
611 1306 761 1396 Γαβριὴλ
792 1305 913 1396 ὁμοίως
938 1306 1031 1401 αὐτῷ

20 1448 26 1454 -
57 1415 153 1476 καλεῖ
177 1405 217 1476 τά
243 1405 451 1497 δηλούμενα,
476 1415 619 1496 ἔμπαλιν
643 1409 680 1478 δὲ
706 1411 759 1478 ἐπὶ
783 1407 842 1479 τδν
866 1408 947 1478 λαόν
966 1431 1028 1478 σου

57 1511 158 1597 φησὶ,
184 1511 240 1578 καὶ
266 1512 320 1578 ἐπὶ
344 1507 406 1595 τήν
430 1506 529 1580 πόλιν
546 1507 608 1598 τήν
622 1505 726 1598 Ιἀγίαν
745 1532 825 1598 σου,
848 1513 1029 1600 μονονουχὶ

57 1613 112 1679 καὶ
130 1602 192 1698 τήν
210 1607 309 1680 πόλιν
332 1615 388 1680 καὶ
411 1607 470 1681 τὸν
493 1611 574 1681 λαὸν
592 1613 647 1680 καλ
666 1611 703 1680 τδ
726 1607 873 1700 ἀγίασμα
891 1609 1029 1694 ἀνάξιον

19 1743 43 1784 15
58 1711 145 1782 εἶναι
169 1716 226 1800 της
251 1721 311 1783 τοῦ
329 1717 414 1783 θεοῦ
432 1722 655 1802 προσηγορίας
673 1711 858 1802 ἀποφήνας.
905 1720 955 1783 17.
975 1742 1030 1782 το-

56 1820 179 1884 σοῦτον
199 1812 240 1904 δή
258 1805 321 1885 οὖν
339 1812 460 1904 χρόνον
484 1813 630 1905 ὡρίσθαι
655 1813 738 1885 κατά
755 1821 814 1884 τοῦ
834 1820 916 1885 λαοῦ
934 1820 1056 1905 πρῶ-ι

56 1945 115 1986 τον
133 1924 246 1987 ἔπειτα
264 1920 319 1987 καί
337 1914 421 1987 κατά
438 1921 495 2005 τής
513 1915 640 1998 πόλεως
660 1915 822 2005 διδάσκει,
841 1920 896 1987 καὶ
910 1920 1030 1987 τοσοῦ-

56 2016 112 2097 τός
142 2045 180 2105 γε
212 2015 260 2088 οδν
291 2017 529 2088 ἀποδείκνυται
553 2017 619 2088 ἀπὸ
642 2022 700 2105 τής
729 2015 945 2100 ἀνανεώσεως
970 2024 1029 2107 τῆς

52 2116 277 2208 Ἰερουσαλήμ,
293 2117 312 2189 δ
325 2123 462 2207 γέγονεν
477 2122 530 2188 ε’πὶ
545 2114 694 2206 Δαρείου
708 2125 770 2191 τοῦ
779 2127 921 2209 Περσῶν
935 2129 1029 2209 βασι-

18 2254 43 2294 20
57 2222 156 2306 λέως,
175 2222 271 2309 μέχρι
288 2227 346 2308 τής
364 2216 564 2308 Αὐγούστου
577 2219 747 2310 Ῥωμαίων
773 2222 1028 2310 ἐπικρατήσεως,

51 2315 204 2411 Ἡροίδου
222 2349 258 2390 τε
271 2319 444 2392 Ἰουδαίων
467 2324 630 2408 βασιλέως
654 2318 848 2411 ἀλλοφύλου
866 2321 902 2392 τδ
920 2327 1028 2411 γένος,

57 2419 137 2492 καθ’
166 2419 224 2504 οὓς
254 2420 294 2491 τά
324 2426 382 2509 τής
404 2425 567 2509 γενέσεως
593 2429 770 2512 ἱστορεῖται
793 2429 853 2493 τοῦ
880 2429 1028 2512 σωτήρος

56 2519 163 2612 ἡμῶν,
182 2520 226 2606 ἀς
243 2520 260 2594 ὃ
279 2522 376 2611 λόγος
393 2521 521 2614 προϊών
536 2528 701 2607 ἐπιδείξει.
735 2530 783 2594 18.
806 2527 879 2613 ἑξής
898 2526 934 2594 δὲ
954 2529 1026 2594 έπι-
1041 2552 1095 2604 [239]

57 2628 145 2715 λέγει
164 2621 249 2696 “του
272 2629 538 2714 συντελεσθῆναι
565 2623 731 2716 ἁμαρτίαν
756 2629 894 2698 καὶτοῦ
919 2649 1028 2718 σφρα-

19 2762 44 2802 εε
57 2736 150 2816 γίσαι
167 2723 327 2819 ἀμαρτίας
351 2729 406 2798 καὶ
430 2723 613 2813 ἀπαλεῖψαι
631 2728 791 2818 ἀνομίας,
810 2731 866 2798 καὶ
883 2732 945 2799 τοῦ
963 2732 1028 2812 ἐξι-

57 2827 226 2899 λάσασθτιι
244 2825 392 2917 ἀδικίας,
411 2833 467 2899 καὶ
485 2826 625 2919 ἀγαγεῖν
644 2828 863 2919 δικαιοσύνην
877 2829 1027 2919 αίοίνιον,

57 2932 113 2999 καὶ
139 2933 198 2998 τοῦ
227 2939 410 3019 σφραγίσαι
439 2927 559 3023 ὅρασιν
590 2935 645 3001 καὶ
668 2931 861 3021 προφήτην,
888 2934 945 3001 καὶ
968 2937 1029 3002 τοῦ
1043 2972 1052 2998 c

56 3049 167 3121 χρῖσαι
191 3029 287 3119 ἀγιον
309 3028 447 3121 ἆγίων.”
492 3031 567 3103 ἀντὶ
590 3034 652 3123 μὲν
675 3023 738 3104 οὖν
766 3037 826 3104 του
845 3031 1026 3105 “συντελε-

57 3137 182 3222 σθήναι
211 3131 376 3226 ἁμαρτίαν
407 3137 463 3204 καὶ
491 3139 550 3205 τοῦ
579 3144 764 3225 σφραγίσαι
794 3131 974 3224 ἀμαρτίας”
1008 3132 1026 3201 ὁ

18 3230 193 3317 ουἈκύλας
219 3244 380 3325 πεποίηκε
398 3231 481 3306 “tofi
505 3238 701 3307 συντελέσαι
724 3236 785 3324 τήν
807 3233 952 3304 ἀθεσίαν
970 3237 1026 3303 καὶ

56 3342 115 3406 τοῦ
132 3341 305 3407 τελειῶσαι
323 3334 518 3426 ἁμαρτίαν.”
553 3344 601 3407 19.
620 3336 657 3407 τδ
674 3337 739 3426 γάρ
752 3333 972 3426 ’πληρώσατε
990 3333 1026 3406 τδ

125 3490 156 3537 31
175 3487 273 3536 Matth.
288 3490 329 3549 τε,
342 3489 384 3536 32.
