2326 3818
345 109 531 162 οωΜοΝεΤ.
544 109 680 163 ΕνΑΝο.
699 112 748 164 1v.
767 112 808 162 16.
991 109 1052 172 267

85 254 229 338 πνεῦμα,
247 252 304 319 καὶ
316 244 536 336 ἀπαγγέλλων
554 256 601 329 είς
619 247 822 339 ἀνθρώπους
839 249 897 319 τὸν
909 248 1054 339 Χριστὸν

86 346 207 436 αὑτοῦ,
238 354 345 420 ποιών
367 348 495 440 ῦρθρον
518 351 572 419 καὶ
596 348 757 438 ὁμίχλην,
788 351 843 418 καὶ
866 353 1053 449 έπιβαίνων
1068 380 1121 431 [τεο]

87 455 142 522 έπὶ
159 451 199 521 τά
216 446 330 539 ὑψηλά
346 458 404 540 τής
422 454 491 539 γῆς.
528 449 641 540 κάρτος
658 448 676 520 5
690 449 770 530 θεὸς
784 449 801 519 5
817 453 1053 544 παντοκράτωρ
1068 482 1083 523 ιι

86 551 191 641 ὄνομα
216 549 315 645 αὐτῷ.
356 551 521 622 ἀκούσατε
538 550 639 641 λόγον
662 558 799 640 κυρίου,
824 549 864 622 ὃν
889 550 952 641 ἐγώ
971 563 1055 640 λαμ-

61 653 181 743 τβάνω
201 651 254 741 ἐφ’
275 649 379 743 ὑμᾶς,
397 658 537 744 θρήνου.
574 652 664 734 οίκος
678 651 807 743 Ἰσραήλ
826 660 955 741 ἔπεσεν,
974 650 1055 723 οῦκ-

87 759 134 826 έτι
169 754 356 846 προσθήσει
390 759 451 826 τοῦ
482 752 675 844 άναστήναι.
732 758 900 844 παρθένος
926 751 1054 846 Ἰσραήλ

87 864 233 945 ἔσφαλεν
252 860 305 927 έπὶ
323 861 382 946 τής
399 862 460 946 γής
479 853 592 946 αῦτής,
610 853 673 927 οῦκ
687 855 778 927 ἔστιν
795 855 813 925 5
831 855 978 955 άνιστώυ
997 852 1054 926 αῦ-

85 955 180 1047 τήν,”
674 1009 678 1017 Ι

162 1066 212 1129 31,
223 1057 390 1148 Ἕβδομον
403 1057 468 1148 ήδη
482 1056 540 1128 τδυ
547 1056 692 1149 Χριστὸν
705 1055 864 1148 ὀνομαστὶ
878 1062 1055 1147 καταγγέλ·

49 1197 74 1235 10
88 1171 156 1230 λων
175 1168 221 1241 είς
239 1158 442 1250 ἀνθρώπους
455 1159 473 1229 5
487 1157 567 1239 θεὸς
582 1162 742 1248 στερεοῦν
756 1158 902 1248 βροντήν
914 1164 969 1230 καὶ
988 1167 1055 1230 κτί-

89 1270 155 1344 ζειν
178 1265 311 1348 πνεῦμα
336 1263 483 1349 λέγεται,
515 1267 575 1329 τοῦ
601 1256 819 1347 εῦαγγελικοῦ
847 1260 1055 1349 κηρύγματος

88 1365 230 1449 βροντής
261 1361 316 1430 δεδι
338 1360 375 1431 τδ
401 1369 447 1441 είς
471 1360 597 1440 πάντας
628 1359 832 1450 ἀνθρώπους
858 1359 1056 1444 ἐξάκουστον

87 1462 349 1551 ὀνομαζομένου,
380 1460 502 1550 ὁμοίως
536 1462 574 1531 δὲ
603 1465 658 1532 καὶ
684 1465 744 1531 τοῦ
766 1477 835 1544 τοῖς
861 1460 1056 1542 ἀποστόλοις

89 1561 334 1652 έμπυεάσαυτος
352 1568 498 1653 Χριστοῦ
516 1560 703 1652 πνεῦματος
722 1565 945 1653 δηλουμένου·
964 1561 981 1632 δ
1000 1565 1056 1632 καί

51 1702 75 1741 15
89 1669 203 1753 σαφώς
223 1668 276 1734 ἐπὶ
293 1668 334 1755 πή
351 1669 412 1735 τοῦ
430 1669 577 1755 σωτήρος
594 1663 689 1754 ήμών
707 1668 865 1758 ἐπιδημίᾳ
883 1663 1056 1755 πεπλήρω-

86 1797 157 1855 ται,
178 1765 231 1856 έφ’
252 1758 275 1858 ή
292 1765 445 1854 ποιήσειν
462 1762 480 1836 5
498 1764 578 1848 θεὸς
595 1763 723 1857 ὄρθρον
741 1763 823 1855 ὁμοῦ
842 1769 897 1836 καὶ
916 1761 1056 1856 ὁμίχλην

87 1876 296 1956 θεσπίζεται,
320 1884 389 1951 τοϊς
412 1869 474 1958 μὲν
497 1868 534 1938 τὸ
557 1867 722 1957 σωτήριον
741 1872 813 1955 φώς
831 1869 1056 1957 παραδεξαμέ-

88 1999 158 2050 νοις
176 1969 234 2040 τδν
252 1967 397 2059 ὄρθρον,
425 1987 494 2051 τοῖς
513 1971 551 2039 δὲ
563 1965 789 2058 ἀπειθήσασιν
803 1977 850 2050 είς
868 1967 972 2039 αὐτὸν
989 1972 1057 2039 τών
1160 1994 1161 1999 ’

90 2074 125 2138 ἐκ
150 2074 326 2159 περιτομῆς
349 2068 555 2141 τούναντίου.
599 2076 650 2140 32.
676 2068 725 2151 οἷς
750 2074 805 2141 καὶ
828 2068 890 2159 τήν
914 2070 1055 2159 ἐσχάτην
1069 2097 1128 2148 (ιω)

51 2209 76 2247 20
90 2167 262 2258 ἀπόφασιν
282 2167 300 2240 5
318 2169 414 2258 λόγος
428 2169 659 2261 προκηράττει,
672 2179 802 2261 θρήνον
817 2175 980 2259 ἐπιλέγων
997 2174 1061 2240 τοῦ

83 2270 256 2343 Ἰουδαίων
275 2279 409 2358 ἔθνους,
426 2271 486 2342 τὸν
503 2275 559 2340 καὶ
576 2271 782 2360 μετελθόντα
792 2269 914 2352 αῦτοῦς
927 2298 1058 2361 παραυ-

87 2381 163 2443 τίκα
192 2371 273 2461 μετά
295 2370 357 2459 τήν
380 2371 463 2441 κατά
490 2376 553 2441 τοῦ
581 2377 728 2459 σωτήρος
756 2369 851 2461 ἡμῶν
868 2370 976 2460 Ἰησοῦ
999 2376 1058 2441 τοῦ

89 2478 236 2562 Χριστοῦ
256 2475 458 2559 δυσσέβειαν
502 2478 552 2546 33.
568 2477 600 2556 ἐξ
620 2476 750 2543 ἐκείνου
767 2471 831 2564 γάρ
849 2468 984 2560 ἀληθώς
1003 2474 1059 2540 καὶ

90 2583 136 2658 είς
156 2580 256 2665 δεῦρο
273 2571 291 2646 5
310 2575 398 2654 οἶκος
412 2572 542 2667 Ἰσραήλ
566 2576 759 2665 πέπτωκεν,
778 2571 893 2663 ὅρασίς
919 2600 955 2642 τε
972 2569 1058 2654 άπαξ

51 2714 77 2754 25
89 2674 155 2747 ῦπό
172 2683 232 2748 τοῦ
249 2680 336 2748 θεοῦ
355 2679 410 2746 καὶ
423 2673 590 2765 ἀπόφασις
603 2674 811 2765 ἐξενήνεκται
823 2678 900 2763 περὶ
918 2679 979 2743 τοῦ
998 2701 1060 2742 πε-

90 2777 206 2858 σόντος
237 2776 349 2848 αῦτών
377 2788 472 2847 οίκου
500 2785 560 2848 τοῦ
584 2783 620 2848 ἐν
639 2775 870 2867 Ἰερουσαλήμ,
895 2779 951 2845 καὶ
976 2775 1059 2844 κατὰ

91 2879 213 2959 παντὸς
237 2877 351 2950 αῦτώυ
375 2887 435 2949 τοῦ
459 2878 683 2967 συστήματος,
708 2874 752 2960 ώς
775 2876 887 2969 μηκέτ’
915 2873 958 2947 ἀν
975 2873 1059 2946 ἀνα-

90 2983 303 3068 στησομένων
320 2985 366 3073 τῷ
379 2981 463 3067 μηδὲ
476 2996 632 3068 παρεῖναι
648 2981 708 3050 τὸν
720 2976 908 3049 ἀνιστάντα
926 2974 1056 3056 αὐτούς.
1072 3007 1086 3045 b

89 3078 153 3152 οῦκ
177 3089 247 3151 ἔστι
269 3086 369 3170 γοῦν,
394 3082 516 3168 φησὶν,
541 3077 558 3150 5
583 3077 727 3150 άνιστώυ
751 3078 866 3167 αὐτήν,
908 3083 959 3147 34.
986 3078 1059 3145 ἐπεὶ

51 3216 77 3257 ω
90 3180 154 3271 γάρ
174 3181 317 3252 έλθόυτα
338 3181 397 3252 τὸν
414 3181 559 3269 Χριστδν
582 3187 640 3251 τοῦ
663 3185 747 3250 θεοῦ
772 3180 812 3250 οῦ
837 3176 1058 3266 προσήκαντο,

49 3276 59 3285 ’
77 3281 226 3364 ἐἰκότως
239 3281 359 3364 αὐτοῦς
370 3279 560 3352 καταλιπών
574 3285 627 3351 έπδ
641 3279 748 3351 πάντα
757 3283 895 3371 μετέστη
912 3276 951 3347 τά
962 3285 1058 3364 ἔθνη,

90 3383 127 3454 τὸ
146 3394 253 3455 αίτιον
270 3387 328 3472 τής
345 3380 583 3472 μεταπτώσεως
603 3379 738 3464 διδάξας
757 3379 801 3450 δι’
829 3370 877 3450 ώυ
895 3375 1070 3448 ἀποκλαῦ-
