2326 3818
364 151 548 206 DEMONST.
565 153 697 208 EVANG.
715 155 737 204 1.
754 155 779 203 6.
1015 151 1056 214 41

90 295 267 364 ίλεοῦσθαι
292 290 376 363 κατά
399 290 440 362 τά
457 296 755 383 νενομοθετημένα.
801 291 916 383 διόπερ
943 295 1000 363 παλ
1017 296 1058 383 τή

90 398 244 477 Μωσέως
263 393 397 476 εἰκότως
414 392 663 484 ὑποβέβληνται
680 392 819 489 κατάρα,
839 398 876 466 έν
886 398 979 484 μέρει
996 395 1059 484 μὲν
1122 450 1133 461 ε.

90 494 273 587 φυλάττειν
290 492 365 566 τινά
383 496 594 587 πειρώμενοι,
614 501 650 566 ἐν
669 499 706 566 δέ
723 515 792 578 τοίς
803 496 891 577 όλοις
909 524 1058 584 παρανο-
1069 525 1111 575 (18)
1147 500 1162 569 ’.ι

89 602 248 689 μοῦντες,
273 597 458 689 διαρρήδην
476 600 627 679 Μωσέως
651 597 912 688 ἀποφηναμένου
925 594 999 669 “ὅτι
1018 596 1059 688 δή

66 699 330 790 ιέπικαπάρατος
347 708 422 788 πᾶς,
440 695 476 782 ός
494 696 555 770 οῦκ
574 705 709 791 ἐμμενεῑ
725 705 763 770 ἐν
779 704 860 770 πάσι
877 717 947 781 τοίς
966 703 1059 788 ἐγγε-

89 805 293 892 γραμμένοις
310 805 372 872 τοῦ
388 801 511 892 νόμον,
529 807 589 872 τοῦ
607 806 744 892 ποιήσαι
762 797 879 873 αότά.”

167 908 218 974 38.
256 902 393 986 Τούτοις
422 906 460 974 δέ
492 909 573 974 πᾶσι
608 903 917 996 περιπεπτῦκασιν,
954 901 1059 973 αῦτοῦ

91 1008 244 1086 Μωσέως
267 1013 353 1100 θείφ
377 1005 540 1095 πνεόματι
565 1005 822 1098 προειληφότος,
852 1005 902 1077 ότι
933 1004 975 1093 δή
1002 1008 1060 1094 τής

92 1105 148 1177 διά
166 1111 314 1198 Χριστοῦ
330 1111 445 1196 καινῆς
465 1107 629 1195 διαθήκης
647 1105 899 1197 ἀνανεωθείσης
917 1110 972 1177 καί
991 1125 1060 1188 τοῖς

52 1239 82 1279 ιο
93 1214 196 1280 πᾶσιν
208 1217 324 1280 ἔθνεσι
337 1217 621 1299 καταγηελθείσης
639 1209 774 1300 περιττή
784 1239 834 1291 τις
848 1208 971 1298 ἐσταιή
990 1207 1057 1278 κατ’
1112 1286 1113 1290 ,

92 1307 194 1381 αῦτόν
211 1320 413 1400 νομοθεσία,
437 1306 480 1399 ἣν
499 1309 633 1392 εἰκότως
650 1309 712 1400 ὑφ’
740 1315 799 1381 ἕνα
816 1311 926 1381 τόπον·
937 1309 1061 1399 περιιό-

91 1434 203 1502 ρισεν,
228 1419 302 1501 ἵνα,
328 1414 361 1483 εἰ
375 1440 454 1483 ποτε
470 1411 591 1483 τοῦτον
609 1424 806 1502 στερηθεῖεν
830 1413 886 1481 καί
905 1409 1089 1481 ἀποκλει-ι

92 1526 210 1585 σθείεν
234 1522 291 1602 τής
316 1522 441 1595 οἰκείας
467 1517 680 1603 ἐλευθερίας,
709 1513 822 1603 μηκέτ’
851 1509 963 1592 αῦτοιῒς
988 1510 1061 1594 ἐξόν

93 1627 144 1704 εἰη
164 1620 217 1686 ἐπὶ
234 1621 293 1704 τῆς
312 1614 504 1703 ἀλλοδαπῆς
521 1613 561 1684 τά
580 1613 651 1686 κατ’
682 1612 785 1711 αῦτόν
802 1613 925 1704 νόμιμα
944 1639 1061 1684 συντε-

52 1744 79 1785 15
93 1726 182 1805 λεῐν,
201 1713 245 1799 ῦς
263 1722 318 1788 καί
338 1723 371 1802 ἐξ
389 1715 535 1807 ἀνάγκης
552 1719 614 1807 τήν
633 1720 795 1806 δευτέραν
813 1715 982 1806 διαθήκην
999 1716 1062 1806 τήν

94 1819 149 1888 διὰ
170 1824 317 1910 Χριστοῦ
341 1823 611 1910 κατηγγελμένην
635 1825 794 1909 γενέσθαι
823 1823 1059 1908 παραδεκτέον.

92 1926 143 1990 39.
165 1918 245 1991 αὐτό
266 1923 307 2010 δή
325 1912 387 1992 οῦν
404 1927 502 1993 τοῦτο
511 1929 662 2003 Μωσέως
676 1917 960 2011 προηγορενκότος
978 1915 1061 2008 ὁμοῦ

91 2050 128 2091 τε
145 2017 163 2091 ὁ
182 2023 322 2111 Χριστός
341 2023 497 2113 ἐπεδήμει
514 2028 562 2117 τῷ
580 2032 643 2117 βίω
662 2027 718 2093 καὶ
734 2027 791 2111 της
810 2027 927 2116 καινής
942 2021 1060 2110 διαθή-

42 2171 59 2189 ι..
92 2151 152 2210 κης
170 2123 394 2212 προεβάλλετο
412 2130 493 2195 πᾶσι
510 2142 579 2206 τοίς
593 2133 708 2195 ἐθνεσι
724 2132 934 2210 διδασκαλία,
953 2150 1061 2212 παρα-

55 2252 80 2290 νο
94 2223 202 2312 χρήμά
225 2251 260 2293 τε
272 2223 424 2313 Ῥωμαῖοι
446 2224 509 2314 τήν
531 2225 629 2296 πόλιν
653 2224 785 2308 ἑλόντες
808 2234 983 2315 πολιορκία
1001 2254 1062 2293 κα-

94 2332 211 2394 θεῖλον
228 2323 268 2393 τά
282 2320 493 2414 Ἱεροσόλυμα
512 2327 643 2396 καὶτὸν
661 2324 782 2396 αὐτόθι
806 2326 907 2397 νεών·
944 2324 1061 2395 λέλοτό

92 2453 129 2495 τε
147 2421 266 2496 αὐτίκα
284 2432 373 2496 πᾶσα
398 2425 418 2516 ή
439 2429 589 2505 Μωσέως
606 2424 768 2512 διάταξις,
786 2429 841 2496 καὶ
863 2424 903 2495 τά
921 2430 979 2513 τῆς
996 2453 1087 2494 πα-ι

94 2532 188 2610 λαιῦς
220 2526 401 2619 περιήρητο
432 2525 614 2617 διαθήκης,
639 2525 680 2597 τά
702 2555 738 2597 τε
762 2532 819 2616 τής
843 2523 925 2615 ἀρᾶς
949 2524 1061 2616 μετήει

92 2627 169 2710 τοῦς
188 2628 277 2719 παρά
295 2627 413 2720 καιρόν
430 2629 471 2700 τὰ
488 2633 640 2712 Μωσέως
650 2628 807 2720 πράττειν
825 2632 1062 2719 παρανομοῦν-

55 2760 80 2800 ει
93 2761 170 2818 τας,
191 2740 238 2812 εἰς
256 2729 341 2802 αῦτά
359 2735 590 2823 βιαζομένους·
617 2729 830 2821 άντεισήγετο
849 2732 886 2800 δὲ
903 2729 987 2821 ὁμοῦ
1006 2735 1061 2801 καί

94 2831 230 2903 κατὰτὸ
254 2833 336 2904 αὐτὸ
360 2838 418 2923 τής
443 2838 520 2916 νέας
539 2837 594 2904 καί
613 2838 767 2917 ἐντελοῦς
785 2839 1004 2914 διδασκαλίας
1022 2830 1063 2902 τά

93 2933 224 3024 νόμιμα.
262 2941 313 3005 40.
335 2935 451 3027 διόπερ
470 2935 604 3019 εἰκότως
622 2931 639 3007 ό
658 2935 768 3026 σωτήρ
786 2939 842 3006 καί
861 2934 975 3025 κύριος
993 2951 1060 3016 τοῖς

93 3041 256 3126 οἰομένοις
275 3041 312 3107 ἐν
329 3036 415 3128 μόνη
432 3042 475 3130 τή
487 3037 701 3129 Ἰερουσαλήμ
725 3035 745 3126 ή
766 3043 802 3111 έν
825 3035 921 3128 όρεσί
935 3062 1023 3109 τισιν
1041 3031 1063 3125 ή

92 3137 206 3220 τόποις
223 3135 469 3229 ἀφωρισμένοις
485 3145 558 3210 δεῖν
571 3138 630 3212 τόν
642 3138 725 3211 θεόν
739 3155 944 3230 προσκυνεῖν
957 3161 1063 3225 φησιν

55 3234 244 3329 ω”ἐρχεται
263 3239 351 3330 ὥρα,
376 3244 432 3311 καί
450 3246 516 3312 νῦν
534 3247 641 3330 ἐστιν,
659 3240 714 3312 ὅτε
732 3248 767 3312 οἰ
782 3241 939 3332 ἀληθινοὶ
958 3262 1062 3331 προσ-

163 3477 179 3524 5
197 3475 279 3524 Dent.
292 3477 334 3540 ει,
348 3477 390 3525 ει.
495 3479 528 3527 3ο
545 3477 608 3527 Joh.
620 3478 646 3542 4,
661 3478 704 3527 ει.
