2326 3818
116 142 178 207 190
520 140 669 193 ααειιειι

113 286 170 353 καί
193 279 310 353 όλλοτε
333 278 504 373 πρότερον.
547 288 687 369 συνίστη
716 282 753 352 δὲ
776 277 841 370 άρα
864 276 883 352 ὁ
907 280 1004 371 λόγος
1020 288 1081 354 τού

114 388 261 475 σωτῆρος
279 378 375 474 ἡμῶν
392 380 428 454 τό
442 383 600 473 ἐμβριθὲς
613 383 668 453 καὶ
683 380 850 472 αὐστηρόν
863 387 923 454 τού
936 381 1079 472 τρόπου·

114 483 337 575 σωφροσύνης
355 485 394 556 δὲ
412 481 519 556 αὐτοῦ
535 487 619 575 με’γα
638 488 756 574 δεῖγμα
774 475 817 574 ἦν
834 480 973 573 κύκείνη
991 480 1012 573 ἡ
1031 491 1080 556 δι·

115 585 295 676 δασκαλία,
315 582 362 657 δι’
382 577 420 676 ἧς
434 583 592 676 ἁγνεύειν
606 589 638 669 ἐξ
657 584 762 657 αὐτοῦ
779 589 839 656 τοῦ
856 591 914 674 τῆς
930 592 1081 669 διανοίας

112 682 242 777 βάθους
259 686 317 770 τὰς
336 691 498 779 ἐμπαθεῖς
515 684 640 779 ὀρέξεις
654 684 901 778 ἀποτέμνοντας
920 692 1107 759 ἐδίδασκεε

112 795 220 881 λέγων
239 786 351 860 ’ἐίσὶν
376 787 528 879 εὐνοῦχοι
553 794 674 870 οἵτινες
704 787 937 879 ἐγεννήθησαν
961 785 1080 881 οὕτως,

112 896 167 963 καὶ
193 893 280 962 εἰσὶν
303 889 456 979 εὐνοῦχοι
480 895 600 972 οίτινες
628 885 898 979 εὐνουχίσθησαν
925 888 991 960 ὑπὸ
1018 888 1082 963 οἶν-

111 991 278 1081 θρύπων,
296 992 352 1060 καὶ
372 994 459 1062 εἰσὶν
476 987 631 1080 εὐνοῦχοι
648 995 768 1073 οἵτινες
782 989 985 1081 εὐνούχισαν
1004 994 1081 1063 ἕαυ·

87 1091 190 1173 ετούς
215 1089 270 1162 διά
294 1091 355 1180 την
377 1099 553 1180 βασιλείαν
570 1096 638 1163 τῶν
661 1088 850 1184 οὐρανῶν.”
893 1099 922 1163 6.
942 1091 1080 1165 πάλιυὸ

111 1195 174 1284 μὲν
198 1191 277 1282 γόης
304 1196 359 1263 καὶ
384 1190 519 1282 άληθῶς
537 1191 723 1276 λαοπλάνος
741 1193 849 1265 πάντα
864 1198 1007 1284 ἐγχειρεῖ
1023 1199 1080 1267 καὶ
1093 1220 1119 1261 10

111 1295 247 1387 πράττει
266 1298 457 1378 δοξοκοπῶν
470 1293 510 1366 τοὶ
525 1293 630 1366 πολλὰ
644 1298 700 1365 καί
717 1300 1009 1385 φαντασιοκοτιῶν,
1023 1301 1080 1370 καί

110 1401 213 1470 πλέον
229 1427 261 1468 τι
279 1397 368 1487 παρὰ
385 1397 464 1480 τούς
481 1395 625 1480 πολλούς
644 1400 768 1468 είδέναι
793 1401 848 1468 καὶ
875 1405 963 1487 ἔχειν
980 1427 1079 1489 μεγα-

111 1497 351 1590 λαυχούμενος·
384 1495 459 1571 δδδ
482 1498 593 1589 σωτὴρ
611 1502 667 1568 καί
692 1497 805 1589 κύριος
823 1495 938 1589 ἡμῶν,
965 1497 1015 1570 ότι
1032 1499 1080 1590 μὴ

112 1600 296 1691 δοξομανὴς
318 1603 374 1670 καὶ
397 1599 528 1687 ἀλαζών
556 1602 611 1670 καὶ
638 1598 908 1688 φαυτασιοκόπος
931 1592 991 1690 ἦν,
1015 1599 1075 1691 ἀφ’

111 1693 158 1772 (όν
185 1702 324 1793 ι’ύμενος
349 1700 492 1793 παρῄνει
516 1704 635 1792 μηδενὶ
659 1699 797 1791 φράζειν
819 1702 904 1792 μηδὲ
928 1711 975 1785 είς
999 1714 1078 1774 πολ·
1092 1725 1118 1768 1⁵

110 1802 188 1888 λούς
207 1800 310 1875 αὐτόν
330 1809 521 1894 ἐκφαίνειν,
539 1799 661 1893 γένοιτ’
681 1798 724 1872 όν
739 1810 877 1894 ἔκδηλος
891 1801 958 1875 ἀπό
970 1832 1005 1875 τε
1019 1810 1080 1876 τού

108 1905 166 1990 τάς
186 1911 222 1977 ἐν
240 1903 332 1995 όρεσι
351 1902 523 1994 διατριβάς
541 1907 597 1974 καὶ
615 1901 672 1986 τάς
692 1902 920 1995 ἆναχωρήσεις
943 1903 1078 1977 διύκειυ

82 2038 95 2076 ι
109 2011 165 2077 καὶ
183 2006 323 2095 φεύγειν
339 2007 399 2090 τάς
417 2004 501 2077 κατά
518 2004 630 2088 πόλεις
647 2010 716 2076 τῶν
733 2011 867 2077 πολλῶν
886 2011 1077 2097 ἐπιβλαβείς

108 2104 249 2196 ὁμιλίας.
296 2115 323 2179 7.
352 2115 383 2178 εί
408 2107 489 2199 μήτε
512 2112 690 2199 τοιγαροῦν
718 2106 815 2198 δόξης
841 2108 923 2198 μήτε
953 2108 1077 2200 χρημά-

108 2238 176 2280 των
199 2208 281 2299 μήτε
304 2208 428 2301 ἡδονῆς
448 2215 563 2281 ἕνεκεν
588 2213 784 2299 ἐπιβέβλητο
802 2213 845 2301 τῇ
864 2216 1075 2306 διδασκαλίᾳ,
1089 2232 1115 2274 ²⁰

108 2317 157 2394 τίς
176 2318 223 2382 ἔτι
247 2311 338 2405 χεόρα
356 2321 582 2405 περιλείπεται
608 2310 769 2393 ὑπονοίας
793 2314 853 2382 τού
870 2310 999 2384 πλάνον
1017 2310 1078 2384 αὐ·

108 2411 166 2486 τόν
184 2413 297 2484 καί’
257 2443 360 2504 γοητα
378 2423 540 2507 νομίζειν;
566 2417 686 2498 σκέψαι
708 2415 745 2484 δὲ
762 2415 818 2483 καί
835 2417 940 2483 ταῦτα
957 2413 1074 2486 πάλιν

108 2515 204 2606 γόης,
222 2514 303 2587 ὅταν
322 2520 445 2608 ετέροις
462 2545 503 2587 τα
519 2545 578 2604 της
596 2522 713 2596 κακίας
731 2521 918 2604 μεταδιδύ,
938 2513 1076 2600 ὁποίους

108 2615 233 2709 ἄνδρας
259 2610 510 2704 κατασκευάζει
536 2608 578 2707 ιἰρ
582 2611 755 2704 ὀὐχὶ
715 2644 835 2704 γοητας
853 2619 910 2686 καί
927 2616 1076 2700 πλάνους

108 2721 163 2787 καί
181 2723 376 2808 φαρμακέας
400 2715 492 2812 αὐτῷ
508 2746 592 2787 κατα
610 2715 719 2787 πάντα
737 2726 1007 2809 παραπλησίους;
1024 2726 1073 2803 τίς
1087 2750 1114 2791 εε

107 2809 170 2888 οὖν
200 2816 264 2907 η’δη
295 2818 427 2890 ποόποτε
452 2819 488 2889 τό
519 2822 587 2888 παν
605 2822 815 2910 Χριστιαυων
838 2822 934 2908 γένος
958 2823 1075 2912 ἕκτης

108 2924 238 2990 ἐκείνου
267 2926 482 3004 διδασκαλίας
500 2923 662 3011 γοητεύον
686 2949 707 3008 η
731 2949 948 3012 φαρμακευον
964 2931 1075 2994 κατεί-

45 3031 231 3111 ιιει)ληφεν;
259 3028 287 3093 8.
307 3019 384 3093 ἀλλ’
404 3021 467 3094 οὐκ
485 3029 574 3093 ἔστιν
593 3029 719 3111 εἰπεῖν,
737 3030 880 3113 ἔμπαλιν
899 3024 936 3094 δὲ
954 3023 1073 3114 λόγους

106 3121 314 3214 φιλοσόφους
332 3123 463 3215 μετιδν,
482 3120 527 3206 αἱς
545 3121 788 3196 ἀποδέδεικται.
825 3123 843 3194 ό
862 3123 904 3214 δὴ
922 3117 984 3198 οὖν
1003 3127 1071 3197 ἑτέ-

107 3255 176 3316 ροις
207 3230 332 3316 σεμνοῦ
358 3229 413 3299 καὶ
445 3224 619 3317 σύφρονος
651 3233 728 3313 βίου
753 3223 926 3315 εὐσεβείας
950 3255 986 3299 τε
1015 3230 1113 3317 τῆςεο

174 3461 189 3510 6
207 3459 307 3513 Matth.
323 3462 416 3525 19‚1·2.
