2326 3818
148 152 190 216 40
553 150 702 203 ωσεεειι

151 301 239 383 ἔχειν
258 298 387 380 δοκεῖν,
411 294 584 380 γεγονέναι
610 291 645 360 δέ
670 319 752 360 κατα
776 288 884 360 πάντα
907 288 1042 379 ὁμοίους
1060 288 1119 361 αύ·

150 412 239 483 τοῖς,
263 391 345 463 κατοί
368 421 403 464 τε
427 391 489 482 τήν
505 397 573 463 τών
599 390 749 462 εἰδώλων
766 389 915 481 πλάνην,
941 400 978 463 ἔν
996 420 1032 462 τε
1049 409 1121 475 τοῖς

47 494 65 511 ”
124 523 135 562 ι
151 494 262 578 ἀλλοις
282 494 533 586 ἐγχειρήμασιν·
572 493 724 582 εἰκότως,
743 491 855 583 ὥσπερ
875 497 911 562 ἰκ
929 498 1040 581 βυθοῦ
1058 522 1120 564 κα-

152 602 221 668 κών
244 594 452 688 ἀνιμώμενος
475 593 599 678 αύτούς
622 591 805 683 όΜωσής,
833 595 958 684 ἀφίστη
981 596 1044 686 μέν
1061 602 1120 685 τῆς

150 696 256 771 ἀθέου
274 706 469 786 πολυθείας,
487 696 591 786 ἀνῆγε
607 699 643 767 δὲ
662 699 716 767 ἐπὶ
726 695 787 767 τὸν
804 694 940 768 πάντων
959 703 1150 788 δημιουρ-ε

151 803 213 891 γδν
230 801 332 889 θεὸν,
358 803 491 889 πρώτον
516 803 645 869 ἐκεῖνον
669 798 803 888 βαθμὸν
828 795 1002 886 εὐσεβείας
1021 794 1065 880 ώς
1085 802 1122 870 έν

153 911 351 990 εἰσαγωγαῖς
375 905 430 970 καλ
461 898 644 989 προθύροις
671 903 739 972 τών
764 905 974 990 τελεωτίρων
998 908 1123 990 προβε-

153 1007 338 1093 βλημένος,
363 1008 413 1073 33.
434 1011 546 1072 ἔπειτα
563 998 604 1072 ού
622 1001 798 1091 φονεύειν,
816 999 857 1072 ού
875 1000 1060 1092 μοιχεύειν,
1079 998 1122 1074 ού

153 1109 323 1192 κλέπτειν,
348 1100 409 1174 οὐκ
436 1109 619 1194 ἐπιορκεῖν,
643 1101 705 1174 οὐκ
733 1101 875 1194 ἀρρενας
893 1102 1030 1195 ἄρρεσιν
1050 1108 1123 1174 έπι-

153 1214 353 1296 μαίνεσθαι,
378 1203 417 1277 ού
441 1205 622 1296 μητράσιν,
650 1202 712 1275 ούκ
735 1203 916 1294 ἀδελφαῖς,
946 1202 987 1275 ού
1010 1218 1156 1295 θυγα-;ι

152 1307 270 1396 τράσιν
297 1312 555 1397 ἐπιμίγνυσθαι,
589 1304 665 1378 οὐδ’
693 1306 755 1377 ὅσα
787 1313 922 1377 τοιαῦτα
954 1324 1022 1389 τοῖς
1049 1307 1124 1379 τότε

153 1409 319 1501 πράττειν,
335 1414 411 1499 έξήν
434 1407 588 1500 ἀφόβως,
613 1407 804 1500 συνεχώρει.
847 1414 897 1480 34.
918 1412 1124 1498 παραλαβών

155 1515 191 1583 δὲ
211 1516 243 1596 ἐξ
262 1510 431 1601 ἀνημέρου
449 1516 505 1582 καὶ
523 1509 715 1601 θηριώδους
733 1519 811 1599 βίου
825 1515 1049 1598 λογικωτέραν
1066 1515 1125 1582 καί

126 1649 138 1679 ε
156 1611 299 1701 εὔνομον
327 1617 363 1681 έν
390 1631 458 1695 τοῖς
485 1611 557 1682 τότε
581 1611 712 1700 χρόνοις
732 1619 904 1682 πολιτείαν
921 1619 1050 1702 πρώτος
1069 1616 1125 1683 έπί

155 1718 215 1802 γῆς
235 1711 290 1782 διά
314 1718 444 1802 γραφῆς
467 1712 713 1800 συνεστήσατο,
738 1710 832 1782 οὔπω
849 1712 923 1784 τότε
941 1718 1043 1784 πᾶσιν
1061 1710 1125 1785 ἀν·
1155 1761 1158 1772 ‹

155 1812 306 1904 θρώποις
333 1819 499 1904 ἐκφανοῦς
526 1813 621 1895 ’ὄντος
647 1810 726 1883 οὐδὲ
752 1819 811 1883 τοῦ
834 1821 963 1885 τοιονδί
987 1814 1124 1904 τρόπου.

155 1922 208 1986 35.
229 1917 299 1986 εἶτα
323 1916 361 1984 δὲ
386 1912 429 1998 ώς
456 1911 499 1987 ἀν
522 1913 673 1984 ἀτελέσιν
698 1911 850 1986 ἀπειπών
867 1916 930 2004 τήν
948 1923 1125 1988 εἰδωλολα-

156 2026 274 2107 τρίαν,
294 2024 430 2099 θυσίαις
449 2025 509 2087 καί
523 2038 590 2086 τισι
607 2012 972 2106 σωματικωτέροιςτόν
990 2023 1050 2088 ἕνα
1067 2022 1126 2090 καλ

157 2122 211 2188 ἐπὶ
229 2115 365 2188 πάντων
383 2116 467 2189 θεόν
484 2116 690 2208 θεραπεύειν
708 2123 927 2208 παρεκέλενε,
947 2119 1003 2189 διά
1020 2149 1127 2192 τινων

156 2217 431 2311 ἀπορρητοτέρων
450 2227 521 2290 ἰδία
539 2218 718 2309 συμβόλων
736 2226 797 2308 τήν
815 2219 889 2292 κατ’
918 2218 1021 2292 αὐτόν
1038 2235 1125 2314 θρη-
1144 2257 1161 2283 ··

156 2330 273 2394 σκείαν
287 2326 451 2393 ἐπιτελεῖν
464 2321 708 2412 νομοθετήσας,
727 2317 771 2411 ήν
789 2324 844 2392 καί
861 2332 1061 2413 θαυμασίως
1079 2331 1128 2420 τῷ

155 2436 240 2520 θείῳ
259 2424 423 2514 πνεύματι
441 2424 592 2495 συνιδών
615 2423 677 2495 ούκ
697 2421 783 2507 εἰς”
761 2451 901 2514 απειρον
920 2431 994 2496 δεῖν
1012 2403 1129 2516 περιέ-

127 2549 248 2617 ιπειν,
273 2523 334 2611 ὑφ’
357 2531 415 2598 ἕνα
433 2526 536 2596 τόπον
559 2530 799 2649 περιέγραψεν,
826 2522 942 2616 ὁρίσας
959 2525 1003 2650 μή
1021 2527 1128 2599 ἀλλα-

156 2626 233 2717 χόσε
251 2637 426 2697 συντελεῖν
442 2627 483 2695 τὰ
500 2624 572 2696 κατ’
595 2623 697 2696 αὐτὸν
713 2627 848 2718 νόμιμα,
866 2657 887 2715 η
873 2622 1002 2697 ”έν’
961 2657 1053 2721 μονφ
1073 2632 1128 2701 ἑνὶ

156 2726 264 2821 τόπῳ,
284 2717 379 2808 οὗτος
398 2725 430 2796 δ’
452 2716 495 2815 ήν
513 2756 531 2797 ο
519 2725 607 2796 ’έν
604 2729 849 2818 Ιεροσολύμοις,
868 2732 929 2812 ἔξω
949 2731 986 2799 δὲ
1003 2728 1127 2804 τούτου

156 2830 279 2953 μηκέτι.
316 2833 368 2897 36.
387 2829 470 2898 ὅθεν
494 2835 608 2909 εἰςέτι
632 2833 687 2898 καλ
706 2835 807 2920 δεῦρο
830 2829 967 2900 παισὶν
968 2838 1127 2921 Εβραίων

157 2928 197 3000 οὐ
228 2929 367 3018 θεμιτὸν
397 2928 517 2999 ἀλλοσε
548 2927 703 3012 ἐκτός
664 2961 721 3020 της
753 2936 989 3023 καθῃρημένης
1013 2931 1127 3004 αάτών

156 3030 389 3122 μητροπόλεως
407 3029 485 3102 οὔτε
501 3029 603 3103 θύειν
626 3032 709 3102 κατὰ
725 3032 784 3105 τὸν
800 3033 921 3124 νόμον,
938 3032 1015 3105 οὔτε
1033 3033 1127 3122 ἰερόν

157 3130 235 3204 ούτε
252 3132 495 3221 θυσιαστήριον
521 3136 677 3223 ἐγείρειν,
702 3132 778 3206 ούτε
797 3144 904 3226 χρίειν
924 3140 1030 3223 ίερέας
1048 3133 1126 3208 οὔτε

158 3241 325 3323 βασιλέας,
344 3233 421 3305 οὔτε
438 3226 496 3315 τάς
514 3234 597 3304 κατὰ
609 3243 738 3306 Μωσέα
755 3236 959 3327 πανηγύρεις
978 3241 1032 3307 καὶ
1052 3243 1124 3330 έορ-
1136 3264 1159 3305 υ

157 3333 214 3415 τάς
234 3340 396 3423 ἐκτελεῖν,
422 3332 462 3406 ού
485 3340 633 3426 μιασμού
650 3347 894 3427 καθαίρεσθαι,
919 3338 958 3410 ού
977 3351 1124 3430 πλημμε-

158 3443 250 3517 λείας
267 3432 487 3525 ἀπολύεσθαι,
506 3434 547 3507 ού
568 3442 660 3527 δώρα
677 3443 723 3531 τῷ
742 3445 811 3534 θεῷ
829 3445 1044 3532 προσφέρειν,
1062 3438 1124 3533 ούχ
