2326 3818
148 121 212 186 588
554 119 703 172 Eusssssn

108 290 134 330 ·d
148 264 195 354 τῷ
220 257 413 349 σκηνώματί
434 257 531 347 σον,”
560 262 616 332 καὶ
638 257 702 328 όσα
728 256 1017 349 ἀνθρωπινώτεροι
1044 263 1125 350 περὶ

150 359 256 431 αὐτού
272 364 433 449 λέλεκται,
453 359 497 442 ώς
515 363 571 431 καὶ
588 358 625 431 τό
639 355 731 442 “vote
740 357 892 448 ἀγγέλοις
906 358 1011 430 αὑτοῦ
1031 365 1124 432 ἐντε-

150 471 254 533 λεῖται
278 466 355 552 περὶ
379 469 457 551 σοῦ,
484 467 544 533 τού
569 460 771 551 διαφυλάξαι
794 458 867 550 σε,”
895 464 951 530 καὶ
980 459 1019 531 τὰ
1042 458 1124 533 “ἐπλ

149 568 269 654 χειροῖν
287 561 412 655 άρούσί
432 587 471 633 σε
487 561 614 653 μήποτε
632 561 825 652 προσκόψῃς
843 561 925 653 πρὸς
942 570 1046 634 λάθον
1063 562 1125 636 τόν

108 711 111 716 -
148 665 236 737 πόδα
254 664 349 736 σου.”
387 671 437 735 20.
456 669 560 734 ταῦτα
578 664 641 752 γάρ
658 660 722 734 ούκ
739 660 782 734 διν
800 660 844 745 ώς
861 661 944 755 πρός
960 664 1048 735 θεὸν
1065 668 1150 737 λέ-ιι

148 781 268 856 γεσθαι
286 762 441 856 ἁρμόσαι,
460 764 542 855 πρὸς
562 763 647 836 δέτό
661 764 820 854 σκήνωμα
834 765 948 852 αύτού,
967 761 1053 856 όπερ
1072 764 1120 836 δι’

147 864 233 957 ἡμᾶς
250 866 451 956 ἀνείληφεν,
469 862 524 935 ὅτε
541 861 559 935 ό
577 865 673 955 λόγος
686 863 790 954 “σο“ιρξ
804 869 934 954 ἐγένετο
948 871 1006 936 καί
1024 865 1124 956 ἐσκή-

147 989 259 1040 νωσεν
277 971 314 1038 ἐν
331 962 443 1056 ἡμῖν.”
472 973 566 1038 δοκεῖ
583 969 623 1036 δέ
630 996 686 1056 μοι
700 974 808 1049 καλώς
820 975 908 1057 ἐχειν
925 965 1012 1057 ύπέρ
1023 963 1125 1058 άκρι-

148 1071 230 1156 βούς
248 1066 459 1156 βεβαιώσεως
475 1072 544 1138 τών
562 1071 747 1160 εἰρημένων
765 1072 821 1139 καὶ
837 1067 896 1150 τάς
907 1073 975 1139 τών
992 1072 1124 1141 λοιπῶν

151 1172 365 1258 ἑρμηνεντών
388 1182 594 1260 παραθεῖναι
619 1167 750 1258 φωνάς·
784 1161 832 1240 ὦν
854 1169 872 1240 ὁ
895 1171 958 1259 μὲν
979 1165 1159 1252 ’Λκύλαςιο

149 1268 257 1353 οὕτως
281 1278 406 1361 ἔφησεν
424 1267 497 1341 “aa
522 1270 580 1358 σύ,
605 1268 716 1360 κύριε,
748 1275 841 1352 ἐλπίς
863 1299 946 1360 μου,
976 1267 1122 1354 ὕψιστον

149 1380 274 1462 ἔθηκας
292 1371 483 1465 οίκητήριόν
501 1393 571 1443 σον.
597 1378 647 1443 21.
668 1368 708 1443 ού
721 1370 965 1462 μεταχθήσεται
980 1371 1063 1461 πρὸς
1082 1373 1122 1444 σδ

149 1473 245 1562 κακά,
264 1478 320 1544 καὶ
337 1470 407 1563 ἁφὴ
424 1472 487 1544 ούκ
506 1478 612 1564 ἐγγιεῖ
627 1479 664 1544 ἐν
682 1476 788 1565 σκέπη
801 1492 878 1543 σον·
898 1472 949 1543 ὅτι
965 1471 1122 1561 ἀγγέλοις

149 1573 254 1646 αὑτοῦ
273 1581 454 1647 ἐντελεῖται
466 1579 526 1646 τού
539 1573 684 1664 φυλάξαι
696 1597 735 1646 σε
748 1579 785 1645 ἐν
797 1572 918 1656 πάσαις
934 1590 1009 1655 ταῖς
1026 1570 1121 1658 ὁδοῖς

149 1672 244 1747 σον.”
280 1676 299 1746 ό
318 1678 355 1748 δὲ
373 1675 556 1767 Σύμμαχος
568 1673 637 1746 “σύ
654 1675 734 1766 γάρ,
760 1675 872 1766 κύριε,
896 1674 1023 1765 άφοβία
1040 1705 1120 1766 μον,
1134 1706 1159 1749 ιε

81 1802 137 1855 ατη
151 1771 298 1866 ύψίστην
315 1786 398 1849 ἐθον
409 1778 471 1866 τὴν
482 1786 616 1866 οἴκησίν
633 1799 705 1847 σον.
730 1783 781 1848 22.
795 1774 836 1848 ού
848 1775 1038 1867 κατισχύσει
1055 1801 1121 1848 σου

150 1878 269 1968 κακὸν,
294 1876 374 1950 ούδέ
391 1874 462 1967 ἁφὴ
481 1882 587 1966 ἐγγιεῖ
601 1884 643 1966 τῇ
669 1883 775 1968 σκηνῇ
794 1902 865 1950 σον.
902 1875 953 1949 ότι
969 1893 1038 1958 τοῖς
1055 1875 1118 1966 άγ-

150 1984 258 2067 γέλοις
276 1975 379 2050 αὑτοῦ
399 1983 578 2049 ἐντελεῖται
596 1981 672 2068 περὶ
690 1984 762 2067 σού,
781 1984 840 2050 τού
859 1976 1060 2068 διαφυλάξαι
1078 2001 1121 2050 σε

83 2105 137 2158 μοι]
152 2083 189 2149 ἐν
206 2077 327 2160 πάσαις
345 2095 417 2160 ταῖς
434 2075 559 2161 ὀδοῖς.”
584 2076 710 2151 ούκούν
724 2080 779 2150 διά
796 2079 924 2152 τούτων
942 2080 1055 2151 αύτών
1071 2085 1120 2174 τῷ

151 2186 257 2273 κνρίφ
275 2183 424 2251 λέλεκται
444 2176 488 2263 ώς
505 2185 583 2271 περὶ
601 2184 717 2271 ἑτέρον
734 2190 881 2271 μείζονος
899 2180 935 2252 τὸ
949 2177 1042 2262 “vote
1059 2180 1119 2269 άγ-
1132 2214 1158 2256 ω

150 2285 257 2370 γέλοις
276 2277 381 2354 αύτού
399 2287 579 2354 ἐντελεῖται
596 2287 673 2372 περὶ
691 2291 770 2373 σοῦ,
795 2287 855 2354 τοῦ
874 2282 1120 2371 διαφυλάσσειν

150 2407 188 2455 σε
207 2387 243 2454 ἐν
261 2383 382 2466 πάσαις
399 2402 471 2467 ταῖς
489 2384 590 2467 ὁδοῖς.
635 2387 690 2456 ἐπὶ
707 2387 828 2474 χειροῖν
845 2381 968 2472 άρούσί
984 2407 1023 2454 σε
1042 2385 1121 2474 (δη-

149 2486 234 2575 λαδη
253 2488 291 2557 σέ
314 2485 373 2557 τόν
397 2484 530 2576 κύριον)
553 2485 679 2576 μήποτε
697 2486 739 2556 σύ
757 2481 775 2555 ό
793 2484 907 2575 κύριος
925 2483 1121 2577 προσκόψῃς

149 2585 231 2675 πρός
256 2595 357 2658 λίθον
380 2585 440 2658 τόν
469 2585 557 2657 πόδα
579 2582 673 2659 σον.”
721 2592 772 2658 23.
798 2586 935 2669 ταύταις
959 2588 996 2657 δὲ’
1019 2589 1074 2656 καὶ
1101 2581 1119 2657 ὁ

151 2687 305 2775 διάβολος
322 2703 395 2768 ταῖς
413 2689 541 2769 λέξεσιν
559 2691 595 2758 ἐν
612 2690 659 2780 τῷ
681 2686 764 2757 κατά
781 2692 841 2758 τού
858 2692 1005 2778 σωτῆρος
1022 2685 1120 2775 ἡμών
1133 2716 1159 2760 ω

120 2794 322 2879 επειρασμῷ
353 2790 508 2879 κέχρηται
529 2786 583 2859 ὅτε
600 2786 831 2880 κπαραλαβών
853 2788 956 2860 αὐτόν
980 2795 1028 2871 είς
1056 2787 1121 2878 τὴν

149 2884 250 2976 ἁγίαν
261 2886 360 2959 πόλιν
367 2893 505 2978 ἔστησεν
518 2888 620 2961 αὐτὸν
632 2893 687 2961 ἐπὶ
697 2882 734 2962 τὸ
747 2889 927 2981 πτερύγιον
940 2893 1001 2962 τού
1013 2895 1120 2982 ίερού,

150 2992 207 3058 καὶ
225 2987 318 3060 εἶπεν
343 2987 450 3086 αύτῷ,
474 2998 505 3062 εί
528 2991 599 3073 νίός
618 2991 650 3062 εί
665 2995 726 3062 τού
742 2996 845 3080 θεού,
869 2992 951 3082 βάλε
975 2989 1121 3064 σεαυτόν

151 3092 311 3162 ἐντεῦθεν
325 3089 427 3163 κάτω.
454 3093 636 3185 γέγραπται
653 3093 717 3183 γάρ
735 3092 785 3164 ὅτι
802 3110 872 3176 τοῖς
890 3094 1041 3185 άγγέλοις
1060 3092 1120 3165 αύ-

149 3197 209 3262 τού
229 3197 407 3265 ἐντελεῖται
430 3197 508 3285 περὶ
530 3201 611 3284 σού,
635 3197 691 3263 καὶ
709 3198 764 3265 ἐπὶ
788 3201 909 3286 χειρῶν
926 3193 1051 3287 άρούσί
1066 3222 1118 3287 σε,
1132 3227 1159 3271 ω

150 3340 353 3352 ——-—·-———-——

219 3424 233 3471 7
251 3423 294 3474 Jo.
308 3427 332 3488 1,
347 3428 386 3478 15,
491 3426 523 3476 26
541 3426 640 3480 Matth.
653 3429 678 3490 4,
692 3431 715 3478 5.
