2326 3818
142 146 206 208 444
551 147 699 198 Ευεαοτι

143 283 356 373 γεννώμενον
379 284 475 374 ἅγιον
500 283 702 373 κληθήσεται
727 285 799 366 υίὸς
822 282 941 355 θεοῦ.”
984 293 1034 357 99.
1056 291 1111 358 καὶ

146 391 182 456 ἐν
199 388 260 474 μὲν
277 391 319 476 τη
336 385 400 477 πρό
417 385 538 475 ταύτης
556 393 742 478 προφητείᾳ
760 384 827 476 ἅμα
845 391 886 477 τῇ
902 392 1033 475 γενέσει
1051 395 1112 458 τοῦ

118 485 361 578 ιἘμμαυουήλ,
379 492 460 578 πρὶν
478 484 498 575 ή
516 495 642 576 γνῶναι
655 486 692 557 τό
706 495 842 558 παιδίον
860 487 990 576 ἀγαθὸν
1009 486 1029 577 ἢ
1050 521 1111 561 κα-

37 621 46 627 ·
144 592 219 677 κὸν,
248 594 376 677 ἐλέγετο
405 587 773 677 έγκαταλειφθήσεσθαι
799 588 860 677 τήν
878 594 942 677 γήν
960 589 1026 660 ἀπὸ
1043 599 1113 662 τῶν

143 689 413 781 πολιορκούντων
431 687 536 778 αῦτήν
555 695 650 760 δυεῖν
673 695 855 777 βασιλέων,
881 689 955 771 ένὸς
973 694 1035 780 μὲν
1053 697 1138 770 τοῦτ

142 798 200 881 της
217 798 428 881 Σαμαρείας,
448 794 593 879 θατέρου
613 793 650 860 δέ
667 796 728 860 τοῦ
744 799 800 880 τῆς
820 800 1020 880 Δαμασκοῦ·
1058 797 1133 864 ἐπὶ·

144 896 181 962 δὲ
198 898 255 979 τῆς
274 890 464 980 παρούσης,
489 895 570 982 πρὶν
593 889 613 980 ή
637 897 764 980 γνῶναι
787 890 823 962 τό
842 900 979 964 παιδίον
997 906 1113 966 καλεῖν

144 999 269 1079 πατέρα
287 987 308 1080 ή
326 997 450 1081 μητέρα
468 992 606 1081 λήψεται
632 992 777 1082 δύναμιν
797 1000 982 1083 Δαμασκοῦ
999 1000 1055 1066 καὶ
1074 994 1114 1066 τῦ

144 1097 249 1163 σκῦλα
268 1102 474 1182 Σαμαρείας·
504 1086 552 1164 οἷν
570 1098 625 1164 καὶ
644 1093 796 1182 πρόσθεν
814 1096 1112 1186 καταλυθήσεσθαι

143 1192 220 1276 τοῦς
244 1199 399 1282 βασιλέας
424 1199 478 1266 ἐπὶ
504 1202 545 1286 νή
572 1202 703 1285 γενέσει
726 1202 786 1267 τοῦ
800 1196 1010 1287 Ἐμμανουήλ
1036 1203 1152 1277 ἐθέ-ιο

145 1305 267 1380 σπιζεν.
295 1303 363 1367 100.
379 1303 548 1385 αἰσθητῶς
561 1300 624 1386 μὲν
637 1289 699 1368 ούν
715 1303 751 1367 ἐν
764 1293 901 1388 ἡμέραις
908 1297 1007 1388 ’Ἁχαζ
1016 1310 1114 1389 βασι-

144 1402 224 1479 λέως
240 1395 364 1488 Ἰούδα,
389 1403 445 1468 καὶ
470 1396 543 1469 κατ’
564 1397 667 1471 αὐτόν
681 1398 821 1470 Ἡσαΐαν
844 1400 902 1470 τὸν
925 1401 1113 1491 προφήτην,

146 1498 207 1570 δύο
232 1508 380 1589 βασιλεῖς
409 1505 445 1570 ἐκ
469 1500 642 1590 συνθήκης
666 1499 743 1582 τοῦς
766 1497 832 1571 ῦπό
857 1519 926 1584 τοῖς
945 1502 1115 1593 διαδόχοις

144 1605 258 1690 Λαβλδ
281 1606 561 1691 βασιλευομένους
579 1602 814 1693 ἐπολιόρκουν,
839 1599 882 1684 ῦς
907 1602 971 1694 ήδη
995 1605 1114 1691 πρότε-

144 1733 205 1791 ρον
224 1701 424 1791 δεδήλωται·
458 1699 555 1792 ὁμέν
574 1707 627 1773 ἐπὶ
650 1709 708 1791 της
726 1711 910 1792 Δαμασκοῦ
928 1713 996 1774 τῶν
1015 1713 1114 1776 είδω-
1126 1736 1153 1778 ιε

144 1809 314 1891 λολατρων
342 1809 454 1874 ἐθνῶν
480 1803 654 1894 βασιλεύς,
682 1805 700 1874 ὁ
729 1808 766 1875 δὲ
791 1811 851 1875 τοῦ
875 1805 1027 1895 πλήθους
1045 1810 1113 1877 νῦν

138 1903 330 1993 Ἰουδαίων,
367 1911 404 1975 ἐν
433 1911 473 1996 νή
507 1909 695 1995 καλουμένη
727 1914 901 2000 Σαμαρείᾳ
932 1907 1026 1978 πόλει
1056 1911 1113 1996 τῆς

144 2013 380 2092 Παλαιστίνης,
398 2003 441 2094 ἣν
456 2005 632 2096 Σεβαστήν
650 2014 685 2076 οί
695 2005 776 2078 καθ’
795 2004 881 2097 ήμᾶς
898 2007 1111 2098 ὀνομάζουσι’

77 2131 131 2184 ιεω)
147 2110 222 2194 περὶ
242 2097 290 2175 οἷν
307 2101 324 2174 ὁ
342 2105 422 2189 θεὸς
441 2107 497 2176 διὰ
514 2115 574 2177 τοῦ
592 2107 765 2198 προφήτου
783 2108 939 2203 σφ”Αηαζ
957 2111 1030 2181 εἷπε
1044 2106 1113 2200 “μή

144 2215 271 2294 φοβοῦ,
298 2209 383 2296 μηδὲ
409 2205 429 2296 ἡ
456 2209 546 2299 ψυχή
573 2234 635 2281 σου
658 2209 843 2280 ἀσθενείτω
868 2208 933 2281 ἆπύ
957 2219 1024 2282 τῶν
1050 2212 1112 2283 δύο
1126 2244 1152 2284 εο

144 2307 265 2395 ξύλων,
283 2313 350 2380 των
368 2314 481 2381 δαλῦν
498 2315 566 2381 των
580 2314 829 2401 καπνιζομένων
845 2310 1008 2383 τούτων.”
1041 2319 1111 2385 101.

61 2418 64 2423 ’
144 2413 199 2480 καλ
222 2411 285 2499 τήν
307 2408 479 2483 ολπεόλειόν
502 2443 540 2501 γε
563 2420 631 2483 τῶν
656 2412 794 2503 ἀνδρῶν
812 2412 933 2484 αὐτίκα
950 2414 1038 2504 μύλα
1057 2419 1113 2485 καὶ

143 2510 206 2583 οῦκ
225 2521 273 2594 είς
295 2514 424 2603 μακρόν
442 2523 579 2584 ἔσεσθαι
598 2513 719 2604 είπεύν,
748 2518 822 2604 ἑξῆς
846 2513 1049 2606 προφητεύει
1069 2515 1114 2598 ὡς

144 2617 198 2681 ἐπὶ
215 2619 256 2703 τη”
273 2620 332 2682 τοῦ
349 2613 428 2702 μεθ’
449 2613 544 2702 ήμῦν
559 2619 718 2703 ἐσομένου
732 2623 816 2687 θεοῦ
830 2622 957 2706 γενέσει
971 2615 1113 2705 πάμπαν

142 2713 340 2801 ἀμφοτέρων
365 2713 589 2804 σβεσθήσεται
613 2719 668 2785 καλ
687 2717 955 2806 καταλυθήσεται
973 2715 994 2805 ή
1012 2722 1110 2802 βασι·
1125 2746 1152 2786 ιε

143 2824 224 2884 λεία.
263 2820 333 2885 102.
355 2822 534 2906 δείκνυμεν
562 2819 598 2887 δὲ
625 2815 689 2888 ἀπὸ
707 2824 764 2908 τῆς
783 2826 928 2909 ἱστορίας
955 2816 998 2900 ῦς
1017 2820 1113 2908 μέχρι

142 2920 210 2984 τῶν
228 2914 358 3006 χρόνων
381 2922 438 3006 της
462 2923 522 2991 τοῦ
540 2925 686 3009 σωτῆρος
710 2918 805 3010 ἡμων
818 2919 929 3010 Ἰησοῦ
951 2923 1012 2990 τοῦ
1029 2931 1113 3008 Χρι-

144 3021 224 3087 στοῦ
242 3027 428 3107 παρουσίας
447 3022 689 3109 διαμεμένηκεν
703 3019 724 3111 ἥ
737 3051 772 3092 τε
786 3026 853 3091 των
869 3019 1042 3092 Ἰουδαίων
1056 3024 1111 3091 καλ

115 3149 128 3188 ι
143 3125 379 3209 Δαμασκηνῶν
398 3127 569 3209 βασιλεία,
593 3125 675 3211 μετὰ
699 3125 736 3192 δὲ
753 3121 814 3211 τήν
840 3131 888 3204 είς
906 3123 1033 3206 πάντας
1051 3120 1113 3191 ολν-

142 3219 301 3307 θρύπους
320 3220 518 3310 ἐπιφάνειαν
536 3221 640 3293 αῦτοῦ
659 3221 853 3306 ἀκολούθως
871 3229 911 3316 τῇ
930 3224 1113 3314 προρρήσει
1125 3247 1151 3290 ω

116 3493 119 3497 .
212 3453 244 3501 19
263 3453 308 3500 Es.
323 3455 383 3516 τ,4.
