2326 3818
309 109 745 164 οοαοαοο.ωνααο,α.π
960 109 1017 170 127

57 271 148 320 σκων
183 245 265 341 πρός
301 248 380 330 τούς
421 245 555 337 ἆσεβεῖς
590 243 611 273 “
619 248 922 338 καταλειφθήσεται
957 249 1022 342 γαρ
1041 287 1057 326 ιι

55 349 91 421 τδ
116 348 221 441 ὄνομα
244 346 341 440 ὑμῶν
365 357 412 432 εἰς
439 341 636 441 πλησμονὴν
658 365 727 432 τοῖς
755 354 919 433 ἐκλεκτοῖς
949 383 1027 442 μου,

54 448 141 542 ὑμᾶς
168 450 204 523 δ’
239 452 354 522 ἀνελεῖ
380 450 503 542 κύριος.
545 468 614 534 τοῖς
639 452 677 522 δέ
703 450 947 524 δουλεύσουσίυ
972 485 1028 544 μοι

55 552 259 644 κληθήσεται
270 550 375 643 όνομα
392 550 538 626 καινόν.”

29 687 42 727 5
138 655 180 726 Τδ
210 653 252 745 δὴ
269 646 332 726 οὖν
358 653 463 747 ὄνομα
481 653 618 745 καινόν,
642 652 661 725 δ
686 653 731 745 μὴ
751 653 841 745 παρὰ
866 673 935 736 τοῖς
960 683 1026 725 πα-

57 768 163 841 λαιοῖς
177 766 335 848 ἔγνωστο,
354 776 452 830 ποῖον
470 755 513 830 διν
532 771 585 847 είη
607 751 684 847 ἢτδ
707 754 772 828 ιἰπδ
795 758 853 846 τῆς
877 762 938 828 τοὺ
959 780 1027 828 σω-

55 865 153 950 τῆρος
176 855 272 950 ἡμων
291 858 401 950 Ἰησοῦ
424 864 486 931 τοῦ
509 863 658 950 Χριστοῦ
682 867 918 952 προσωνυμίας
942 857 1024 930 καθ’

56 960 134 1053 ὅλης
148 966 206 1053 της
223 965 421 1053 οἰκουμένης
436 960 661 1053 εὐλογημένον
675 966 887 1051 Χριστιανῶν
901 960 1025 1052 όυομας

337 1130 375 1204 ν’.
402 1127 480 1202 Ἀπδ
498 1128 735 1221 τοῦ“Μιχαίου.

17 1299 42 1338 10
136 1271 206 1335 145.
231 1264 250 1291 “
260 1269 328 1337 Καὶ
347 1274 438 1337 ἔσται
458 1270 564 1355 ἕκτης
583 1263 743 1354 σταγόνος
766 1273 826 1335 τοῦ
850 1275 933 1337 λαοῦ
951 1267 1025 1338 τού·

56 1397 115 1439 του
141 1365 379 1456 συναγόμενος,
404 1365 653 1457 συναχθήσεται
681 1362 798 1454 Ἰακώβ
822 1366 888 1436 σὺν
911 1375 1023 1439 πᾶσιν.

57 1467 272 1559 ἐκδεχόμενος
291 1469 463 1559 ἐκδέξομαι
480 1469 557 1551 τούς
568 1475 790 1549 καταλοίπους
803 1472 863 1538 τοῦ
877 1467 1022 1559 Ἰσραήλ·

57 1573 111 1640 ἐπὶ
128 1567 165 1640 τό
184 1567 267 1641 αὐτό
281 1568 430 1661 θήσομαι
447 1569 510 1661 τὴν
527 1568 746 1661 ἀποστροφὴν
763 1567 908 1642 αὐτι”ν.”
1041 1617 1095 1671 [53]

134 1678 204 1744 146.
245 1670 447 1763 Συμφοόνως
482 1691 551 1754 τοῖς
591 1685 845 1762 προεκτεθεϊσιυ
887 1677 923 1742 ἐκ
963 1678 1023 1743 τοῦ

17 1808 41 1848 15
50 1772 190 1846 Ἡσαΐου
220 1775 277 1846 καλ
311 1773 329 1845 ὁ
366 1782 514 1865 Μιχαίας
542 1778 741 1859 ἐκδέξασθαι
767 1774 826 1845 τὸν
851 1774 935 1845 θεὸν
964 1772 1025 1865 οὐχ
1038 1819 1082 1868 (8,,

54 1874 168 1960 ἁπλῶς
195 1875 333 1965 πάντας,
353 1875 438 1948 ἀλλά
460 1876 584 1967 μόνους
601 1877 679 1960 τοὺς
704 1884 926 1957 καταλοίπους
949 1875 1023 1947 ὀνο·
1109 1898 1115 1913 ’

55 1976 155 2068 μείξει.
193 1976 307 2066 ὥσπερ
327 1980 364 2049 δὲ
382 1979 472 2070 παρὰ
490 1983 537 2073 τῷ
550 1978 670 2072 Ἡσαΐᾳ
688 1981 819 2069 σπέρμα
838 1974 1023 2068 ὠνομάζετο

54 2079 90 2148 τὸ
106 2083 139 2162 ἐξ
154 2076 265 2150 αὐτων
283 2089 416 2171 λεῖμμα,
435 2079 542 2163 οὕτως
566 2085 622 2152 καὶ
645 2085 711 2152 νῦν
733 2079 879 2170 σταγόνα
903 2077 1023 2171 ὄνομα·

56 2189 100 2264 ζει
119 2179 196 2262 τοὺς
215 2185 248 2264 ἐξ
271 2180 382 2252 αὐτῶν
401 2186 670 2272 σωθησομένους.
715 2188 785 2252 147.
808 2189 966 2271 δηλοῦται
986 2184 1024 2253 δὲ

16 2317 42 2355 20
56 2283 111 2351 καὶ
140 2281 195 2358 διὰ
219 2280 347 2353 τούτων
369 2278 387 2352 ό
411 2287 480 2353 τῶν
509 2280 704 2354 ἀποστόλων
727 2284 839 2373 χορὸς,
874 2280 917 2365 ὦς
943 2308 1024 2354 στα-

55 2383 126 2472 γω’ν
138 2413 188 2466 τις
205 2386 262 2454 καὶ
280 2389 410 2474 σπέρμα
428 2389 487 2455 τοῦ
498 2383 671 2455 Ἰουδαίων
699 2392 821 2466 ἔθνους
845 2387 1024 2472 γεγευημέ-
1078 2410 1080 2413 ’

55 2514 123 2574 νος,
145 2489 177 2569 ἐξ
195 2475 233 2574 ἦς
246 2485 407 2576 σταγόνος
425 2485 548 2569 πάντες
566 2492 600 2557 οί
616 2482 800 2574 καθ’·ὅλης
823 2489 881 2575 της
909 2492 1024 2556 οίκου-

55 2591 156 2677 μένης
173 2587 233 2659 τόν
251 2586 396 2679 Χριστόν
414 2588 637 2676 ἐπεγνωκότες
661 2593 719 2658 τοῦ
743 2594 846 2676 θεοῦ,
882 2589 938 2670 καί
962 2588 1027 2676 τὴν

58 2695 281 2761 διδασκαλίαν
298 2689 402 2762 αὐτοῦ
420 2693 723 2781 παραδεδεγμένοι,
747 2694 804 2780 τῆς
823 2693 1023 2780 θεσπιζομέ-

16 2824 42 2864 ιο
56 2819 116 2878 υης
141 2794 392 2882 ἐπισυναγωγῆς
406 2793 678 2884 κατηξιώθησαν,
703 2792 766 2882 τὴν
783 2789 849 2861 ἆπδ
867 2797 935 2862 τῶν
962 2819 1024 2861 πο-

57 2899 182 2981 λεμίων
196 2891 364 2981 λύτρωσιν
382 2892 569 2985 εὑρόμενοι.

134 2998 202 3062 148.
225 2988 316 3063 “Kal
340 2994 384 3066 σύ
401 2996 556 3085 Βηθλεὲμ
580 2997 670 3077 ολκος
687 2974 748 3066 τοῦ
763 2992 933 3085 Ἐφραθδι,
952 2991 1054 3076 ὀλι-ι,

55 3094 172 3183 γοστός
192 3095 222 3164 εί
240 3098 277 3166 ἐν
294 3094 438 3186 χιλιάσιν
453 3093 571 3168 Ἰούδα.
609 3102 645 3169 ἐκ
663 3102 724 3170 σου
742 3127 798 3187 μοι
817 3096 1022 3180 ἐξελεύσεται

55 3194 249 3287 ἡγούμενος,
268 3201 328 3269 τοῦ
346 3198 432 3270 εἶναι
444 3205 491 3282 εἰς
504 3196 650 3289 ἄρχοντα
660 3204 707 3294 τῷ
720 3197 863 3290 Ἰσραὴλ,
882 3203 937 3268 καὶ
952 3201 1024 3282 ἐξο-

126 3434 314 3495 ιωωω
421 3433 867 3498 ιωωωαωωωμ
