2326 3818
550 164 702 216 EUSEBII

455 368 536 441 Ἀπὸ
553 374 614 441 τού
625 366 794 460 Ἱερεμίου.

219 505 261 577 V.
282 501 467 598 “Ἁμαρτία
487 502 597 577 Ἰούδα
619 507 803 598 γέγραπται
828 509 864 575 έν
886 511 1040 599 γραφείῳ
1061 529 1113 577 σι-

143 612 252 703 δηρῷ,
272 611 308 679 ἐν
320 605 416 697 ὅνυχι
433 605 667 700 άδαμαντίνφ,
691 609 957 696 έγκεκολαμμένη
982 608 1037 676 ἐπὶ
1054 611 1114 678 τοῦ

115 709 289 801 οστήθους
319 715 377 799 τῆς
408 715 549 800 καρδίας
573 705 693 796 αὐτοῦ,
724 710 780 777 καὶ
809 724 878 788 τοῖς
904 710 1020 796 κέρασι
1045 713 1115 780 τῶν

141 819 395 901 θνσιαστηρίων
420 809 525 899 ἡμῶν.
572 805 673 898 ἡνίκα
696 807 962 898 ἀναμνησθῶσιν
989 815 1024 879 οί
1044 813 1138 881 υίοὶι

142 912 257 985 αὐτοῖν
281 912 321 982 τά
344 909 570 1002 θυσιαστήρια
594 909 726 997 αὐτῶν,
752 912 808 980 καὶ
832 907 872 979 τά
890 907 975 998 άλση
1000 906 1115 983 αύτοὸν

143 1018 198 1084 ἐπὶ
216 1012 319 1098 ξύλου
338 1014 473 1102 δασέος,
495 1014 551 1082 καὶ
570 1014 624 1082 ἐπὶ
642 1015 778 1099 βοννων
795 1009 990 1101 μετεώρων,
1017 1010 1116 1102 ίσχύν

143 1137 206 1186 σου
229 1117 284 1186 καὶ
308 1112 435 1194 πάντας
457 1111 534 1196 τούς
560 1111 755 1202 θησαυρούς
778 1132 841 1183 σου
871 1119 917 1194 είς
941 1113 1115 1204 προνομὴν

145 1215 262 1306 δύσω,
287 1218 342 1285 καλ
368 1213 408 1285 τά
430 1210 545 1305 ὑψηλά
568 1235 630 1285 σου
656 1218 693 1285 έν
716 1209 861 1306 άμαρτίηι
886 1218 922 1284 ἐν
945 1222 1027 1285 πάσι
1045 1233 1115 1298 τοῖς

143 1316 248 1407 ὁρίοις
265 1338 336 1388 σου.
372 1317 429 1387 καὶ
455 1313 686 1408 ἀφαιρεθήσῃ,
711 1319 767 1386 καὶ
790 1315 1030 1406 ταπεινωθήση
1049 1313 1115 1388 άπδ
1128 1343 1152 1383 ιο

142 1425 201 1509 τῆς
225 1426 446 1510 κληρονομίας
470 1408 510 1506 ἧς
534 1416 643 1488 ἔδωκά
661 1439 730 1506 σοι,
755 1419 812 1487 καὶ
837 1415 990 1505 άναβιβά
1014 1441 1053 1487 σε
1077 1423 1115 1489 έν

142 1537 212 1602 τοῖς
238 1524 369 1611 ἐχθροῖς
394 1540 473 1606 σου,
500 1523 536 1590 έν
559 1526 600 1610 τῇ
624 1523 669 1611 γῇ
691 1509 794 1610 ,ἧούκ
819 1525 942 1608 ἔγνως,
968 1517 1019 1588 ὅτι
1043 1527 1114 1610 πῦρ

55 1644 58 1649 ’
144 1624 339 1692 ἐκκέκαυται
370 1626 407 1691 έν
437 1624 484 1714 τῷ
507 1625 607 1716 θυμῷ
638 1650 720 1710 μου,
752 1626 814 1702 ἕως
838 1625 959 1702 αίάνος
983 1620 1116 1710 κανθή-

144 1719 280 1793 σεται.”“

220 1829 251 1893 2.
276 1831 321 1894 El
342 1827 397 1895 καὶ
421 1824 466 1914 μὴ
490 1823 580 1914 παρά
604 1841 673 1905 τοις
696 1821 739 1910 ο’,
764 1819 837 1892 ἀλλ’
859 1815 922 1894 οὖν
944 1852 983 1912 γε
1007 1828 1044 1893 έν
1067 1831 1115 1917 τῷ
1129 1850 1153 1891 ιε

138 1922 302 2020 Ἐβραϊκῷ
315 1933 419 1997 ταῦτα
433 1920 587 2016 εὑρόντες
601 1927 656 1993 καὶ
672 1928 709 1994 έν
717 1939 789 2003 ταῖς
798 1928 865 1995 των
874 1928 999 1995 λοιπῶν
1013 1927 1115 2014 ἑρμη-

143 2031 274 2094 νευτων
299 2025 491 2112 έκδόσεσιν,
516 2032 563 2093 ἔτι
587 2024 654 2113 μὴν
676 2025 758 2114 μετά
776 2030 995 2114 παραθέσεως
1018 2020 1116 2096 άστε-

145 2133 272 2216 ρίσκων
290 2129 345 2195 καὶ
365 2132 401 2196 ἐν
419 2142 487 2209 τοῖς
511 2121 662 2216 ἀκριβέσι
685 2131 754 2196 τοῖν
777 2126 867 2213 παρά
884 2145 954 2210 τοῖς
973 2127 1116 2217 ἑβδομή-

77 2253 131 2304 (485)
145 2255 247 2296 κοντα
259 2225 488 2318 ἀντιγράφοις,
506 2223 696 2317 ἀναγκαίως
708 2226 794 2298 αύτά
808 2232 1039 2319 παρεθέμεθα,
1059 2226 1116 2299 άτε

145 2331 201 2398 καὶ
219 2325 377 2419 ὀνομαστὶ
395 2329 453 2401 τὸν
471 2329 639 2421 προδότην
652 2326 759 2402 Ἰούδα
776 2334 960 2418 δηλοῦντα,
979 2333 1035 2400 καὶ
1053 2331 1116 2420 τὴν
1128 2362 1154 2402 ω

145 2434 384 2521 πεπραγμένην
401 2428 490 2525 αύτῷ
515 2426 680 2521 ἁμαρτίαν
703 2428 941 2514 άνεξάλειπτον
959 2432 1046 2503 εἶναι
1065 2439 1118 2503 δι-

147 2531 322 2604 δάσκοντα.
346 2536 443 2604 τούτο
461 2530 523 2621 γάρ
543 2540 754 2603 αἰνίττεσθαί
764 2562 819 2622 μοι
834 2539 930 2604 δοκεῖ
943 2532 979 2604 τὸ
989 2529 1117 2624 “άμαρ-

143 2640 198 2703 τία
212 2629 321 2705 Ἰούδα
341 2638 561 2723 ἐγγέγραπται
581 2637 617 2703 έν
635 2643 786 2728 γραφείῳ
806 2640 946 2728 σιδηρῷ,
966 2640 1002 2706 έν
1019 2633 1117 2725 όνυχι

145 2731 395 2827 άδαμαντίνῳ.”
432 2739 461 2803 3.
482 2745 534 2821 εἴη
553 2733 585 2802 δ’
600 2731 642 2804 ἀν
660 2739 715 2804 καὶ
735 2737 789 2805 ἐπὶ
807 2732 875 2806 πάν
892 2736 929 2806 τδ
944 2733 1116 2808 Ἰουδαίων

146 2839 246 2913 έθνος
263 2830 508 2924 ἀναφερόμενα,
528 2832 577 2918 οἷς
593 2839 665 2925 ἑξῆς
679 2840 734 2907 καὶ
749 2835 944 2919 ἀκολούθως
958 2835 1038 2928 μετά
1053 2836 1116 2927 τὴν
1129 2869 1156 2909 25

78 2961 131 3016 [σοι]
145 2931 382 3016 άνεξάλειπτον
399 2934 512 3007 αὐτῶν
526 2935 684 3027 ἀσέβειαν
701 2936 759 3009 τδν
776 2937 982 3028 μετελθόντα
996 2938 1118 3022 αύτούς

145 3041 286 3125 ἔσχατον
302 3035 447 3128 ὄλεθρον
464 3037 611 3129 ἀπειλεῖ,
640 3037 724 3130 άπερ
743 3038 826 3110 κατά
845 3042 935 3124 λέξιν
953 3040 1117 3134 ἑρμηνεύ-

146 3164 197 3208 ειν
215 3135 255 3208 ού
273 3144 332 3209 τού
350 3137 513 3231 παρόντος
531 3139 689 3231 τυγχάνει
706 3146 835 3230 καιροῦ.

116 3271 131 3312 ε
217 3238 316 3310 Ἀλλά
334 3241 396 3332 γάρ
414 3241 584 3312 τοσούτων
601 3245 755 3335 περὶτοῦ
773 3241 962 3334 προδώσειν
979 3247 1116 3335 μέλλον·

201 3471 296 3520 2Jer.
311 3474 354 3541 17,
371 3476 393 3528 1.
433 3472 516 3527 Conf.
530 3489 613 3543 supra
625 3491 651 3543 p.
666 3476 730 3527 5410.
