2326 3818
118 115 181 179 296
522 113 672 165 ευεεειι

119 285 174 336 τος
192 251 355 342 άξιιάματί
370 282 405 324 τε
424 256 480 323 καί
498 259 705 343 προσηγορίᾳ
723 259 902 341 τετίμηται,
930 252 1039 340 λόγον
1057 257 1100 327 δδ

120 361 203 427 θεοῦ
236 353 339 425 αὐτὸν
367 358 422 425 καὶ
447 361 537 443 φῦς,
562 356 619 424 καί
642 351 729 441 ζωὴν
759 356 814 422 καὶ
838 351 1008 440 ἀλήθειαν
1039 360 1101 429 καί

92 460 175 527 ιέπὶ
199 463 279 527 πάσι
305 455 450 546 Χριστὸν
473 464 561 527 θεοῦ
592 454 737 544 δύναμιν
770 457 825 525 καί
853 459 938 525 θεοῦ
964 467 1100 545 σοφίαν

120 557 382 647 προσαγορεύειν
406 557 646 649 μεμαθήκαμεν
692 562 721 626 5.
756 553 819 644 ἤδη
849 546 912 626 οῦν
939 556 979 627 τά
1010 561 1098 647 μετὰ

120 679 232 751 χεῖρας
251 656 351 740 αύτὸς
374 663 450 745 περὶ
470 662 610 744 ἑαυτοῦ,
634 655 678 738 ὡς
701 652 744 726 άν
772 660 857 727 θεοῦ
882 665 985 746 σοφία
1006 666 1124 743 ζῶσαι

121 767 175 833 καί
194 758 275 832 καθ’
296 760 403 847 αὑτὴν
420 760 617 847 ύφεστιῦσα,
642 757 694 829 δι’
722 762 784 829 τοῦ
808 756 1006 846 σοφωτάτου
1025 774 1099 833 Σο-

121 871 269 954 λομῶνος
289 863 488 951 διεξέρχεται
501 856 589 947 “ε’γιῦ
608 858 628 947 ἡ
644 868 746 948 σοφία
760 858 999 947 κατεσκήνωσα
1012 869 1097 949 βου·

122 965 203 1053 λὴν,
235 965 289 1032 καί
314 966 441 1050 γνῶσιν
465 964 520 1031 καὶ
548 968 683 1031 ἔννοιαν
712 958 775 1049 ἐγιδ
806 961 1096 1051 ἐπεκαλεσάμην,”

122 1069 177 1134 καί
200 1063 239 1134 τά
266 1063 394 1143 τούτοις
421 1061 610 1151 ἐπαγόμενα
634 1065 750 1151 λέγων.
801 1068 829 1131 6.
858 1060 942 1133 άλλά
966 1066 1025 1132 καί
1051 1061 1097 1147 ὥς

123 1166 184 1252 τὴν
202 1169 269 1234 των
287 1164 376 1235 ὅλων
396 1171 561 1253 διοίκησιν
580 1168 635 1234 καλ
649 1163 811 1251 πρόνοιαν
825 1159 1097 1253 ἀναδεδεγμένος
1110 1198 1133 1237 ιο

124 1270 274 1355 ἐπιφέρει
288 1262 360 1336 “δι’
382 1269 462 1355 ἐμοῦ
480 1273 628 1353 βασιλεῖς
646 1263 879 1352 βασιλεύουσι,
905 1267 1016 1334 καλοί
1031 1273 1095 1338 δυ·

124 1367 242 1440 νάσται
261 1367 430 1458 γράφουσι
449 1365 678 1454 δικαιοσύνην.
721 1364 766 1437 δι’
789 1369 870 1454 ἐμοῦ
894 1375 1097 1454 μεγιστᾶνες

123 1466 396 1560 μεγαλύνονται.”
433 1469 502 1540 εἶτα
522 1466 625 1539 είποδν
643 1466 890 1557 μνημονεύσειν
907 1466 948 1536 τά
966 1471 1000 1550 ἐξ
1015 1475 1097 1539 aloi-

123 1602 180 1655 νος
205 1570 319 1659 ἐπάγει
352 1574 461 1658 λέγων
489 1568 626 1660 “κύριος
657 1573 768 1640 ἔκτισί
794 1598 836 1658 με
865 1566 973 1657 ἀρχὴν
1002 1565 1099 1643 δδαῖν

124 1671 229 1744 αύτοῦ
255 1681 301 1752 είς
328 1680 407 1761 ἔργα
425 1670 548 1759 αὐτοῦ,
574 1668 636 1758 πρδ
660 1676 720 1741 τοῦ
743 1677 866 1751 αίιῦνος
889 1674 1100 1758 ίθεμελίοσί
1111 1704 1134 1745 ιι

55 1805 109 1859 μοι)
124 1772 192 1863 με.”
237 1772 275 1843 δι’
299 1763 348 1843 οῦν
371 1771 453 1862 ὁμοῦ
471 1776 526 1842 καί
550 1770 711 1860 γεννητὸν
730 1769 860 1859 ἑαυτὸν,
878 1769 953 1860 ούχλ
978 1772 1017 1841 δὲ
1035 1772 1098 1844 τὸν

123 1873 227 1946 αῦτῦν
244 1872 324 1946 ῦντα
342 1881 387 1965 τῷ
407 1871 578 1964 άγενυήτφ
598 1871 766 1961 διδάσκει,
786 1871 849 1959 πρὸ
868 1869 992 1952 παντὸς
1010 1879 1098 1944 aloi-

123 2006 179 2058 νος
197 1974 422 2062 οῦοιωμίνον,
445 1981 606 2061 θεμελίου
630 2002 667 2043 τε
690 1972 813 2061 τρόπον
836 1979 904 2044 τῶν
921 1981 1098 2064 γεννητῶν

123 2075 282 2146 ἁπάντων
307 2081 588 2164 προβεβλημένον.
639 2082 665 2145 7.
697 2071 780 2146 ὅθεν
803 2075 861 2145 τόυ
884 2086 984 2145 θεῖον
1007 2073 1095 2147 άπύ·

127 2187 246 2249 στολου
265 2174 351 2257 είκὸς
368 2171 564 2267 ὁρμώμενον
581 2175 778 2265 περὶαύτοῦ
796 2175 919 2265 φάναι,
942 2172 979 2256 ῦς
1003 2179 1097 2249 ἐστιν
1110 2212 1138 2254 ιι

125 2277 224 2350 είκῦν
241 2283 301 2350 τοῦ
320 2276 482 2368 άοράτου,
506 2277 712 2366 πρωτότοκος
737 2276 844 2367 πάσης
867 2284 1024 2363 κτίσεως,
1043 2274 1098 2350 ῦτι

125 2387 161 2452 ἐν
179 2380 269 2475 αῦτςῦ
296 2385 433 2470 ἐκτίσθη
457 2377 497 2450 τά
523 2378 648 2465 πάντα,
673 2377 713 2449 τά
738 2385 775 2450 ἐν
798 2384 844 2471 τῷ
869 2377 1003 2470 ούρανῷ
1036 2384 1096 2451 καὶ

124 2481 163 2553 τά
182 2487 236 2554 ἐπὶ
253 2488 311 2570 της
335 2487 403 2571 γῆς,
444 2479 651 2570 πρωτότοκος
668 2482 732 2569 μὲν
749 2479 812 2569 γάρ
830 2479 937 2566 πάσης
955 2478 1098 2569 ιἰνείρη·

95 2615 176 2663 ,ται
195 2594 333 2664 κτίσεως
357 2581 440 2653 κατά
465 2586 502 2652 τὸ
520 2576 658 2669 ’κύριος
681 2586 791 2652 ἕκτισί
813 2608 854 2668 με
878 2578 985 2670 ἀρχὴν
1002 2575 1097 2653 ὁδῶν

124 2683 229 2756 αῦτοῦ
248 2693 294 2765 είς
313 2692 393 2773 ἔργα
411 2679 544 2753 αὐτοῦ.”
585 2698 695 2753 νοοῖτο
715 2681 745 2753 δ’
767 2678 810 2753 άν
838 2680 972 2764 είκότως
991 2681 1096 2753 εἰκών
1108 2715 1135 2756 ιε

123 2791 183 2855 τοῦ
213 2790 315 2871 θεοῦ,
346 2778 392 2864 ιῦς
415 2777 458 2853 άν
482 2786 631 2872 γέννημα
660 2787 718 2873 τῆς
748 2781 934 2872 ιἰγεννητον
958 2781 1097 2872 φύσεως

123 2884 306 2974 τυγχάνων.
341 2891 369 2956 8.
398 2888 494 2955 τοῦτο
513 2881 545 2954 δ’
566 2876 628 2956 οῦν
647 2890 683 2957 ἐν
699 2904 768 2967 τοῖς
786 2884 867 2975 μετά
887 2902 998 2974 χεῖρας
1012 2883 1095 2974 ὁμο-

125 2995 217 3074 λογεῖ
240 2984 278 3056 δι’
308 2977 357 3056 ῦν
380 3011 463 3075 φησι
484 2984 569 3075 ’πρὸ
594 2990 654 3058 τοῦ
677 2984 738 3077 ὄρη
763 2989 992 3075 ἑδρασθῆναι,
1022 2987 1094 3073 καὶ,

125 3088 188 3174 πρὸ
208 3090 244 3158 δὲ
262 3088 398 3158 πάντων
416 3093 551 3174 βοννοῦν
569 3092 672 3179 γεννᾷ
689 3084 758 3177 με.”
779 3095 881 3159 ἐνθεν
899 3083 1002 3158 αύτόν
1015 3086 1095 3157 νίῦν

124 3196 289 3279 μονογενῆ
313 3192 369 3260 καὶ
396 3187 606 3277 πρωτότοκον
636 3193 697 3259 τοῦ
724 3193 808 3260 θεοῦ
838 3188 938 3276 λόγου
969 3183 1090 3275 άναγο·
1104 3219 1134 3260 ω

192 3423 208 3471 3
226 3424 239 3470 1
255 3421 315 3472 cor.
330 3424 354 3484 1,
367 3424 408 3474 ει.
530 3424 561 3470 21
582 3421 641 3472 001.
656 3424 680 3484 1,
696 3424 736 3472 ιε.
863 3424 898 3471 ει
914 3421 995 3497 Ριοι.
1009 3421 1034 3482 ε,
1047 3421 1090 3474 ει.
