2326 3818
126 110 190 175 500
358 154 361 158 .
533 110 684 162 υυεουιι

126 249 188 339 τήν
207 257 254 330 είς
271 254 459 336 Βαβυλῶνα
478 255 707 339 αἰχμαλωσίαν
724 246 802 330 τούς
814 253 850 319 ἐκ
863 255 972 340 φυλῆς
985 248 1097 322 Ἰούδα

126 355 186 422 τού
204 347 326 432 παντός
344 359 468 432 ἔθνους
486 348 685 441 ῆχήσασθαι.
730 355 781 419 32.
801 356 837 420 τί
853 357 907 421 δεῖ
922 355 1033 440 λέγειν
1052 351 1096 436 ὡς

127 449 208 542 μετά
230 453 292 540 τήν
317 449 382 521 ἀπό
405 457 608 540 Βαβυλῶνος
633 449 800 522 ἐπάνοδον
824 443 924 535 αὖθις
946 451 1031 543 ὑπὲρ
1056 453 1096 524 τά

127 553 330 624 πεντακόσια
344 558 400 642 ἔτη
410 555 504 643 μέχρι
518 559 575 641 τῆς
589 558 648 622 τού
656 556 803 642 Χριστοῦ
816 556 978 641 γενέσεως
994 559 1096 626 διετί-

128 666 230 725 λεσαν
243 663 393 746 πολιτείᾳ
406 653 570 743 χρώμενοι
583 649 849 746 ἀριστοκρατικῇ,
864 658 932 725 τῶν
941 657 1003 744 μὲν
1013 654 1120 726 κατάι

127 755 267 846 χρόνους
285 754 466 846 ἀρχιερέων
489 752 686 844 ἡγουμένων
708 761 769 824 τοῦ
792 762 930 844 ἔθνους,
957 752 1096 840 ούδενδς

129 859 165 927 δὲ
191 861 226 926 ἐκ
248 862 307 944 τῆς
330 858 391 925 τοῦ
403 853 513 925 ’Ἰούδα
530 858 655 945 φυλῆς;
682 853 766 926 ὥστε
791 860 823 939 ἐξ
841 852 1001 927 ἀπάντων
1017 857 1098 929 τού-

127 988 194 1029 των
212 963 439 1047 παρίστασθαι
464 954 509 1046 μή
536 958 590 1026 ἐπὶ
614 954 672 1025 τὸν
689 960 821 1044 πρῶτον
840 961 969 1029 ἐκεῖνον
988 957 1098 1050 ἀνδρα

127 1057 186 1128 τόν
199 1056 346 1146 Ἰούδαν,
370 1059 453 1147 μηδὲ
479 1060 532 1127 ἐπὶ
550 1055 627 1139 τούς
648 1055 824 1148 διαδόχους
848 1056 951 1131 αύτοῦ
969 1056 1099 1151 ἀναφέ-

100 1173 249 1250 ιρεσθαι
280 1156 316 1229 τό
348 1157 479 1248 φάσκον
508 1157 622 1247 λόγιον
641 1155 726 1229 “ούκ
750 1164 895 1245 ἐκλείψει
925 1158 1037 1251 άρχων
1063 1166 1096 1246 ἐξ
1111 1193 1135 1234 10

123 1259 243 1348 Ἰούδα,
262 1259 342 1331 ούδδ
359 1259 544 1350 ἡγούμενος
563 1265 600 1330 ἐκ
616 1267 684 1331 τῶν
696 1268 814 1350 μηρῶν
827 1259 968 1351 αύτοῦ,”
987 1264 1098 1353 μόνως

130 1360 162 1431 δ’
183 1359 227 1433 ἀν
250 1369 392 1452 συσταίη
414 1362 455 1432 τὰ
479 1358 560 1432 κατά
585 1360 643 1433 τὸν
659 1359 778 1452 τόπου,
804 1371 835 1434 εί
857 1363 939 1434 κατά
956 1361 996 1434 τά
1015 1362 1099 1456 πρό-

127 1477 213 1535 σθεν
232 1463 311 1553 ῆμϊυ
329 1462 560 1552 ἀποδεδομένα
574 1466 650 1552 περὶ
663 1470 722 1551 τῆς
732 1467 841 1555 φυλῆς
855 1463 984 1553 ἀπάσης
1003 1468 1099 1555 λέγε·
1139 1456 1141 1460 ’

127 1579 210 1636 σθαι
232 1572 336 1635 ταῦτα
361 1563 553 1655 νοήσαιμεν.
598 1570 648 1637 33.
669 1562 754 1655 αύτη
781 1573 865 1655 γοῦν
884 1570 915 1649 ἐξ
934 1566 1097 1657 ἀρχῆθεν,

128 1671 161 1750 ἐξ
172 1665 284 1737 αὐτῶν
297 1669 365 1736 ταῖν
378 1665 460 1736 κατὰ
468 1668 595 1737 Μυσία
608 1665 751 1757 χρόνων,
765 1670 826 1737 τοῦ
839 1664 961 1748 παντός
975 1675 1099 1751 ἔθνους
1114 1698 1139 1740 ιι

127 1766 288 1857 ῆγήσατο·
322 1766 405 1837 κατά
423 1771 506 1856 χοῦν
524 1766 586 1856 τήν
602 1766 724 1855 ταύτης
743 1767 972 1856 ἐπικράτειαν,
992 1768 1036 1849 ὡς
1055 1766 1099 1840 άν

127 1865 277 1959 ἀρχῆθεν
299 1864 457 1958 ῆχείσθαι
480 1871 791 1959 προκεχειρισμένης
816 1864 882 1937 ύπὸ
911 1872 971 1936 τοῦ
998 1874 1098 1959 θεοῦ,

117 1967 269 2041 7Ἰουδαία
286 1999 321 2040 τε
341 1971 440 2040 είσέτι
457 1974 524 2039 νῦν
541 1967 606 2038 ἀπὸ
623 1971 681 2055 τῆς
699 1970 808 2056 φυλῆς
826 1961 846 2056 ῆ
864 1994 900 2036 τε
917 1965 1009 2057 χώρα
1028 1971 1099 2063 ἐπιῇ

128 2072 282 2158 κέκληται
301 2074 356 2140 καὶ
373 2070 409 2141 τό
431 2076 498 2140 πάν
513 2068 626 2140 αὐτῶν
639 2066 788 2158 σύστημα
802 2066 976 2139 Ἰουδαίων
994 2092 1100 2158 προσ-

129 2169 333 2260 αχορεύεται.
383 2170 469 2242 οὕτω
498 2179 616 2242 τοίνυν
645 2168 826 2260 νοήσαιμεν
855 2168 1099 2260 τὸλεγόμενον
1114 2205 1140 2246 εο

60 2304 114 2359 1231]
131 2269 175 2354 άς
200 2281 231 2344 εί
252 2276 458 2363 σαφέστερον
481 2281 613 2360 ἔλεγεν,
639 2270 702 2342 οὐκ
727 2275 871 2358 ἐκλείψει
898 2277 958 2342 τοῦ
976 2273 1099 2356 παντὸς

61 2409 115 2459 (ωε)
132 2385 255 2456 ἔθνους
272 2374 440 2465 ῆχουμέυη
458 2372 551 2463 ῆτοῦ
564 2372 673 2447 Ἰούδα
690 2373 789 2463 φυλή.
815 2379 865 2444 34,
881 2372 899 2444 ὁ
914 2374 1098 2465 χοῦυΣύμ-

129 2508 230 2568 μαχυς
263 2472 327 2547 ’ὀύ
358 2472 671 2569 περιαιρεθήσεται”
708 2478 813 2564 φησίν
845 2470 1002 2558 “ἐξουσιά
1032 2472 1098 2547 ἀπό

124 2573 270 2665 Ἰούδα,”
288 2577 325 2647 τὸ
344 2579 590 2658 ἐξουσιαστικδυ
609 2575 718 2664 δήπου
736 2579 791 2646 καλ
815 2573 953 2666 ἀρχικόν
971 2573 1099 2667 ἀξίωμα

128 2684 187 2769 τῆς
211 2675 293 2768 μετά
316 2681 419 2746 ταῦτα
443 2673 632 2764 ὑποστάσης
655 2681 715 2746 τοῦ
735 2673 844 2747 Ἰούδα
867 2682 976 2767 φυλῆς
1002 2693 1098 2770 παρτ·
1112 2711 1139 2752 ετ

130 2778 218 2856 στάς.
255 2775 377 2864 ταύτης
395 2780 479 2864 χούν
496 2775 573 2847 ούτε
590 2776 625 2847 τό
644 2782 832 2868 σκῆπτρον,
858 2773 902 2861 ως
925 2774 943 2850 ό
958 2775 1099 2862 Ἀκύλας

129 2879 230 2967 φησὶ,
258 2881 430 2966 βασιλικῆς
456 2879 493 2948 δὲ
511 2883 606 2950 τοῦτο
625 2877 794 2968 σύμβολον
812 2871 854 2968 ῆν
878 2878 996 2971 ἀρχῆς,
1021 2880 1099 2953 ούτε

130 2980 193 3067 τήν
212 2983 366 3062 ἐξουσίαν
384 2979 467 3051 κατά
492 2979 550 3052 τόν
568 2980 753 3072 Σύμμαχον
777 2982 1100 3073 περιαιρεθήσεσθαι

131 3088 299 3170 θεσπίζει,
320 3086 381 3165 ἕως
399 3077 441 3152 ἀν
459 3091 560 3174 ἔλθη,
579 3087 700 3173 φησίν,
721 3075 942 3185 ᾦάττόκειται,
962 3087 1017 3154 καλ
1037 3081 1100 3155 αύ-

130 3183 189 3254 τδν
208 3192 345 3255 ἔσεσθαι
363 3189 431 3256 τῶν
450 3189 562 3258 ἐθνῶν
579 3192 793 3276 προσδοκίαν.
830 3191 881 3255 35.
901 3193 1002 3256 ποίαν
1019 3185 1098 3255 ταύ-
1113 3217 1139 3259 ιο

131 3313 193 3371 την
211 3292 416 3374 προσδοκίαν
428 3282 450 3376 ῆ
463 3285 524 3376 τήν
537 3284 639 3358 πάλαι
652 3290 699 3381 τῷ
713 3284 859 3377 Ἁβραάμ
873 3288 1010 3367 καὶτοῖς
1023 3285 1094 3374 μετ’

131 3381 235 3456 αὐτὸν
252 3386 457 3480 προπάτορσι
471 3389 791 3480 κεχρηματισμένηυ;
810 3387 1019 3478 πρῶτονμὲν
1036 3379 1099 3460 οὖν
