2326 3818
118 108 181 172 362
524 109 672 161 Ευευοιι

117 278 174 331 υες
198 254 233 319 οί
248 246 481 331 κυκλιόσαντες
502 244 623 338 αὐτὸν,
649 251 756 339 ἕτεροι
779 245 872 331 ὅντες
897 246 987 337 παρὰ
1011 249 1089 332 τοὺς

118 353 442 442 κρουνομασμέυους
454 348 599 441 ταύρους
613 352 669 420 καὶ
681 348 842 440 μόσχους;
861 359 941 421 ποία
952 352 990 420 δέ
1008 373 1089 422 συν·

118 450 233 541 αχωχη
249 455 530 544 κονηρευομένων
541 448 600 534 τίς
612 467 726 542 χεῖρας
739 452 780 523 οὐ
796 451 912 542 μόνον,
930 450 1015 521 ἄλλα
1032 456 1089 524 καὶ

118 553 320 636 τούςττόδας
337 558 396 626 τοῦ
413 551 609 643 τηλικούτου
628 549 779 644 ὤρυξαν,
804 550 1035 636 ἆτοδόσαυτές
1053 583 1090 625 τε

117 650 221 726 αὐτόν
242 655 283 726 τὰ
306 658 369 745 μέυ
385 684 461 727 τινα
485 661 649 726 διείλοντο
666 650 771 725 αὐτοῦ
792 660 861 726 τῶν
878 653 1115 745 ἐνδυμάτων,ε

117 754 158 826 τό
176 757 212 827 δὲ
230 759 287 828 καὶ
305 755 417 851 κλήρφ
435 755 593 846 λαχόντες
611 763 750 844 ἐλαβον;
774 764 825 840 τίς
845 757 881 826 δὲ·
898 752 919 844 ἡ
938 761 1090 846 ῥομφαία

118 860 174 928 καὶ
187 853 205 928 5
219 856 313 929 κύων
329 861 385 928 καὶ
403 853 422 928 5
439 861 542 943 λίνεος
560 865 649 939 τίνες
667 858 704 928 δὲ
716 862 751 929 οί
761 856 933 947 λεγόμενοι
950 861 1090 946 μονοκέ-

48 985 105 1038 (οι)
119 987 234 1048 ρωτες,
252 956 311 1029 τόν
329 957 537 1049 δηλούμενον
553 961 772 1048 περιέχοντες,
790 964 860 1041 πῶς
880 961 917 1029 δὲ
929 957 1012 1049 μετὰ
1028 960 1091 1048 τὴν

117 1061 200 1150 πρὸς
226 1058 407 1143 τοσούτους
429 1059 557 1150 πάλην,
586 1058 668 1150 μετὰ
691 1059 728 1130 τὸ
754 1068 802 1141 είς
830 1068 913 1150 χοῦν
934 1058 1088 1131 θανάτου

117 1165 342 1251 καταχθῆναι,
361 1165 597 1251 ἐταχχέλλεται
613 1159 650 1232 τό
668 1158 774 1251 όνομοιΙ
789 1166 851 1232 του
874 1159 997 1282 πατρὸς
1016 1169 1126 1251 don-10

116 1275 269 1352 χεῖσθαι,
295 1293 335 1334 ου
358 1270 480 1353 πᾶσιν,
505 1259 589 1332 ἀλλὰ
613 1261 727 1352 μόνοις
750 1278 820 1346 τοῖς
844 1266 966 1334 ἑαυτοῦ
990 1261 1088 1334 ἀδελ

115 1379 211 1487 φολς;
237 1372 327 1447 τίνες
349 1394 385 1436 τε
409 1395 441 1436 οι
433 1361 625 1455 αδελφοὶ,
648 1372 699 1446 τίς
715 1393 789 1454 τεη
778 1363 947 1454 ’ἐκκλησί
946 1394 984 1452 α,
1010 1369 1088 1452 περὶ

116 1493 157 1552 ης
179 1489 286 1588 φησιν
308 1461 326 1536 5
349 1495 390 1536 τα
413 1471 548 1538 τοιαύτα
570 1463 694 1537 ταθων
711 1461 774 1538 “iv
795 1469 886 1558 με’σφ
912 1470 1087 1554 ἐκκλησίας

114 1565 257 1657 ὑμνήσω
275 1565 389 1654 σε;ὀ
343 1563 420 1650 ὀἷς
434 1572 490 1639 καλ
507 1562 683 1656 ἐτιλέχει“
688 1596 733 1649 ως
750 1565 815 1656 όρα
828 1565 890 1657 οὐχ
904 1566 989 1638 ἓν
958 1596 994 1637 το
1008 1565 1088 1638 ’-Ιου

117 1674 225 1739 δαίων
242 1675 360 1758 ἐθνος,
378 1668 488 1741 πάντα
506 1671 543 1740 δὲ
561 1699 601 1741 τα
589 1668 796 1757 τιέρατα
755 1698 814 1756 της
828 1676 888 1758 γῆς
901 1668 1088 1757 συναισθη-
1101 1699 1126 1740 15

116 1792 250 1860 σονται,
269 1773 325 1841 καί
343 1770 646 1862 ἐπιστραφήσονται
663 1768 746 1859 πρὸς
763 1768 897 1861 κόριον,
913 1774 969 1840 καὶ
986 1796 1088 1860 τροσ·

116 1869 324 1960 κυνήσουσιν
354 1871 500 1945 ἐνοίκων
530 1871 635 1943 αὐτοῦ
666 1876 770 1942 πᾶσαι
799 1877 837 1941 αί
861 1874 994 1959 τιατριαλ
1019 1874 1087 1940 τῶν

118 1969 273 2058 ἐθνῶν;”
301 1976 357 2043 καὶ
376 1973 418 2043 σύ
437 1976 474 2046 δέ
491 1971 582 2062 παρὰ
601 1977 714 2064 σαυτῷ
739 1979 924 2062 βασανίσας
942 1970 1086 2060 ἑκάστην

88 2074 208 2154 ολεῈιν
232 2076 295 2143 τοῦ
316 2077 460 2162 Ψαλμοῦ
482 2078 548 2146 θέα
572 2082 604 2145 εί
626 2075 773 2146 δυνατὸν
792 2078 846 2144 ἐπὶ
869 2074 929 2145 τὸν
945 2071 1087 2164 τυχόντα

117 2168 301 2264 ἀναφέρειν
326 2173 367 2245 τό
383 2175 618 2265 θεστιζόμενα.
662 2182 711 2247 14.
731 2173 806 2246 ἀλλ’
827 2173 890 2246 οόκ
916 2170 959 2246 όὶυ
977 2174 1087 2265 εὕροις
1100 2207 1126 2246 εο

119 2277 220 2368 ἕτέρφ
237 2305 284 2369 τφ
304 2276 522 2367 ἐφαρμόττειν
535 2273 651 2364 αότᾶἢ
668 2275 760 2370 μόυφ
778 2281 825 2369 τῷ
839 2284 962 2365 σωτῆρι
980 2276 1086 2366 ἡμῶν,

117 2372 154 2459 ός
172 2375 309 2449 πάντων
331 2377 526 2463 πιστότατος
550 2375 593 2450 ἂν
617 2389 668 2466 είη
692 2381 748 2449 καὶ
771 2376 1015 2467 ἀληθέστατος,
1041 2386 1088 2460 είς

119 2480 242 2549 ἑαυτοῦ
265 2477 446 2569 πρόσωπον
469 2479 657 2570 ἀνειληφὼς
680 2479 744 2568 τὴν
765 2475 831 2550 &aa
854 2488 915 2549 τοῦ
945 2483 1089 2569 Ψαλμου

117 2581 249 2670 φωνην,
266 2577 310 2663 ὡς
325 2581 558 2672 ἐμαρτύρησαν
570 2589 606 2652 οἱ
617 2581 853 2670 εὐαχχελισταί
859 2601 865 2613 ·
893 2577 911 2651 5
924 2583 987 2671 μὲν
994 2592 1088 2652 Ματ-

116 2692 217 2762 θαῑος
241 2680 285 2751 δι’
308 2672 357 2753 τόν
374 2686 593 2772 παρεθέμεθα
610 2681 716 2753 αὐτοῦ
733 2685 871 2770 λέξεων,
897 2681 914 2752 ὁ
935 2683 971 2751 δὲ
991 2680 1087 2770 Μοίρ-
1102 2712 1127 2752 25

119 2809 176 2862 κος
200 2780 244 2851 δι’
266 2773 316 2852 οἷν
338 2786 394 2854 καὶ
417 2780 516 2867 αὐτὸς
535 2774 603 2856 οἶδε’
618 2811 687 2867 τως
707 2791 832 2874 ἱστορεῖ
848 2785 955 2872 λέχων
968 2781 1090 2871 “χενο-

118 2884 221 2972 μένης
240 2883 278 2953 δέ
296 2881 385 2974 ὥρας
403 2888 498 2975 ἕκτης
516 2884 631 2968 σκότος
647 2888 776 2974 ἐγένετο
792 2883 847 2975 ἐφ’
865 2882 944 2974 όλης
957 2891 1015 2973 τῆς
1028 2889 1089 2974 γης

119 2987 182 3066 ἕως
201 2980 288 3074 ὥρας
307 2986 434 3075 ἐνάτης.
477 2989 533 3058 καὶ
556 2994 597 3077 τῇ
617 2985 716 3078 ἐνάτη
742 2986 813 3078 ὥρᾳ
832 2985 973 3076 ἐβόησεν
991 2983 1009 3057 5
1026 2983 1090 3076 Ἰη-

91 3129 106 3158 ε
120 3088 200 3169 σούς
223 3091 323 3178 φωνῇ
352 3087 480 3178 μεχόλη
505 3092 630 3177 λέγων,
661 3084 736 3176 ἠλεί
765 3087 838 3177 ἠλεὶ
867 3093 954 3178 λαμᾶ
981 3096 1090 3177 σαβα-

120 3191 239 3278 χθανὶ,
257 3184 277 3259 5
294 3193 363 3261 ἐστι
381 3187 733 3280 μεθερμηνευόμενον,
750 3185 768 3259 5
786 3187 895 3272 θεὸςὸ
912 3188 993 3272 θεός
1010 3218 1087 3279 μου,
1101 3220 1126 3261 3ο

189 3423 221 3470 29
239 3421 327 3472 Marc.
341 3423 381 3484 15,
394 3425 437 3482 33.
