2326 3818
113 139 177 204 364
516 138 665 191 EUSEBII

114 279 198 367 κοὴν
214 283 272 367 τής
289 285 349 349 τοῦ
356 283 501 371 Χριστοῦ
520 283 746 358 διδασκαλίας.
774 273 887 355 αὐτοῖς
903 275 940 344 δὲ
959 272 1085 366 ῥήμασι

113 379 153 451 τά
172 378 386 470 παραπλήσια
401 375 510 470 εὕροις
524 373 566 450 άν
580 381 635 449 καὶ
651 382 687 448 ἐν
702 375 969 470 ἑπτακαιδεκάτῳ
989 387 1087 448 Ψαλ-
1112 450 1116 459 ,

115 486 184 576 μῷ,
204 488 250 564 είς
268 479 289 551 ά
307 480 347 551 τά
365 484 515 572 φανέντα
533 489 736 573 προείρηται.

48 780 102 831 (ιω)
307 749 387 821 Ἀπδ
404 755 462 839 τής
479 757 590 840 τρίτης
607 756 675 819 τῶν
692 752 887 820 Βασιλειων.

88 916 102 956 6
198 901 259 962 Xll.
283 883 373 955 “Kal
397 888 479 974 νῦν,
503 884 615 975 κύριε,
646 882 663 953 ὁ
688 881 767 964 θεός
788 879 936 975 Ἰσραήλ,
960 906 1113 955 πιστω-τ

115 987 209 1078 θήτω
230 988 271 1076 δή
289 984 325 1057 τό
344 984 432 1076 ῥήμά
450 1011 530 1075 σου,
557 982 577 1055 δ
596 983 757 1073 ἐλάλησας
780 990 825 1079 τῷ
845 991 944 1055 παιδί
959 1006 1020 1055 σον
1039 992 1087 1078 τῷ
1134 1004 1138 1011 ’

116 1092 208 1178 Δαβλ
212 1094 231 1157 δ
249 1093 296 1182 τῷ
311 1095 415 1178 πατρί
428 1116 502 1176 μου.
540 1082 591 1157 ὅτι
606 1093 637 1157 εί
654 1084 790 1175 άληθῶς
803 1085 991 1175 κατοικήσει
1004 1062 1086 1167 θεός

116 1188 198 1280 μετά
216 1188 418 1315 ἀνθρώπων
434 1192 488 1259 ἐπὶ
510 1193 647 1276 γής,εί
670 1186 848 1278 δούρανός
873 1186 960 1258 κάλ’
946 1217 964 1258 ο
982 1183 1088 1278 οὐρα-

117 1289 173 1372 νδς
191 1296 250 1361 τοῦ
269 1291 418 1382 οὐρανου
433 1279 496 1361 οόκ
513 1286 698 1414 άρκέσουσί
712 1280 793 1359 σοι,”

191 1399 222 1462 2.
240 1403 357 1465 Κεῑται
379 1395 484 1462 ταῦτα
501 1389 618 1473 αὐτοῖς
641 1395 797 1474 λέξεσιν
787 1391 843 1460 καὶ
863 1393 899 1460 ἐν
917 1399 1084 1515 Παραλει-
1099 1421 1123 1460 ιο

117 1499 286 1585 πομέναις.
335 1499 383 1587 τῷ
412 1496 474 1583 μέν
498 1484 560 1564 οὖν
585 1493 700 1578 Δαβὶδ
723 1489 981 1580 ἐπηγγείλατο
965 1521 983 1561 ο
1007 1491 1087 1573 θεὸς

117 1592 318 1685 ἀναστήσειν
337 1601 373 1665 ἐκ
391 1603 517 1678 κοιλίας
537 1591 641 1665 αὐτου
625 1594 816 1716 Nam).
777 1623 798 1663 α
841 1621 882 1663 ου
901 1591 1010 1685 πατήρ
1029 1590 1087 1663 αό-

116 1693 171 1777 τός
190 1693 207 1766 ὁ
227 1695 305 1777 θεός
324 1703 466 1768 ἔσεσθαί
482 1718 605 1785 φησιν,
631 1693 716 1764 ὥστε
738 1693 796 1764 τὸν
820 1692 1033 1782 γεννώμενον
1052 1696 1087 1763 ἐκ

90 1837 100 1864 c
118 1800 303 1887 σπέρματος
317 1801 430 1886 Λαβὶδ
444 1797 521 1867 νίδν
538 1796 769 1886 ὀνομασθῆναι
786 1797 888 1882 θεον,
906 1793 1035 1884 θρόνον
1053 1822 1087 1865 τε

118 1907 288 1986 βασιλείας
307 1902 392 1982 ἕξειν
410 1897 556 1969 αίάνιον.
593 1904 622 1967 3.
641 1899 745 1967 ταῦτα
764 1897 801 1966 δὲ
820 1900 857 1967 ἐν
873 1896 936 1985 μὲν
952 1904 993 1986 τῇ
1013 1902 1086 1967 δεν-
1099 1923 1123 1964 16

118 2003 196 2090 τέρα
214 2004 282 2069 των
299 2007 486 2069 Βασιλειῶν
504 1996 560 2068 διά
578 1996 705 2068 Νάθαν
722 2001 782 2067 τοῦ
800 1996 975 2086 προφήτου
995 1995 1087 2087 ἐχρή-

119 2112 187 2186 σθη
210 2104 257 2192 τῷ
281 2100 396 2187 Λαβὶδ
419 2103 537 2170 τοῦτον
560 2098 618 2169 τὸν
640 2097 763 2190 τρόπον
780 2097 860 2169 “καὶ
889 2105 997 2186 ἔσται,
1030 2099 1089 2168 ἐὰν

119 2203 345 2290 πληρωθῶσιν
364 2207 402 2271 αί
415 2199 534 2293 ἡμέραι
548 2224 622 2289 σου,
641 2203 696 2270 καλ
716 2199 906 2290 κοιμηθήση
921 2198 1003 2288 μετά
1020 2204 1089 2270 τῶν

119 2304 273 2391 πατέρων
290 2324 369 2390 σου,
388 2305 444 2373 καὶ
463 2299 639 2392 ἀναστήσω
657 2299 695 2372 τό
714 2303 844 2390 σπέρμα
858 2322 920 2371 σου
938 2298 1020 2389 μετά
1039 2303 1086 2389 σὲ,

118 2398 154 2486 δς
179 2413 269 2475 ἔσται
289 2409 325 2476 ἐκ
342 2408 400 2493 τής
418 2413 544 2486 κοιλίας
562 2428 636 2493 σον,
655 2405 711 2474 καὶ
731 2401 893 2492 ἑτοιμάσω
911 2401 973 2490 τήν
990 2411 1089 2490 βασι·
1101 2432 1127 2472 ιο

118 2515 213 2576 λείαν
230 2506 344 2577 αὐτοῦ.
369 2505 467 2587 αὐτὸς
484 2503 695 2595 οἰκοδομήσει
708 2533 764 2593 μοι
777 2505 871 2574 οἶκον
887 2507 935 2598 τῷ
950 2499 1090 2592 ὀνόματί

119 2636 201 2694 μου,
226 2610 280 2674 καλ
305 2605 490 2693 ἀνορθώσω
516 2604 574 2675 τόν
597 2604 725 2694 θρόνον
749 2604 854 2676 αὐτοῦ
876 2608 939 2688 ἕως
963 2613 1010 2686 είς
1029 2602 1087 2673 τόν

119 2711 235 2775 αι’ὦνα.
273 2705 336 2793 ἐγώ
355 2714 471 2794 ἔσομαι
489 2704 581 2798 αὐτῷ
599 2714 646 2788 εἰς
660 2710 785 2796 πατέρα
804 2711 859 2777 καὶ
877 2705 974 2787 αὐτὸς
994 2711 1086 2774 ἔσται

118 2834 174 2895 μοι
193 2813 240 2886 είς
257 2803 366 2877 νίόν.”

195 2911 225 2977 4.
257 2905 303 2977 Τά
328 2904 358 2977 δ’
387 2905 472 2978 αὐτά
494 2911 550 2979 καί
576 2912 612 2979 ἐν
630 2911 942 3001 Παραλειπομέναις
966 2905 1088 2999 ὁμοίως
1101 2936 1126 2977 ιι

120 3019 257 3098 είρηται.
296 3015 333 3080 έν
359 3012 395 3081 δέ
418 3016 545 3105 Ψαλμῷ
569 3009 782 3105 ὀγδοηκοστῷ
803 3009 914 3104 ὀγδόῳ
938 3012 1089 3081 λέλεκται

90 3107 237 3192 ε”αὗτός
256 3114 487 3183 έπικαλέσεταί
501 3140 559 3202 με,
582 3111 691 3205 πατήρ
708 3141 773 3202 μου
793 3111 824 3182 εἴ
839 3113 895 3203 σδ,
913 3109 994 3193 θεός
1011 3140 1089 3201 μον,

119 3210 402 3306 καλ·άντιλήπτωρ
416 3219 474 3303 τής
488 3221 651 3305 σωτηρίας
665 3243 739 3304 μου.
771 3209 863 3303 κάγω
878 3210 1090 3305 πρωτότοκον

187 3444 203 3492 6
222 3447 246 3495 3.
258 3446 327 3510 Reg.
341 3449 365 3506 ε,
379 3449 420 3498 τι.
437 3426 439 3430 ’
479 3448 510 3496 ιι
529 3449 553 3500 ο,
567 3448 635 3513 Reg.
649 3450 672 3511 ι,
684 3450 724 3500 12.
786 3449 819 3498 ει
836 3446 883 3500 Ps.
896 3447 939 3511 οε,
953 3446 995 3497 το.
1008 3447 1032 3498 3.
1046 3445 1088 3494 36.
