2326 3818
132 123 194 187 174
539 122 689 175 Ευεοοω

125 263 274 351 “πωμεν.
310 272 503 353 προθυμίας
527 262 565 332 66
582 264 701 352 μηόελς
720 258 813 351 ἡμων
831 262 1011 331 λειπέσθω.
1046 266 1099 333 56.

125 361 229 436 “οῦτε
247 363 310 455 γὰρ
328 364 444 454 μικρὸς
462 354 599 445 ὁάθλος
616 366 684 433 των
701 366 941 451 τολμωμένων,
961 364 1036 433 ἐπεὶ
1054 362 1101 453 μὴ

125 465 188 536 “τά
201 465 343 556 τυχόντα
357 475 499 556 βραβελα
514 460 598 555 ἡμᾶς
617 467 793 552 ἐκδέξεται,
811 460 886 533 ἀλλ’
904 467 941 534 αι’
951 459 1017 536 ἀπὸ
1030 470 1100 536 τῶν

124 566 227 659 ’παρ’
255 567 421 655 ἕκάστοις,
446 566 491 649 ὦς
517 570 623 655 εἰκὸς,
654 565 767 656 νόμων
790 572 962 686 τιμωρίαι,
994 564 1100 656 osam}

124 670 276 760 “666666
294 672 350 740 καὶ
369 668 511 757 βάσανοι
529 671 586 738 καλ
602 670 771 757 φυλακαὶ,
790 673 858 755 πῦρ
876 669 986 738 τεκαὶ
1004 673 1123 757 σίδη-τ

124 767 221 863 “ρος,
241 775 297 842 καλ
320 772 479 862 σταυροὶ,
504 772 561 839 καλ
578 774 700 859 θῆρες,
725 798 774 840 ων
799 770 941 858 μάλιστα
965 782 1099 858 προθυ-

124 869 270 963 “μητέον
293 875 350 942 καλ
371 889 441 954 τοῖς
465 887 579 954 κακολς
597 866 698 960 ὁμόσε
723 874 892 962 χωρητέον
908 868 1098 962 ὑπόδειγμα

121 974 204 1044 “τὸν
223 971 427 1045 διδάσκαλον
443 976 664 1063 κεκτημένοις.
701 978 806 1044 {stt
771 980 806 1044 τί
820 1000 884 1063 γαρ
896 1000 1026 1044 τουτων
1043 976 1100 1062 γέ-

124 1073 231 1146 “’νοιτ
252 1068 296 1144 ἀν
318 1072 456 1146 κάλλιον
473 1072 615 1164 έχθροῦς
639 1077 695 1145 καλ
717 1086 811 1157 θεοῖς
829 1076 885 1145 καὶ
902 1071 1099 1162 ἀνθρώπως

60 1206 116 1255 μω)
126 1172 202 1247 “’έπ
235 1172 351 1247 οῦδενλ
375 1175 462 1271 λόγῳ
489 1180 708 1265 καταστῆναι,
738 1178 794 1246 καλ
823 1175 869 1298 μχῇ
892 1203 973 1247 ποτε
998 1171 1134 1264 ἡδέοςιο

121 1276 336 1349 ’ἀπολαῦσαί
349 1306 457 1367 τινος,
475 1277 558 1368 μήτε
576 1284 644 1350 τῶν
657 1276 827 1369 φιλτάτων
839 1275 997 1367 ὄνασθαι,
1015 1277 1099 1400 μήτε

122 1378 322 1473 “χρημάτων
343 1398 476 1471 τυχεῖν,
499 1379 582 1470 μήτε
607 1380 697 1464 τινὸς
720 1376 853 1469 ἀγαθοῦ
877 1378 914 1449 τὸ
938 1377 1099 1471 παράπαν

122 1478 207 1554 “έλπ
209 1489 266 1553 ίθα
292 1480 498 1573 κτήσασθαι,
525 1487 598 1572 ελκη
622 1484 660 1553 δὲ
683 1485 740 1553 καλ
768 1479 877 1570 μάτην
900 1486 1097 1554 πλανᾶσθαι

122 1579 200 1655 “καλ
224 1589 373 1670 πλανῦνς
397 1587 497 1655 τοῦτο
514 1584 577 1674 γὰρ
595 1575 692 1674 ἦντὸ
710 1583 884 1674 συμφέρον
906 1584 963 1652 καὶ
980 1582 1018 1655 τὸ
1035 1588 1098 1673 φέ-

122 1680 265 1774 “ρεσθαι
283 1689 316 1768 ἐξ
342 1689 495 1766 ἐναντίας
518 1689 600 1755 πᾶσι
622 1700 691 1766 τοῖς
715 1693 847 1773 ἔθνεσι,
872 1687 928 1753 καλ
946 1683 982 1755 τὸ
1000 1697 1095 1769 θεοῖς
1108 1716 1132 1759 ιο

123 1781 206 1875 “μὲν
223 1802 292 1868 τοῖς
311 1790 344 1871 έξ
362 1792 484 1869 αλῦνος
498 1784 587 1876 παρά
600 1793 704 1857 πᾶσιν
717 1782 982 1876 ὡμολογημένοις
1000 1796 1097 1859 πολε·

72 1883 237 1979 Ιῑῠλ“μεῑν,
256 1885 315 1959 τόν
334 1887 366 1958 6'
388 1883 450 1958 ὑπ’
469 1883 659 1976 ὀφθαλμοῖς
684 1882 779 1975 ἡμῶν
802 1886 915 1960 αὐτῶν
933 1886 1098 1959 modona-

121 1984 204 2061 “λον
221 1982 306 2061 θεὸν
324 1988 430 2077 εἶναι,
448 1991 504 2058 καὶ
521 1995 607 2060 θεοῦ
620 1995 726 2059 παῖδα
739 1989 930 2081 κηρύττειν,
949 1987 1037 2080 ὑπὲρ
1054 1980 1098 2061 οῦ

120 2085 259 2160 ‘aaz’
218 2088 339 2173 αυτοῦς
361 2088 525 2178 θνήσκειν
550 2092 701 2180 ἑτοίμους
721 2090 823 2180 εἶναι,
847 2092 931 2180 μηδὲ
933 2120 953 2161 ν
970 2089 1098 2181 ἀληθές

98 2189 128 2253 ο
130 2186 235 2316 Στπαρ’
244 2187 349 2262 αῦτοῦ
368 2188 491 2282 μηόΗ
469 2221 523 2282 ωφ
526 2195 638 2283 έλιμον
655 2191 896 2283 μεμαθηκότας.
923 2198 974 2264 58.
988 2192 1132 2285 ταύτην

120 2289 177 2362 “’θ
196 2284 259 2365 οῦν
282 2297 338 2366 καὶ
364 2298 491 2384 μᾶλλον
507 2299 662 2384 τιμητέον
680 2292 855 2384 αῦτόν,ελ
876 2293 1025 2385 μηδέν’
1007 2302 1096 2386 ημᾶς

118 2392 291 2529 ζῦνησεν,
310 2395 419 2469 πάντα
436 2424 473 2467 τε
487 2400 541 2467 ἐπὶ
552 2426 599 2491 τῳ
585 2395 752 2481 ’δοξάσαι
770 2395 874 2467 αὐτοῦ
890 2425 954 2485 την
970 2420 1096 2489 προση-

118 2492 259 2589 “γορλαν
284 2504 458 2588 ποιητέον,
488 2502 545 2569 καὶ
575 2497 683 2581 πόσας
710 2496 825 2588 ῦβρεις
849 2502 905 2568 καλ
934 2508 1096 2623 τιμωρίας

117 2595 381 2690 “ῦπομενετέον,
400 2599 509 2670 πάντα
522 2627 559 2669 τε
578 2597 704 2689 τρόπον
721 2598 925 2672 ἀναδεκτέον
940 2599 1096 2674 θανάτου

117 2694 227 2788 “ῦπὲρ
250 2699 394 2790 μηδενὸς
419 2698 577 2788 ἀληθοῦς.
620 2700 723 2771 κακόν
747 2701 809 2792 γὰρ
834 2713 913 2784 ἴσως
936 2698 1132 2793 ἀληθεια,ιι

118 2798 178 2869 “τὸ
205 2802 242 2870 66
266 2806 391 2883 ψεῦδος
415 2807 481 2891 ἔχει
507 2805 567 2872 τοῦ
585 2805 689 2873 κακοῦ
706 2801 743 2874 τό
768 2808 931 2876 ἐναντίον.
967 2808 1018 2875 59.
1039 2804 1094 2877 διὸ

119 2897 291 2991 “λέγωμεν
308 2900 359 2974 ὅτι
377 2904 432 2973 καλ
450 2903 591 2995 νεκροὺς
607 2901 761 2996 ἤγειρεν,
779 2907 835 2975 καὶ
853 2905 996 2997 λεπροῦς
1015 2909 1095 2977 λκα-

119 2997 281 3093 “θάρισε,
299 3007 355 3075 καὶ
373 3010 534 3096 δαίμονας
551 3005 673 3096 ἤλασε,
696 3009 752 3078 καλ
771 3010 840 3077 των
856 3004 970 3078 ἀλλων
986 3032 1093 3100 παρα-

117 3103 249 3190 “όόξων
273 3113 382 3198 ἔργων
406 3111 523 3197 γέγονε
546 3108 700 3200 ποιητὴς,
726 3110 832 3198 μηδὲν
854 3110 917 3199 μὲν
939 3112 1094 3181 τοιοῦτον

117 3203 231 3303 ἀὐτῷ
258 3207 522 3300 συνεγνωκότες,
548 3214 679 3294 ἕαυτοῖς
705 3212 741 3281 λλ
763 3209 805 3281 τὰ
823 3211 933 3281 πάντα
949 3209 1132 3287 πλαττό·εο

117 3304 251 3400 “μενοι,
277 3312 332 3381 κοιλ
356 3318 548 3394 πλανῶντες
570 3314 632 3402 μέν
655 3309 713 3394 οῦς
738 3311 898 3383 δυνατόν·
935 3318 968 3382 εί
989 3312 1029 3383 66
1044 3310 1092 3403 μὴ

93 3446 103 3473 ·=
119 3405 292 3483 “πείθοιτό
321 3442 388 3505 τις,
420 3412 495 3485 ἀλλ’
527 3410 626 3486 αῦτοί
649 3444 687 3505 γε
717 3411 803 3504 ὑπὲρ
834 3405 883 3485 οἷν
912 3420 1090 3486 συντεθεί-
