2326 3818
322 157 508 212 DEMONST.
528 158 661 210 αοεαο.
680 159 741 208 v11.
762 162 784 210 1.
980 158 1043 221 437

71 298 107 370 τὸ
125 297 285 369 τοιούτων
303 294 401 380 ἀξίαν
418 299 600 384 γεγονέναι,
639 303 687 366 79.
708 299 764 366 καὶ
785 294 1044 368 ἀναπαύσεσθαι

72 399 130 481 τάς
157 401 331 489 εἰρημένας
363 396 520 486 δυνάμεις
545 400 650 485 φησὶν
671 393 730 467 “gv
754 397 898 487 φάραγξι
928 405 983 469 καὶ
1008 404 1044 471 ἐν

73 500 236 589 τρούγλαις
260 503 408 590 πετροῐν,
434 509 481 579 είς
504 525 539 568 τε
562 498 603 569 τὰ
627 498 773 586 σπήλαια
792 502 847 568 καὶ
868 507 914 580 είς
933 505 1044 571 πᾶσαν

74 601 204 692 ῥαγάδα
228 596 376 689 αύτῶν,”
402 598 485 669 κατά
502 600 564 688 μὲν
584 599 753 688 διάνοιαν,
778 604 814 670 ε’ν
831 619 904 681 ταῖς
922 617 1044 690 ψυχαῖς

48 703 187 777 εαύτοῐν
211 705 266 772 καὶ
294 707 331 772 ἐν
353 719 425 782 ταῖς
449 705 510 771 τοῦ
537 699 686 790 σώματος
711 700 891 790 αἰσθήσεσι
916 720 985 781 τοῖς
1008 733 1045 772 τε

73 817 243 894 λογισμοῖς
273 807 329 893 καί
359 820 433 884 ταῖς
467 809 700 893 διερρωγνίαις
730 801 841 874 αὐτῶν
869 810 1043 891 διανοίαις,
1056 832 1074 891 Ἰι

74 904 157 977 κατὰ
183 905 303 994 δὲτὴν
321 904 500 995 πρόχειρον
518 908 623 992 λέξιν,
650 901 730 975 καθ’
755 904 833 994 ὅλης
859 907 970 976 αὐτῶν
988 910 1045 996 τής

74 1008 200 1099 χώρας,
219 1005 238 1077 δ
256 1011 311 1077 καὶ
329 1014 379 1087 τίς
397 1005 460 1077 ούκ
478 1001 520 1076 ἀν
543 1002 836 1096 ἀποθαυμάσειεν,
856 1005 1045 1096 ὀφθαλμοῖς

74 1107 164 1200 ὁρῶν
171 1107 248 1190 τούς
257 1116 435 1196 πολεμίους
450 1104 561 1177 αὐτῶν
574 1106 681 1177 πάντα
694 1107 797 1179 τύπον
809 1112 867 1197 τής
880 1108 1044 1190 Ἰουδαίας
1060 1135 1112 1188 [2011

37 1247 62 1284 10
76 1211 331 1299 κατειληφότας,
357 1214 411 1278 καὶ
436 1207 513 1290 τούς
536 1237 573 1297 γε
598 1207 808 1298 ἀλλοφύλους
832 1213 888 1279 καὶ
908 1218 1045 1281 είδωλο-

76 1310 197 1400 λάτρας
221 1308 425 1400 ἀνθρώπους
451 1315 488 1379 ἐν
512 1309 632 1391 πάσαις
658 1308 770 1380 αὐτῶν
794 1310 912 1381 πόλεσί
936 1316 1046 1381 τεκαὶ

76 1412 197 1502 χώραις
216 1409 533 1499 ἀναπεπαυμένους;
552 1407 593 1482 ού
608 1417 714 1482 ταῦτα
733 1414 770 1482 δὲ
788 1410 852 1501 ἀρα
870 1413 956 1500 μόνα
975 1420 1045 1482 δια-

76 1512 198 1601 θήσειν
216 1516 321 1602 φησὶν
339 1510 461 1593 αύτούς
479 1511 496 1582 δ
515 1513 628 1602 λόγος,
648 1512 732 1584 ἀλλά
751 1518 840 1607 ξυρῷ
853 1521 912 1584 τοῦ
930 1542 1045 1603 νενοη-

77 1618 180 1703 μένον
198 1613 279 1704 ήμῖν
296 1617 458 1702 βασιλέως
475 1610 661 1701 Ἀσσνρίων
686 1615 748 1704 τήν
766 1616 915 1705 κεφαλήν
933 1614 1047 1685 αὐτῶν

40 1752 64 1789 15
78 1720 134 1786 καὶ
157 1714 214 1798 τάς
237 1726 351 1807 τρίχας
374 1723 442 1813 τοῖν
466 1719 580 1786 ποδοῖν
599 1720 655 1786 καί
672 1715 731 1786 τὸν
749 1717 912 1806 πώγωνα,
937 1716 1046 1786 πάντα

78 1817 205 1907 δηλαδή
223 1817 282 1888 τὸν
299 1815 401 1887 πάλαι
420 1826 654 1907 περικείμενον
665 1816 777 1899 αὐτοῖς
789 1818 925 1908 κόσμον,
945 1818 1047 1908 ξυρή-

77 1946 157 1990 σειν.
184 1925 234 1989 80.
254 1918 336 1989 κατά
356 1921 392 1989 δὲ
405 1919 466 2008 τήν
485 1916 590 2007 αύτήν
608 1919 733 2008 ταύτην
746 1916 872 2011 ἡμέραν
889 1921 943 1989 καὶ
964 1918 1046 1989 κατά

76 2020 134 2091 τόν
155 2020 257 2090 αὐτὸν
275 2020 397 2110 χρόνον
414 2019 546 2091 ἀπειλεῖ
562 2026 598 2090 ἐν
622 2022 741 2112 ε’σχάτη
767 2031 867 2114 πενίᾳ
885 2026 945 2092 τού
965 2020 1047 2091 κατά

11 2128 16 2139 ¹
76 2123 160 2192 θεὸν
184 2121 330 2192 πλούτου
355 2120 623 2209 καταστήσεσθαι
641 2122 780 2211 αὐτούς,
805 2120 848 2205 ὥς
872 2121 917 2212 μή
935 2121 1046 2213 ἀρτων

38 2226 222 2311 εολογικῶν
256 2220 429 2311 εὐπορεῖν,
462 2221 544 2311 μήτε
571 2229 705 2314 στερεᾶς
738 2227 794 2293 καὶ
821 2230 1046 2312 πνευματικής
1061 2251 1114 2301 (325)

76 2328 220 2414 τροφῆς,
246 2321 380 2410 ἀγαπᾶν
407 2325 443 2392 δὲ
461 2323 599 2412 γάλακτι
616 2330 800 2413 τρέφεσθαι
819 2331 864 2417 τῷ
882 2324 1046 2413 νηπιοίδει

77 2429 133 2494 καὶ
152 2431 357 2518 είσαγωγικῷ
376 2421 471 2517 λόγῳ.
497 2431 544 2493 ἔτι
558 2423 639 2512 πρὸς
657 2423 785 2505 τούτοις
799 2429 854 2494 καὶ
868 2425 925 2505 τὰς
944 2423 1045 2514 ἀμπεῑ

77 2538 156 2608 λονς
175 2523 286 2596 αὐτῶν
305 2533 352 2606 είς
371 2528 489 2616 χέρσον
509 2532 655 2596 ἔσεσθαι.
695 2532 743 2595 81.
767 2525 884 2613 ἐπειδὴΙ
899 2527 980 2616 γάρ,
1002 2525 1045 2607 ὡς

76 2625 93 2698 ὁ
113 2625 213 2709 αὐτὸς
230 2626 403 2719 προφήτης
421 2631 537 2716 φησὶν,
557 2635 687 2717 ἔμεινεν
705 2623 722 2697 δ
741 2626 886 2716 γεωργὸς
904 2625 971 2717 ἀμα
991 2631 1046 2697 καὶ

38 2763 63 2801 ει
78 2730 237 2819 δεσπότης
264 2728 376 2800 αὐτῶν
394 2726 475 2799 ’τοῦ
504 2735 639 2818 ποιήσαι
663 2729 839 2820 σταφυλήν
861 2730 919 2800 τὸν
944 2727 1046 2818 ἀμπε-

78 2835 184 2918 λῶνα,
204 2829 222 2900 δ
243 2832 280 2900 δὲ
299 2834 455 2917 ἐποίησεν
473 2828 658 2919 ἀκάνθας,”
680 2835 736 2901 καὶ
755 2831 795 2902 οὐ
815 2830 1045 2919 δικαιοσύνην,

77 2927 161 3000 ἀλλά
180 2930 347 3021 κραυγήν·
376 2932 501 3002 διὸκαὶ
520 2931 675 3023 ἀφαιρῶν
692 2930 751 3001 τδν
768 2934 923 3022 φραγμὸν
942 2929 1046 3002 αὐτοῦ

78 3035 133 3102 καὶ
152 3039 326 3122 καθαιρῶν
342 3031 401 3103 τὸν
418 3051 531 3122 τοῖχον
549 3041 596 3114 εἰς
613 3037 734 3123 χέρσον
751 3033 970 3121 καταστήσειν
988 3035 1046 3101 τὸν

77 3132 257 3223 ἀμπελῶνα
274 3132 492 3225 μαρτύρεται,
520 3139 573 3205 καὶ
592 3154 660 3217 τοῖς
680 3139 814 3225 ἐχθροῖς
832 3133 1046 3223 παραδώσειν

39 3268 64 3308 εο
79 3233 192 3325 αύτδν,
212 3233 270 3318 οὓς
281 3234 362 3326 μετὰ
374 3239 493 3325 βέλους
506 3239 562 3306 καὶ
580 3235 776 3325 τοξεύματος
795 3234 1049 3306 εἰσελεύσεσθαί

147 3473 179 3519 ’25
199 3470 244 3519 Εε.
258 3472 282 3533 5,
296 3473 320 3519 4.
