2326 3818
344 107 528 158 οεαοαον.
540 107 674 159 EVANG.
687 109 738 158 111.
753 111 777 158 ι.
983 106 1044 169 201

72 247 219 337 Ἰησοῦν,
244 244 303 316 τὸν
320 243 466 333 Χριστὸν
482 248 544 314 τοῦ
560 249 662 334 θεοῦ,
688 248 744 316 καὶ
772 242 861 335 παρὰ
879 262 947 327 τοῖς
966 268 1046 315 σαν·

76 351 136 419 τοῦ
165 343 420 436 ὡμολογημένον
447 341 488 414 οῦ
520 343 623 434 γόητα
649 342 729 416 οῦδὲ
753 348 946 435 φαρμακέα,
971 342 1044 416 ἀλλ’

78 446 201 537 εὐσεβῆ
218 450 274 517 καὶ
293 445 501 516 δικαιότατον
515 449 570 516 καὶ
585 442 692 535 σοφόν
710 450 765 516 καλ
784 444 953 536 οὐρανίων
970 444 1046 530 ἀψί-

79 558 150 621 δων
167 547 332 638 οἰκήτορα.
375 542 442 616 4.ό
469 544 510 634 δη
534 538 597 617 οῦν
619 551 766 628 τοιοῦτος
790 551 863 642 πώς
879 542 921 616 ῦν
939 545 1046 628 ἄλλως

50 656 145 722 6τῦν
175 647 373 740 παραδόξων
403 657 510 738 ἔργων
539 647 672 737 γεγόνει
696 642 876 738 ποιητὴςῦ
906 645 1047 735 δυνάμει

77 761 173 844 θεία,
193 746 236 840 ἣν
254 753 310 820 καὶ
327 748 367 819 τδι
386 749 457 839 ίερίι
476 747 571 837 λόγια
588 755 817 840 μαρτυροῦσιν
835 745 942 841 αῦτςῦ,
961 753 1046 818 θεοῦ

77 852 178 942 λόγον
195 854 251 922 καλ
269 856 354 922 θεοῦ
381 848 525 940 δύναμιν
547 849 608 940 τὴν
632 848 789 922 ύυωτότω
809 854 845 920 ἐν
862 847 1047 939 ἀνθρώπου

76 957 190 1044 μορφῇ
209 956 265 1022 καὶ
279 950 429 1042 σχήματι,
447 957 574 1041 μᾶλλον
590 951 622 1022 δ’
644 957 681 1023 έν
694 949 779 1042 αῦτη
793 955 891 1042 σαρκὶ
909 954 965 1021 καὶ
983 948 1047 1020 σιό-

77 1085 155 1144 ματι
173 1055 385 1142 κατοικῆσαι,
405 1055 460 1122 καὶ
479 1057 590 1135 πᾶσαν
608 1052 670 1142 την
689 1058 725 1124 ἐν
743 1052 936 1144 ἀνθρώποις
961 1059 1047 1122 οίκο-

38 1178 63 1218 10
77 1162 199 1244 νομίαν
217 1158 400 1225 ἐπιτελέσαι
417 1159 665 1244 μαρτυροῦντας
688 1160 717 1225 5.
738 1157 793 1224 καλ
812 1154 853 1224 σύ
875 1154 904 1224 δ’
927 1150 968 1224 ῦν
987 1152 1048 1223 αύ-
1060 1183 1115 1234 (135)

77 1254 132 1338 τός
150 1255 354 1345 καταμάθοις
371 1253 408 1325 τό
427 1263 548 1325 ἔνθεον
565 1259 623 1345 της
641 1258 718 1345 περὶ
737 1254 840 1325 αὐτοῦ
860 1253 1045 1343 δυνάμεως,

80 1366 113 1427 εί
128 1365 279 1447 λογίσαιο
297 1365 346 1437 τίς
364 1382 443 1427 ποτε
462 1352 510 1426 ῦν
536 1353 600 1445 ῦρα
626 1355 688 1444 τὴν
706 1355 812 1444 φύσιν
836 1358 891 1425 καλ
909 1362 1047 1443 πηλίκος

77 1455 204 1548 όλνδρας
224 1456 367 1538 εὐτελεῖς
387 1460 419 1540 ἐξ
437 1455 550 1539 όιλείας
569 1459 624 1527 καλ
642 1461 803 1527 ταπεινοῦ
819 1464 896 1544 βίον
915 1478 1046 1547 προσοι-

79 1557 317 1648 κειωσύμενος,
342 1556 470 1639 τούτοις
497 1561 652 1648 κέχρηται
672 1557 837 1638 διακόνοις
856 1559 909 1627 έπλ
929 1585 1048 1646 κατορ-

40 1680 66 1720 1⁵
79 1657 185 1728 θύσει
203 1658 394 1750 πράγματος
412 1657 520 1730 πόντα
538 1658 763 1740 καλύπτοντος
787 1657 895 1747 λόγον.
927 1665 955 1728 6.
978 1665 1047 1728 δια-

78 1762 216 1848 νοηθείς
240 1758 304 1851 γόιρ
327 1755 346 1829 ό
369 1763 487 1848 μηδεὶς
513 1758 646 1831 πώποτε
676 1759 798 1849 νόμους
823 1767 967 1839 οἰκείους
992 1761 1045 1828 καί

78 1865 178 1949 ξένην
201 1867 424 1931 διδασκαλίαν
449 1869 496 1942 είς
519 1859 628 1933 πάντα
651 1877 869 1950 κατασπεῖραι
892 1860 931 1930 τῦ
950 1868 1046 1948 ἔθνη,

79 1964 135 2032 καὶ
154 1961 276 2042 παντὸς
295 1965 412 2051 γένους
431 1958 625 2053 ἀνθρώπων
650 1961 852 2032 διδάσκαλον
877 1959 1047 2048 εὐσεβείας

81 2059 155 2142 ἑνός
180 2066 240 2132 τοῦ
267 2066 320 2133 ἐπὶ
348 2060 485 2133 πόντων
511 2068 597 2134 θεοῦ
627 2061 747 2133 ἑαυτόν
764 2060 951 2152 ἀποφῆναι,
979 2080 1075 2143 τοῖςι)

40 2184 66 2223 2⁰
80 2160 216 2232 πόντων
230 2158 473 2251 ύγροικοτύτοις
488 2168 544 2234 καλ
555 2162 797 2245 εύτελεστύτοις
810 2162 956 2252 ἡγήσατο
971 2169 1048 2253 χρῦ-

80 2275 161 2333 σθαι
179 2266 237 2350 τῆς
255 2269 379 2344 οίκείας
397 2268 520 2354 βουλῆς
538 2262 729 2355 ῦπηρέταις,
750 2263 835 2346 εἰκός
850 2261 925 2334 τινα
944 2291 1047 2354 παρα-

79 2361 249 2452 λογοότατα
267 2368 373 2432 ταῦτα
392 2362 495 2433 αύτὸν
513 2370 728 2455 πεποιηκέναι
746 2374 890 2455 νομίσαι.
931 2372 958 2433 7.
979 2370 1048 2445 ποῦς

78 2465 142 2555 γόιρ
161 2471 196 2535 οί
210 2465 295 2554 μηδὲ
315 2467 427 2554 διᾶραι
449 2463 630 2554 δυυύμενοι
648 2466 768 2557 στόμα,
788 2462 852 2537 κῦν
868 2465 941 2546 ἑνός
959 2494 1048 2546 τινος

79 2564 275 2637 διδάσκαλοι
299 2570 522 2653 κατέστησαν,
547 2565 623 2656 ούχί
645 2597 683 2656 γε
701 2567 837 2658 ἀνδρῶν
861 2567 1045 2655 συλλόγον;

40 2687 65 2728 25
78 2673 148 2750 πῶς
167 2665 200 2737 δ’
219 2664 263 2738 ῦν
280 2666 404 2756 πλήθει
417 2669 653 2756 διειλέχθησαν
670 2675 705 2738 οί
720 2668 827 2757 πόσης
847 2667 937 2749 ἐκτός
954 2697 1047 2757 γεγο-

78 2766 171 2848 νότες
198 2776 369 2854 παιδείας;
397 2765 480 2838 ύλλολ
506 2767 594 2839 τοῦτ’
624 2760 667 2856 ἦν
694 2766 757 2859 ῦρα
784 2767 820 2839 τό
844 2778 902 2858 τῆς
928 2773 1047 2840 ἐνθέου

78 2871 202 2955 βουλῆς
220 2870 277 2937 καλ
294 2873 351 2957 τῆς
370 2867 571 2960 ἐνεργούσης
590 2874 627 2940 έν
639 2866 751 2950 αὐτοῖς
763 2878 859 2951 θείας
876 2870 1048 2959 δυνάμεως

78 2966 335 3056 παραστατικόν.
392 2968 600 3052 ἀνακαλέσας
637 2975 723 3059 γοῦν
755 2967 876 3052 αύτούς
911 2970 950 3041 τῦ
986 2973 1049 3061 μέν

78 3067 194 3158 πρῶτοί
223 3091 305 3159 φησι
323 3067 464 3156 “δεῦτε,
489 3066 710 3143 ολκολουθεῖτέ
730 3101 802 3162 μοι,
835 3074 891 3141 καὶ
921 3071 1047 3160 ποιήσω

20 3190 64 3234 εο
77 3164 163 3259 ύμῦς
182 3165 286 3252 ἁλιεῖς
304 3168 531 3261 ύνθρύπων.”
565 3179 594 3244 8.
611 3173 778 3262 ἐπειδὴδὲ
796 3170 913 3242 λοιπόν
927 3168 1072 3252 αύτούςι

147 3404 179 3452 29
197 3403 283 3453 Marc.
298 3408 320 3467 1,
337 3406 376 3458 17.
