2326 3818
322 133 510 189 οοιιοαετ.
526 133 660 189 εοεαε.
679 136 713 186 X.
733 137 758 187 4.
965 136 1029 200 645

54 284 133 351 νίκα
150 272 284 365 άπηλθε
301 273 383 365 πρὸς
400 272 478 356 τούς
496 269 671 363 άρχιερεῐς,
690 279 746 344 ἵνα
760 279 902 370 παραδῷ
915 273 1026 347 αὐτόν.

55 386 92 452 οί
121 379 159 449 δὲ
191 376 375 468 ἐχάρησαν,
407 378 464 446 καὶ
493 378 732 464 ἐπηγγείλαντο
761 371 852 469 αύτῷ
883 375 1029 469 ἀργύρια

58 476 211 552 δούναι.”
248 484 277 549 3.
297 475 370 548 ἄλλ’
393 481 431 549 ἐν
448 474 578 559 τούτοις
600 477 662 567 μὲν
679 474 792 559 ἆπλώς
810 476 846 547 τδ
865 474 1030 570 ἀργύριον

56 579 264 672 ώνύμασται,
291 577 381 668 παρά
400 579 439 649 δὲ
456 585 502 672 τῷ
521 586 692 672 Ματθαίῳ
709 578 953 670 μνημονεύεται
972 584 1029 651 καὶ

29 680 74 755 εδ
92 680 248 774 άριθμδς,
267 679 427 774 συνᾴδων
444 687 484 772 τῇ
503 676 568 752 άπὸ
581 684 641 752 τού
649 689 818 771 Ζαχαρίου
831 683 1027 773 παραθέσει.

55 790 86 857 4.
107 789 196 875 λέγει
214 782 245 854 δ’
267 774 367 854 οὖνὸ
387 793 568 864 Ματθαϊος
581 778 677 853 “τότε
695 785 876 875 πορευθεὶς
895 779 942 864 εἷς
960 786 1029 853 τών

57 885 207 975 δώδεκα,
225 884 243 957 ὁ
262 883 439 974 λεγόμενος
453 882 582 967 Ἰούδας
596 881 821 979 Ἰσκαριώτης,
847 881 929 978 πρδς
952 882 1029 966 τούς

56 985 221 1080 ἀρχιερεῖς
248 988 341 1059 εἶπεν
367 985 499 1076 αὐτοῖς,
523 994 560 1056 τί
573 990 693 1058 θέλετέ
707 1018 763 1078 μοι
782 992 919 1077 δοῦναι,
938 983 1059 1077 κάγώι

57 1089 141 1181 ὑμῖν
164 1088 355 1181 παραδώσω
381 1086 500 1174 αύτόν;
532 1094 567 1157 οί
589 1089 626 1157 δὲ
650 1096 794 1177 ἔστησαν
821 1087 915 1184 αύτῷ
938 1089 1032 1181 τριά-

19 1220 45 1261 ιο
58 1221 160 1264 κοντα
178 1187 374 1281 στατῆρας.”
413 1188 581 1278 σύμφωνα
598 1180 663 1259 οὖν
680 1188 784 1260 ταῦτά
803 1193 871 1260 ἐστι
890 1197 937 1285 τῷ
952 1187 1031 1263 “nal

57 1301 202 1383 ἔστησαν
218 1290 278 1364 τὸν
294 1289 421 1382 μισθόν
438 1319 504 1380 μου
527 1287 704 1381 τριάκοντα
723 1287 913 1382 άργυρούς”
936 1297 974 1362 ἐν
990 1300 1031 1383 τῇ

57 1401 245 1486 προφητείᾳ
268 1395 432 1486 εἰρημένῳ
455 1388 522 1462 ὑπδ
546 1394 608 1462 τού
630 1399 759 1482 κυρίου.
801 1397 831 1460 5.
851 1389 931 1460 ἄνθ’
953 1384 1031 1462 ούδ

56 1498 118 1586 μὲν
137 1494 318 1583 Σύμμαχος
338 1496 472 1581 ἐποίησε
491 1487 570 1562 “nal
595 1490 802 1582 έστάθμισαν
824 1492 884 1563 τὸν
906 1491 1032 1582 μισθόν

56 1623 122 1684 μου
147 1592 326 1681 τριάκοντα
350 1589 557 1683 άργυροῦς·”
591 1588 608 1662 ὁ
629 1593 668 1664 δὲ
683 1592 823 1674 Ἀκύλας
836 1589 915 1663 “καλ
934 1602 1032 1682 έστη-

18 1721 43 1764 15
57 1715 122 1763 σαν
139 1690 199 1763 τὸν
215 1692 342 1782 μισθόν
362 1723 429 1784 μου
446 1692 624 1785 τριάκοντα
648 1690 850 1785 άργυρούς.”
889 1691 938 1778 οἷς
959 1699 1031 1765 ἐπι-

57 1798 187 1885 λέγεται
199 1793 280 1867 “καλ
306 1794 378 1869 εἷπε
395 1793 511 1889 κύριος
528 1793 612 1885 πρός
629 1825 687 1886 με,
713 1795 817 1879 κάθες
842 1793 965 1877 αὐτούς
985 1805 1031 1878 είς

56 1899 93 1969 τὸ
113 1896 356 1990 χωνευτηριου,
375 1903 432 1971 καὶ
450 1901 571 1985 σκέψαι
586 1907 617 1970 εί
629 1896 767 1990 δόκιμόν
783 1903 884 1988 ἐστιν,
902 1893 941 1968 δυ
954 1897 1033 1988 τρό-

58 2027 123 2073 πον
142 2001 370 2092 ἐδοκιμάσθην
386 2002 473 2092 ὑπὲρ
492 2001 635 2075 αύτώυ.”
680 2009 708 2074 6.
729 2000 807 2074 ἀνθ’
830 1991 872 2074 ού
895 2000 996 2072 πάλιν
1014 1996 1032 2072 δ

58 2104 121 2192 μὲν
136 2099 275 2184 Ἀκύλας
302 2103 478 2193 φησλ“καδ
507 2104 579 2174 εἷπε
602 2104 717 2195 κύριος
741 2103 825 2197 πρός
848 2136 906 2196 με,
930 2104 1033 2187 κάθες

20 2201 182 2286 ιοαύτούς
214 2212 261 2286 είς
284 2203 321 2273 τδ
346 2203 591 2294 χωνεοτήριον,
626 2211 727 2296 ῥῖψον
753 2203 839 2273 αύτδι
863 2205 946 2295 πρὸς
975 2205 1034 2277 τδν

58 2305 223 2395 πλάστην·
256 2303 489 2394 ὑπερμεγέθης
515 2305 537 2393 ἡ
563 2304 659 2394 τιμη,
689 2300 733 2392 ἣν
758 2303 922 2394 ἐτιμήθην
946 2302 1031 2397 ύπδρ

58 2403 204 2479 αύτώυ.”
240 2409 297 2477 καὶ
321 2404 485 2496 πρόσσχες
509 2413 585 2477 τίνα
608 2403 733 2495 τρόπον
757 2401 856 2485 αύτδς
879 2404 897 2474 ὁ
916 2403 1030 2495 κύριος
1046 2436 1100 2487 (ιεο)

58 2509 158 2599 τιμὴν
170 2512 291 2580 ἑαυτοῦ
305 2507 462 2599 ὁμολογεῖ
472 2506 550 2590 τούς
563 2505 740 2600 τριάκοντα
752 2502 922 2597 ἀργυροῦς
936 2514 957 2577 δ
960 2507 1031 2578 εδό-

59 2623 151 2682 σθαι.
181 2617 208 2681 7.
228 2618 314 2683 έοικε
334 2613 370 2682 δὲ
387 2606 409 2700 ἡ
426 2617 485 2701 τῆς
503 2614 621 2694 λέξεως
641 2607 772 2680 διάνοια
786 2606 939 2680 τοιοῦτόν
956 2638 1032 2679 τινα

19 2741 46 2781 ιε
60 2716 238 2801 ἐμφαίνειν
254 2717 355 2803 νούν,
380 2714 445 2802 ἐγώ
467 2716 530 2804 μὲν
546 2709 564 2784 δ
583 2711 698 2805 κύριος
721 2716 757 2783 ἐκ
781 2708 913 2804 πρώτης
931 2709 1032 2804 άρξά-

57 2839 157 2901 μενος
180 2808 305 2901 ἡμέρας
328 2813 370 2884 ού
397 2817 548 2885 διέλιπον
565 2819 624 2902 τῆς
643 2818 787 2903 έμαυτού
812 2813 1032 2905 χρηστότητος

57 2914 139 3003 ὑμῖν
156 2927 225 2992 τοῖς
245 2915 282 2983 ἐκ
299 2922 477 3004 περιτομῆς
496 2921 657 3003 δείγματα
669 2917 836 3004 παρέχων,
855 2919 911 2985 καλ
926 2925 1030 3006 μυρία

57 3013 120 3088 ὅσα
137 3012 223 3103 ὑμᾶς
242 3012 444 3105 εύεργετών,
463 3014 503 3085 ού
521 3013 627 3105 μόνον
643 3014 683 3084 τά
703 3013 758 3084 διά
776 3022 845 3087 τών
862 3014 1031 3086 ἀνέκαθεν

60 3119 259 3206 προφητώυ,
284 3111 368 3186 άλλά
391 3118 448 3186 καλ
465 3115 505 3188 τά
524 3116 581 3186 διά
597 3121 656 3205 τῆς
681 3120 825 3206 ἐμαυτοῦ
844 3123 1029 3206 παρουσίας

20 3247 46 3289 οο
60 3227 99 3291 έν
116 3249 152 3291 τε
169 3234 242 3300 ταῖς
259 3235 513 3312 προτρεπτικαῑς
532 3223 764 3300 διδασκαλίαις
781 3221 837 3288 καλ
855 3234 923 3297 τοῖς
941 3220 1031 3306 λογι-

131 3457 145 3504 1
164 3454 252 3507 Marc.
266 3456 306 3520 14,
321 3455 360 3506 10.
465 3457 481 3505 6
499 3452 599 3505 Matth.
614 3454 656 3515 26,
671 3454 711 3503 14.
