2326 3818
144 136 207 202 586
551 135 700 187 εοεεοιι

146 275 262 365 ἐπειδή
283 273 344 364 ὅλη
368 274 506 366 μυριὰς,
539 269 623 363 ὁμοῦ
650 275 689 344 δὲ
717 278 773 345 καὶ
801 274 908 365 χιλιὰς
932 282 969 346 ἐκ
991 304 1028 348 τε
1051 283 1115 348 τοῦ

146 386 278 460 κλίτους
295 374 471 448 αὐτοῦκαὶ
489 373 554 447 άπό
571 379 639 446 τοῖν
657 380 777 459 δεξιῶν
793 389 971 447 πεσεῖσθαι
995 381 1115 467 λέγον-

117 507 215 569 ιται,
247 477 381 561 εἰκότως
412 481 465 548 ἐπὶ
492 476 621 558 τούτοις
644 478 719 567 ἑξῆς
750 488 878 569 εἴρηται
902 474 1014 568 “πλήν
1043 495 1115 562 τοῖς

145 578 333 671 ὀφθαλμοῖς
351 601 414 651 σου
431 576 665 666 κατανοήσεις,
690 582 746 649 καὶ
763 575 989 650 ἀνταπόδοσιν
1005 578 1113 672 ἆμαρ

144 690 261 753 πωλῶν
283 677 393 766 ὅψει.”
437 687 485 752 ll.
511 683 566 750 καὶ
591 686 683 750 ἔσται
705 685 826 768 ταῦτα,
849 685 949 769 φησὶ,
973 683 1051 769 περὶ
1076 683 1142 754 σέτ

143 785 202 854 τὸν
214 780 359 873 Χριστόν
375 789 435 852 τού
451 785 548 870 θεοῦ,
561 778 580 806 “
586 780 763 873 ἐπειδήπερ
781 781 825 852 σύ
837 774 990 869 naham}
1007 781 1116 874 κύριε,

144 881 180 968 ὃς
197 882 372 978 τυγχάνεις
386 879 468 970 ιόνή
488 882 548 973 έμη
567 886 671 970 ἐλπὶς,
688 881 748 953 τόν
760 881 904 968 ὕψιστον
918 890 1001 954 ἔθου
1015 913 1115 955 κατα·

145 984 260 1075 φυγήν
285 980 379 1054 σου”
425 989 474 1053 12.
493 992 580 1054 ἔνθα
602 986 659 1054 καὶ
684 983 870 1072 ἐπιστήσεις
896 992 971 1055 τίνα
989 983 1116 1077 τρόπον

144 1082 163 1155 ό
176 1083 349 1176 προφήτης
362 1081 444 1175 πρός
457 1083 561 1156 αὐτὸν
576 1082 636 1156 τόν
648 1083 766 1175 κύριόν
774 1107 879 1174 φησιν
892 1080 964 1156 “ότι
982 1086 1038 1175 σύ,
1056 1085 1116 1157 κύ·

146 1214 214 1275 ριε,
239 1190 332 1267 ἐλπίς
348 1215 431 1276 μου,
454 1185 513 1258 τόν
529 1184 673 1271 ὕψιστον
691 1193 775 1257 ἔθου
793 1186 991 1276 καταφυγήν
1015 1184 1112 1277 σον,”
1127 1216 1152 1258 ιο

147 1292 288 1379 διαιρῶν
304 1283 450 1378 άκριβῶς
474 1291 589 1378 ἕτερον
613 1294 707 1370 ἰδίως
731 1286 850 1375 κύριον
872 1291 928 1358 καὶ
953 1287 1013 1360 τὸν
1035 1287 1115 1360 τού-

145 1419 205 1461 του
222 1392 348 1479 πατέρα
364 1389 449 1460 θεὸν
472 1386 623 1472 ὕψιστον.
671 1395 719 1458 13.
741 1388 793 1459 διὸ
812 1388 991 1481 ἐπειδήπερ
1010 1387 1115 1462 αύτὸν

80 1519 133 1573 [ευ]
147 1486 193 1574 οἱς
215 1497 340 1580 πατέρα
365 1491 420 1560 καὶ
444 1488 528 1561 θεόν
555 1489 699 1573 ὕψιστον
726 1490 925 1579 καταφυγήν
949 1494 1073 1562 ἑαυτοῦ
1096 1487 1115 1563 ό

117 1589 288 1683 εΧριστὸς
311 1594 475 1681 τέθειται,
499 1593 649 1662 λέλεκται
673 1589 764 1685 αύτῷ
785 1590 822 1661 τὸ
839 1586 905 1661 “05
931 1590 1125 1680 προσελεύ·

146 1718 238 1763 σεται
254 1692 336 1783 πρὸς
354 1694 391 1762 σέ
408 1693 506 1780 κακά,
524 1695 580 1763 καὶ
594 1691 711 1782 μάστιξ
725 1689 787 1762 ούκ
801 1697 907 1781 έγγιεῖ
922 1696 969 1786 τῷ
982 1692 1115 1784 σκηνύ-
1128 1719 1152 1761 ιε

145 1801 228 1883 ματί
237 1817 311 1881 σου,
329 1793 379 1864 ὅτι
392 1810 461 1875 τοῖς
472 1791 624 1883 ἀγγέλοις
638 1792 743 1864 αὑτοῦ
757 1799 936 1864 ἐντελεῖται
950 1797 1027 1886 περὶ
1040 1799 1114 1884 σού,

145 1901 204 1967 τού
231 1892 434 1984 διαφυλάξαι
457 1917 495 1964 σε
526 1899 564 1965 έν
585 1893 705 1976 πάσαις
735 1911 808 1977 ταῖς
830 1890 923 1976 ὁδοῖς
944 1916 1015 1966 σου.
1059 1899 1115 1966 ἐπὶ

145 2003 267 2085 χειρῶν
283 1993 407 2082 άροῦσί
420 2017 474 2084 σε,
493 1993 619 2084 μήποτε
635 1993 828 2086 προσκόψῃς
844 1996 926 2085 πρὸς
940 2005 1039 2067 λάθον
1055 1997 1117 2068 τὸν

146 2095 234 2165 πόδα
251 2093 347 2165 σου”
393 2100 440 2165 14.
459 2097 516 2165 καὶ
544 2100 705 2186 ἐπιμελῶς
723 2126 761 2185 γε
787 2094 879 2185 τήρει
897 2106 973 2168 τίνα
990 2096 1116 2188 τρόπον

147 2202 184 2267 ἐν
201 2201 248 2291 τῷ
260 2192 333 2266 “ότι
350 2192 411 2284 σύ,
429 2195 541 2288 κύριε,
570 2203 662 2279 ἐλπίς
679 2226 762 2286 μου,
786 2197 846 2269 τόν
868 2197 1012 2280 ὕψιστον
1029 2207 1115 2271 ἔθου
1127 2225 1152 2267 εο

131 2297 343 2388 καταφυγήν
362 2297 448 2369 σου”
466 2296 503 2369 τό
520 2298 615 2389 κύριε
631 2298 686 2369 διὰ
698 2304 759 2369 τού
772 2299 1024 2389 τετραγράμμον
1037 2297 1116 2372 όνό-

145 2429 244 2490 ματος
272 2403 309 2471 έν
334 2404 382 2495 τῷ
394 2399 558 2494 Ἑβραῖκῷ
582 2404 737 2491 φέρεται,
764 2398 846 2490 ὅπερ
873 2399 1117 2491 ιἰνεκφάνητον

118 2502 233 2574 ιεῖναι
257 2505 410 2590 λέγοντες
421 2502 586 2591 Ἐβραίων
608 2509 728 2584 παῖδες
753 2505 807 2572 ἐπὶ
829 2501 935 2591 μόνον
952 2508 1011 2573 τού
1029 2509 1117 2574 θεοῦ

146 2601 421 2693 παραλαμβάνειν
444 2601 623 2691 ελιόθασιν,
650 2599 746 2693 ήμεϊς
764 2605 802 2674 δὲ
822 2607 879 2674 καὶ
906 2606 960 2674 έπὶ
977 2609 1036 2693 τῆς
1054 2611 1116 2674 τού

145 2703 247 2792 λόγου
263 2702 422 2790 θεότητος
441 2707 477 2773 ἐν
493 2711 663 2786 πλείσταις
680 2712 834 2793 κείμενον
849 2722 994 2794 γραφαῖς
1007 2731 1116 2793 προα-
1129 2728 1154 2772 ετ

146 2810 245 2874 πεδεί
230 2802 414 2892 λξαμεν,”
387 2825 499 2894 ωσπερ
523 2807 578 2875 καὶ
605 2809 642 2876 ἐν
664 2812 711 2899 τῷ
734 2805 816 2895 μετά
839 2822 951 2939 χεῖρας
973 2814 1115 2900 Ψαλμῷ,

145 2903 182 2986 ὅς
206 2928 310 2994 φησιν
335 2911 383 2986 εἰς
405 2905 585 2997 πρόσωπον
610 2905 716 2977 αὐτού
737 2911 798 2978 τού
820 2915 941 2998 κυρίου
959 2905 1035 2977 “ό’τι
1058 2905 1115 2996 σύ,

145 3003 253 3095 κύριε,
272 3009 365 3086 έλπίς
382 3036 458 3096 μου,
476 3005 535 3078 τόν
545 3007 783 3091 ύψιστονέθον
795 3007 996 3099 καταφυγήν
1013 3006 1113 3098 σου,”

144 3109 324 3198 μονονουχὶ
343 3106 485 3197 λέγων“
466 3137 517 3179 οτι
534 3108 578 3179 σύ
596 3106 712 3199 αύτός,
731 3100 759 3179 5
775 3108 883 3201 κύριε,
901 3106 937 3193 ὃς
956 3114 1036 3200 ἐμοῦ
1053 3118 1116 3181 τοῦ

144 3215 248 3280 ταῦτα
272 3208 542 3300 προφητεύοντος
567 3215 660 3293 ἐλπὶς
685 3207 733 3281 ὢν
758 3211 950 3301 τυγχάνεις,
980 3219 1115 3300 μείζονα
1128 3235 1154 3280 εο

146 3314 272 3381 σαυτού
298 3309 357 3382 τόν
380 3309 465 3382 θεόν
487 3312 546 3383 τὸν
562 3309 705 3394 ύψιστον
723 3309 821 3394 ελδιλς
840 3317 984 3399 ἐκεῖνον,
1010 3309 1115 3384 αύτόν

142 3417 229 3479 ἔθου
246 3411 446 3502 καταφυγήν
462 3435 534 3483 σου.
578 3419 627 3482 15.
645 3410 729 3484 ὅθεν
746 3416 802 3483 καὶ
827 3416 863 3485 έν
880 3412 968 3505 άρχῇ
984 3416 1114 3502 ἐλέγετο
