2326 3818
113 217 178 283 678
518 218 667 270 Ευειιοιι

113 362 177 428 θεέ
192 387 258 447 μου
275 359 338 428 θεέ
352 387 429 448 μου,
449 362 541 430 ίνατί
556 360 765 446 ἐγκατέλιπές
782 386 823 448 με
831 356 861 443 ;”
891 366 1086 448 συλλαμβα-

114 462 245 551 νομένρι
269 460 330 548 μέν
354 450 416 530 οῦν
438 463 494 530 καί
517 463 780 554 κυοφορουμένω
803 459 869 530 ὑπὸ
899 464 957 549 της
986 459 1086 549 ἁγίας

113 563 288 650 παρθένου
311 564 359 654 τῷ
384 564 578 655 δηλουμένῳ
602 560 783 652 ἡπατρικη
803 559 944 651 δύναμις
962 568 1086 652 συνῆν,

113 656 168 732 ὅτε
186 665 317 751 πνεῦμα
343 657 440 750 ἅγιον
458 667 585 753 ἐπῆλθε
603 668 644 753 τῇ
662 667 840 757 παρθένῳ,
865 667 921 733 καὶ
941 662 1086 753 δύναμις

112 761 258 847 ὑψίστου
277 766 474 835 ἐπεσκίασεν
492 762 594 856 αῦτη,
613 760 711 846 αῦτός
728 760 792 835 τεῦ
806 763 914 855 πατὴρ
931 761 991 836 τδν
1007 794 1113 853 γον-ε

113 863 282 954 νάμενον,
308 864 352 946 ὡς
376 864 395 935 ὁ
419 864 516 953 λόγος
535 857 762 956 παρέστησεν,
783 861 849 936 ἀπὸ
866 872 925 955 τῆς
942 867 1086 955 γαστρὸς

113 968 310 1049 ἐξέσπασεν·
343 965 579 1056 ἀποδυομένου
610 969 647 1037 δέ
671 965 761 1053 παρά
790 965 849 1036 τόν
878 966 995 1054 καιρὸν
1025 973 1087 1039 τοῦ
1112 1028 1116 1035 .

102 1066 243 1149 ’πάθους
267 1066 349 1154 πρὸς
374 1069 436 1158 τὴν
460 1061 542 1138 κατά
566 1075 626 1140 τοῦ
649 1067 802 1138 θανάτου
819 1067 946 1156 πάλην,
972 1065 1085 1140 οῦκέτι

111 1167 238 1257 βοηθὸς
262 1166 352 1263 αὐτῷ
376 1173 497 1260 παρην.
548 1175 596 1240 72.
615 1174 713 1240 τοῦτο
730 1173 815 1258 γοῦν
842 1165 932 1263 αὐτῷ
955 1200 1084 1260 μαρτυ-

112 1275 229 1358 ροῦντι
259 1269 413 1341 πιστεύω.
467 1270 503 1341 τδ
536 1269 599 1360 γάρ
625 1265 721 1359 “ἠλεὶ
747 1269 820 1359 ἠλεί
854 1275 942 1360 λαμᾶ
975 1281 1084 1359 σαβα-
1098 1303 1123 1341 10

85 1367 235 1460 ιχθανί”
263 1376 440 1463 εἰρημένον
465 1368 555 1466 αὐτῷ
584 1374 638 1442 ἐπὶ
661 1376 722 1442 τοῦ
745 1379 908 1460 σταυροῦ,
936 1375 992 1442 καὶ
1016 1370 1083 1443 ὑπὸ

110 1477 172 1543 τοῦ
195 1478 336 1566 Ψαλμοῦ
354 1479 566 1565 προφητικῶς
592 1470 920 1563 άναπεφωνημένον,
939 1477 995 1543 καὶ
1008 1471 1084 1544 “Su

110 1583 227 1657 θλίψις
253 1573 370 1663 ἐγγῦς,
398 1572 448 1645 ὅτι
472 1573 534 1646 οῦκ
558 1582 649 1645 ἔστιν
672 1571 884 1664 ὁβοηθῦν,”
911 1584 945 1645 τί
968 1579 1083 1665 ἕτερον

111 1673 232 1764 ἐδήλου
252 1671 273 1763 ἢ
291 1673 341 1746 ὅτι
360 1675 404 1759 ὡς
421 1679 523 1766 μέγας
540 1673 689 1765 ἀθλητὴς
712 1693 781 1757 τοῖς
805 1674 974 1757 τοσούτοις
992 1674 1082 1747 ἀντι-

109 1774 226 1859 πάλοις
244 1783 513 1867 προβεβλημένος
531 1769 592 1867 ἦν,
614 1775 905 1866 ἀγωνοθετοῦντος
922 1781 978 1848 καί
997 1786 1082 1868 βρα-
1096 1806 1121 1846 15

109 1876 268 1965 βεῦοντος
285 1894 355 1960 τοῖς
378 1884 565 1969 γινομένοις
582 1887 642 1950 τοῦ
660 1882 714 1949 έπλ
732 1884 814 1949 πᾶσι
831 1885 932 1963 θεοῦ;
957 1884 1082 1967 έφορον

111 1977 142 2048 δ’
163 1970 226 2051 οῦν
247 1985 316 2050 τῶν
340 1985 576 2068 πραττομένων
595 1979 774 2070 παρεκάλει
799 1980 857 2050 τὸν
882 1983 1007 2066 πατέρα
1025 1984 1082 2049 καὶ

109 2079 290 2169 πάρεδρον,
310 2077 353 2162 ῦς
367 2079 410 2150 ἀν
425 2085 535 2163 δεξιὸν
548 2081 720 2169 ἀλείπτην,
740 2076 829 2174 αὐτῷ
842 2098 1080 2171 συμπαρεῖναι,

110 2180 215 2271 ταῦτη
233 2180 377 2269 μάλιστα
395 2180 450 2252 ὅτε
463 2180 544 2271 μηδ’
561 2182 712 2273 ὑπῆρχεν
726 2178 817 2276 αὐτῷ
831 2181 956 2271 βοηθὸς
971 2186 1082 2273 ἕτερος

109 2279 130 2372 ἢ
153 2281 253 2372 μόνος
278 2279 325 2364 εἷς
350 2281 368 2352 ὁ
392 2285 581 2373 βραβευτης
608 2288 676 2354 των
703 2288 899 2372 γινομένων.
950 2290 999 2353 73.
1026 2283 1079 2354 διό
1094 2313 1119 2352 εο

84 2407 213 2474 εφησιν
232 2383 410 2474 εὐχόμενος
423 2381 491 2474 ’μὴ
514 2385 660 2477 ἀποστῇς
686 2383 744 2454 ἀπ’
768 2389 866 2474 ἐμοῦ,
895 2384 944 2454 ὅτι
962 2394 1080 2469 θλίψις

111 2487 225 2575 ἐγγῦς,
252 2486 302 2558 ὅτι
327 2485 390 2558 οῦκ
413 2496 505 2557 ἔστιν
528 2483 740 2576 δβοηθών,”
787 2485 876 2573 ὁρῶν
894 2487 931 2555 δέ
950 2489 1081 2569 ἐνθέοις

108 2585 254 2677 ὄμμασιν
272 2597 320 2658 έτι
339 2590 393 2658 ἐπὶ
411 2592 473 2658 τοῦ
490 2596 600 2677 ἰκρίον
618 2590 892 2679 προσηρτημένον
911 2585 1002 2681 αὐτῷ
1020 2595 1080 2658 τοῦ

108 2687 258 2778 σοι’ματος
275 2687 333 2772 τάς
351 2693 479 2772 έξωθεν
496 2688 583 2780 ἀμφὶ
599 2689 658 2760 τὸν
675 2689 757 2780 ἀέρα
775 2694 893 2760 τοῦτον
911 2686 1080 2777 ἀσάρκους

108 2794 164 2860 καί
182 2788 376 2878 ἀνθρώποις
389 2787 550 2877 ἀοράτους
564 2790 723 2881 δυνάμεις
738 2796 837 2879 δίκην
850 2795 981 2860 οίωνῦν
995 2787 1079 2880 ὠμο-
1092 2820 1119 2860 25

108 2890 223 2981 βόρων
246 2895 300 2960 καὶ
319 2890 443 2981 τρόπον
460 2901 592 2982 θηρίων
610 2896 687 2983 περὶ
712 2891 815 2962 αὑτὸν
833 2894 1079 2981 ίλυσπωμένας,

108 2994 165 3063 καί
182 2993 264 3082 πρὸς
281 2991 318 3062 τὸ
335 2996 457 3082 μέλλον
469 2990 549 3065 ὅσον
566 2992 660 3066 οῦπω
678 2991 802 3083 νεκρὸν
820 3001 957 3065 ἔσεσθαι
975 2992 1080 3064 αὐτοῦ

107 3094 145 3165 τὸ
163 3102 276 3184 σῶμα,
302 3094 517 3185 πανταχόθεν
541 3124 576 3166 τε
595 3094 805 3187 συρρεούσας
827 3093 885 3174 τάς
903 3091 1004 3183 ἀρχάς
1022 3098 1080 3164 καὶ

109 3199 260 3280 ἐξουσίας
273 3201 334 3267 τοῦ
347 3193 455 3288 ἀέρος,
474 3202 532 3268 τοῦ
550 3196 737 3288 πνεύματος
750 3201 809 3266 τοῦ
823 3201 888 3266 νῦν
902 3200 1079 3285 ἐνεργοῦν·

80 3326 162 3379 ατος
190 3303 227 3369 ἐν
249 3315 318 3381 τοῖς
342 3305 429 3380 υίοῑς
453 3302 510 3388 της
533 3295 707 3379 ἀπειθείας
715 3352 725 3385 ,
749 3300 804 3367 καί
829 3305 877 3368 ἔτι
894 3296 973 3379 τοῦς
990 3293 1077 3385 ἀμφὶ
1091 3324 1117 3365 ιο

108 3397 171 3486 τὴν
188 3408 253 3488 γην
270 3403 504 3490 διιπταμένονς
522 3396 603 3470 καθ’
622 3399 701 3489 ὅλης
724 3401 782 3486 τῆς
800 3404 867 3470 τῶν
884 3394 1080 3488 ἀνθρώπων

108 3504 305 3589 οἰκουμένης
325 3509 503 3592 δαίμονας,
530 3501 616 3584 είκὸς
637 3500 667 3571 δ’
689 3500 738 3571 ὅτι
757 3503 813 3570 καὶ
837 3497 914 3581 τοῦς
930 3498 1079 3588 ῦποχθο·
