2326 3818
333 108 518 179 ουιιοιιου.
535 70 667 162 nmo.
685 108 746 163 vn.
765 111 789 161 τ.
951 105 955 111 ’
996 105 1060 170 465

89 246 172 340 μετὰ
188 247 250 338 τήν
267 253 326 319 τοῦ
352 250 499 338 σωτήρος
524 241 621 336 ήμῶν
636 241 743 336 Ἰησοῦ
762 251 908 336 Χριστοῦ
932 272 1061 342 παρου-

89 358 168 420 σίαν
186 355 290 421 παντί
304 375 350 443 τῳ
367 346 549 439 πρόδηλον.
585 352 637 437 22.
651 349 780 437 πολλῆς
798 347 862 470 666
876 343 978 437 οῦσης
996 346 1060 438 πρὸ

89 448 209 523 τούτου
227 416 432 540 πολυαρχίας
455 451 511 519 καὶ
536 450 613 540 τῶν
630 441 778 535 ἐθνῶν’
760 446 930 546 απάντωυ
936 477 1061 538 τυραν-

82 545 316 641 νουμέυων”
295 580 317 639 η
350 550 689 642 δημοκρατουμένων,
720 543 765 630 ῶς
789 555 955 637 μηδεμίαν
979 548 1060 640 πρὸς

55 647 255 741 τῶλλήλους
273 654 443 741 ἐπιμιξίαν
459 650 540 735 τοῦς
554 645 760 741 ἀνθρώπους
778 655 877 740 ἔχειν,
897 656 991 730 ἰδίως
1010 653 1059 738 δὲ,

79 751 172 842 φέρε
192 781 207 823 ε
209 760 310 842 πεῖν,
330 747 559 876 Αἰγυπτίων
539 751 606 822 υπὸ
623 746 775 843 οἰιιε(ω”
754 778 888 842 αρχοντι
905 758 1061 838 βασιλευ-

90 852 341 943 ομένων,”ιιαὶ’
339 852 485 945 Αροῖβων
503 848 679 941 ῶσαῦτως,
698 854 754 922 ιιαὶ
768 847 964 942 Ἰδουμαίων
983 862 1060 922 Φοι-

90 961 196 1027 νίιιων
219 983 255 1026 τε
276 958 333 1041 ιιαὶ
336 953 509 1048 Σῦρων
499 957 556 1025 καὶ
572 956 642 1025 τῶν
662 950 774 1023 ἄλλων
797 954 924 1040 ἐθνῶν,
944 956 1060 1022 ἐπανι-
1074 980 1129 1030 (ωτι

91 1058 265 1145 σταμένων
283 1084 318 1127 τε
336 1054 449 1128 ἐθνῶν
466 1063 583 1138 ἔθνεσι
601 1056 657 1124 καὶ
675 1052 807 1124 πόλεων
824 1051 951 1143 πόλεσι,
970 1064 1062 1124 πολι-

54 1183 79 1223 ιο
92 1162 264 1289 ορκιῶντε
274 1151 406 1257 μυρίων
420 1154 481 1228 666
464 1157 726 1247 αἰχμαλωσιῶν
739 1151 823 1225 κατὰ
837 1153 946 1226 πάντα
959 1153 1062 1225 τόπου

90 1284 127 1327 τε
144 1261 200 1327 καὶ
199 1256 342 1380 χῶραν
349 1259 630 1380 ἐπιτελουμένων,
650 1253 766 1344 ἐπειδή
785 1259 896 1380 παρῆν
913 1250 931 1325 6
951 1254 1061 1346 σωτήρ

91 1359 147 1427 καὶ
165 1355 297 1448 κύριος,
319 1353 403 1448 ὁμοῦ
424 1360 468 1450 ,66
490 1365 539 1438 εἰς
563 1354 767 1448 ἀνθρώπους
791 1355 894 1427 αὐτου
881 1355 1061 1450 παρόδω,

91 1455 225 1581 πρῶτον
243 1487 279 1529 τε
292 1453 462 1548 Ῥωμαίων
480 1455 679 1583 A66066606
702 1463 770 1528 τῶν
794 1459 942 1529 ἐθνῶν’
926 1484 1060 1546 επιιιρα-

90 1557 297 1649 τήσαντος,
294 1560 412 1648 λέλυτο
435 1557 533 1648 μὲν
514 1588 536 1647 6
554 1567 693 1647 πλείστη
716 1566 961 1680 πολυαρχία,ε
946 1556 1062 1647 εἰρήνη

53 1655 131 1730 1566
156 1658 358 1749 διελάμβανε
387 1657 450 1749 τήν
474 1658 656 1749 σύμπασαν
686 1662 766 1750 666,
794 1663 845 1750 66
851 1657 934 1753 μετὰ
950 1677 1063 1749 χεῖρας

74 1756 304 1845 .ιῖιιολοῦθως
311 1759 493 1853 προρρήσει
516 1759 703 1888 διαρρήδην
731 1757 867 1851 φησῶση
891 1762 969 1883 περὶ
996 1763 1063 1830 τῶν

91 1866 158 1932 τοῦ
175 1867 321 1953 Χριστοῦ
345 1869 508 1952 μαθητῶν
526 1857 635 1932 “διότι
658 1864 725 1932 νῦν
748 1860 1063 1950 μεηαλυνθήσονται
1076 1890 1109 1932 ι·

92 1966 154 2045 ἕως
172 1961 285 2056 ῶιιρων
302 1969 360 2055 τής
377 1971 457 2054 γῆς,
480 1964 537 2034 καὶ
556 1969 647 2034 ἔσται
665 1959 753 2051 αῦτη·
775 1957 924 2053 εἰρήνη.”
965 1968 1016 2031 23.
1037 1953 1063 2055 ᾦ

92 2063 231 2156 συνᾴδει
249 2064 286 2134 τὸ
304 2068 342 2135 ἐν
364 2073 515 2154 Ψαλμοῖς
533 2063 665 2153 φῶσιιον
683 2065 760 2154 περὶ
772 2069 833 2133 τοῦ
844 2067 992 2154 Χριστοῦ
1010 2062 1063 2132 λα’-

53 2187 80 2247 2⁰
93 2191 167 2252 ηιον
180 2161 361 2236 “οἷνατελιῖ
376 2169 413 2236 ἐν
430 2183 504 2246 ταῖς
518 2160 657 2254 ήμέραις
671 2161 776 2234 αῦτοῦ
792 2163 989 2254 δικαιοσύνη
1008 2167 1063 2233 καὶ

92 2268 222 2352 πλῆθος
240 2262 408 2356 εἰρήνης.”
446 2263 499 2335 διό
511 2295 568 2354 μοι
583 2271 676 2336 δοκεῖ
691 2263 804 2355 ἅρχων
819 2263 954 2356 εἰρήνης
974 2270 1010 2334 ἐν
1023 2270 1063 2354 τή

92 2364 156 2454 πρὸ
173 2363 295 2454 ταύτης
313 2372 543 2454 παρατεθείση
561 2371 748 2456 προφητεία
767 2363 973 2454 ὠνομάσθαι.
995 2369 1063 2433 ἐπί-

93 2465 216 2555 στησόν
238 2495 277 2554 γε
300 2465 366 2557 μήν
384 2473 460 2537 τίνα
484 2463 609 2556 τρόπον
626 2460 644 2534 6
662 2462 743 2554 μετὰ
760 2480 873 2590 ηεϊρας
890 2463 1063 2587 προφήτης

92 2571 148 2636 καὶ
174 2565 406 2652 ἐξελεύσεσθαι
429 2567 491 2657 μὲν
516 2570 549 2650 ἐξ
573 2564 728 2657 οὐρανῶν
750 2566 810 2635 τὸν
827 2562 945 2655 ιιῦριον
963 2563 1064 2655 ιἰρχό-

53 2691 80 2732 25
92 2697 191 2758 μενος
200 2667 402 2792 ἔφησευ,’
366 2698 406 2740 ου
423 2668 586 2793 πρότερον
601 2669 638 2740 δὲ
651 2683 828 2757 ποιμανεῖυ
840 2663 917 2746 τοῦς
930 2664 1064 2755 ἀνθρω-

92 2778 176 2852 πους
194 2765 215 2856 6
233 2769 441 2891 6666666666
458 2768 517 2842 τὸν
534 2767 807 2860 θεσπιζόμενον’
791 2797 827 2839 εν
840 2796 881 2889 τη
871 2770 1062 2888 Βηθλεέμ.

92 2868 182 2938 24¹
163 2895 254 2952 οπως
273 2872 309 2940 66
328 2876 430 2943 ταῦτα
448 2870 559 2942 ἐπὶ
525 2900 585 2942 τον
602 2877 734 2961 σωτήρα
761 2872 817 2939 καὶ
835 2867 953 2993 ιιῦριον
971 2863 1089 2957 ήμῶν

93 2971 287 3058 ἐπεραιοῦτο
307 2970 568 3095 ἐμαρτύρησενὸ
589 2967 823 3094 εῦαμμελιστής
844 2967 891 3038 δι’
914 2960 962 3039 ῶν
980 2995 1063 3057 προ-

95 3070 316 3159 εξεθὲμην’
277 3076 380 3142 αυτοῦ
398 3076 531 3160 φωνῶν.
568 3097 694 3195 ποιμήν
712 3072 750 3141 66
767 3068 858 3141 666‘
842 3069 1026 3160 ηγοῦμενος
1044 3064 1061 3135 6

54 3193 81 3233 ³0
94 3169 235 3264 Χριστὸς
254 3167 561 3262 ἆναδειχθήσεσθαι
579 3177 639 3242 τοῦ
654 3168 784 3262 Ἰσραήλ
804 3181 943 3261 εἴρηται,
961 3168 1064 3256 συνή-

162 3407 195 3454 20
214 3404 261 3458 Ps.
277 3406 318 3467 ιο,
333 3405 355 3453 ι.

145 3503 285 3540 numme
306 3504 352 3542 111.
871 3483 912 3546 30
