2326 3818
306 138 491 190 DEMONST.
508 138 645 191 ονεαο.
664 139 726 190 v11.
746 142 770 188 1.
789 142 813 191 ι.
967 137 1031 202 459

60 279 243 368 τευομένου
267 283 314 357 είς
337 271 541 362 ἀνθρώπους
565 278 759 365 ἐπιδημίας,
787 272 828 345 οό
855 276 923 365 μῆν
947 273 1030 347 ἄλλά

61 379 117 447 καλ
135 376 153 447 ό
171 378 293 468 τρόπος
316 382 375 464 τῆς
399 380 597 466 ἐπιφανείας
614 373 718 447 αὐτοῦ
743 376 798 446 διὰ
816 381 884 449 τῶν
902 404 1030 467 προφη-

61 481 163 549 τικῆν
181 474 415 549 ἀποδέδεικται
432 483 642 567 μαρτυριῶν,
666 475 781 566 καιρός
805 473 848 548 άν
867 488 918 566 εἴη
937 501 1030 548 συνι-

63 586 136 650 δελν
153 584 219 649 ποῦ
237 585 298 668 γῆς
315 578 591 667 γεννηθῆσεσθαι
607 580 663 648 καὶ
689 576 773 648 ὅθεν
789 584 910 666 γένους
927 575 1030 666 ῆξειν,

35 684 95 762 εέξ
113 675 230 762 ὁποίας
247 707 283 751 τε
296 677 461 769 Ἑβραίων
478 677 744 770 προελεύσεσθαι
762 682 872 766 φυλῆς
891 678 1031 768 ἐκηρύτ-

60 809 151 871 τετο,
170 778 192 851 οἳ
211 783 267 852 καὶ
285 776 372 850 αὐτὰ
390 785 474 870 φέρε
492 779 735 871 ἐρευνῆσωμεν.

387 1046 465 1123 Ἀπό
483 1057 544 1121 τοῦ
563 1057 704 1139 Μιχαία,

137 1186 173 1254 ll.
189 1181 279 1255 “Kal
298 1186 341 1255 σύ
352 1185 507 1272 Βηθλεὲμ
519 1184 609 1265 οίιιος
621 1187 681 1254 τοῦ
695 1180 847 1273 Ἐφραθά
858 1181 1030 1271 ὀλιγοστὸς
1044 1210 1059 1249 d

62 1285 94 1356 εί
108 1291 170 1356 τοῦ
188 1286 275 1356 εἶναι
300 1289 337 1356 ἐν
359 1282 503 1374 χιλιάσιν
518 1281 645 1369 Ἰούδα,
671 1289 707 1354 ἐκ
730 1286 794 1354 σοῦ
819 1312 876 1372 μοι
901 1283 1032 1366 ἐξελεύ-

24 1417 49 1454 ιο
62 1408 154 1456 σεται
170 1381 368 1474 ῆγοόμενος,
385 1387 446 1455 του
458 1384 544 1454 εἶναι
557 1392 605 1465 είς
617 1383 761 1475 άρχοντα
780 1387 817 1456 ἐν
828 1390 873 1477 τῷ
888 1382 1029 1473 Ἰσραῆλ,
1043 1411 1098 1462 (ιιι)

62 1490 117 1557 καὶ
145 1493 183 1556 αί
207 1489 314 1568 ἔξοδοι
340 1483 444 1556 αότοό
470 1481 530 1555 ἀπ’
556 1482 659 1575 ἀρχῆς
686 1489 719 1568 ἐξ
744 1481 880 1574 ῆμεροῐν
898 1488 1028 1564 αίοᾶνος.

62 1586 118 1658 διά
136 1591 233 1658 τοῦτο
253 1585 354 1657 δόσει
373 1582 495 1668 αὖτοός
514 1590 575 1668 ἕως
593 1592 712 1676 καιροῦ
729 1583 918 1673 τικτούσης·
946 1589 1031 1668 τίξε·

61 1717 132 1776 ται,
157 1691 213 1759 καὶ
236 1695 272 1759 οί
294 1691 457 1758 ἐπίλοιποι
480 1691 548 1759 τῶν
571 1683 730 1775 ἀδελφῶν
753 1683 866 1757 αὐτῶν
885 1690 1032 1776 ἐπιστρέ-

61 1805 185 1872 ψονσιν
200 1792 254 1861 ἐπὶ
266 1788 344 1870 τούς
359 1786 455 1871 νίοός
465 1787 605 1879 Ἰσραῆλ.
638 1792 694 1859 καὶ
704 1786 871 1876 στήσεται,
886 1791 942 1859 καὶ
955 1784 1032 1871 όψε-

25 1916 49 1957 ιε
61 1920 133 1982 ται,
147 1894 204 1962 καὶ
222 1906 380 1980 ποιμανεί
393 1888 432 1961 τό
451 1899 606 1980 ποίμνιον
625 1886 729 1961 αὑτοῦ
744 1893 781 1961 ἐν
799 1887 891 1978 ἰσχύι·
906 1888 1031 1978 πόριος,

62 1997 118 2063 καὶ
131 1997 168 2064 ἐν
178 1999 219 2083 τῆ
233 1991 312 2083 δόξη
321 1997 383 2063 τοῦ
393 1991 553 2081 ὀνόματος
565 2000 684 2083 κυρίου
697 1994 783 2063 θεοῦ
794 1988 908 2061 αὐτοῖν
926 1988 1032 2076 ὑπάρ·

62 2097 165 2175 ξουσι.
210 2091 295 2162 διότι
317 2098 383 2162 νῦν
409 2092 726 2180 μεγαλυνθῆσονται
750 2098 811 2175 ἕως
836 2091 949 2181 όιιιροιυ
975 2096 1033 2179 τῆς

62 2198 141 2282 γῆς,
159 2195 216 2262 καὶ
235 2199 327 2262 ἐσται
345 2189 429 2281 αὕτη
448 2190 599 2282 είρῆνη.”

138 2291 383 2381 2.Ἐμμανουῆλ
393 2292 726 2381 μεθερμηνευόμενος
738 2288 817 2380 μεθ’
832 2291 927 2380 ἡμῶν
939 2290 1033 2379 θεός,

24 2422 50 2462 ιο
65 2398 101 2464 ἐιι
117 2397 176 2482 τῆς
194 2395 369 2482 παρθένου
386 2391 614 2481 γεννώμενος,
632 2396 688 2462 καὶ
706 2398 843 2461 παιδίον
860 2391 1034 2479 γινόμενος
1050 2425 1062 2463 ι

63 2494 156 2584 ὁτῆς
178 2492 324 2583 μεγάλης
349 2496 473 2583 βουλῆς
496 2490 653 2583 ἅγγελος,
681 2495 795 2579 σαφεῖς
822 2495 959 2579 ἐδείχθη
978 2490 1033 2560 διά

62 2601 130 2667 τῶν
147 2598 465 2687 προεατεθειμίνωυ.
501 2591 575 2664 ἀλλ’
596 2599 696 2684 ἐχρῆν
714 2595 770 2662 καὶ
787 2589 846 2662 τόν
863 2595 921 2680 τῆς
938 2596 1035 2680 γενέ-

64 2719 148 2780 σεως
172 2693 279 2768 αὐτοῦ
302 2700 519 2787 σημανθῆναι
535 2694 647 2767 τόπον.
689 2691 933 2784 προφητεόεται
951 2696 1034 2781 δῆτα

64 2802 102 2868 ἐιι
118 2801 275 2887 Βηθλεέμ
299 2827 350 2879 τις
375 2796 609 2880 ἐξελεύσεσθαι
631 2794 744 2885 ἄρχων
768 2799 805 2865 ἐν
828 2799 874 2887 τῷ
893 2790 1034 2883 Ἰσραῆλ,

25 2925 52 2968 ει
64 2898 122 2979 τὰς
141 2897 275 2981 ἐξόδους
293 2895 353 2968 ἀπ’
373 2895 476 2989 ἀρχῆς
494 2901 527 2980 ἐξ
540 2896 675 2986 ῆμερῶν
684 2900 806 2977 αἰῶνος
819 2903 912 2985 ἔχων.
938 2901 1035 2966 τοῦτο

66 3001 104 3070 δὲ
121 2997 184 3070 οὐκ
202 2993 244 3069 όν
263 2998 484 3090 ἐφαρμόσειεν
500 2996 687 3088 ἀνθρώπου
705 2995 818 3086 φάσει,
837 3004 869 3067 εί
879 2993 924 3086 μῆ
943 2996 1034 3089 μόνῳ

64 3108 111 3194 τῷ
125 3099 335 3190 Ἐμμανονῆλ
358 3101 414 3171 καὶ
436 3103 484 3192 τῷ
501 3103 559 3187 τῆς
576 3096 721 3187 μεγάλης
745 3102 870 3186 βουλῆς
893 3096 1031 3188 ἀγγέλῳ.

65 3201 102 3272 τὸ
119 3200 184 3292 γάρ
202 3204 235 3285 ἐξ
253 3206 375 3283 αίόνος
396 3196 587 3290 ὑφεστάναι
602 3204 671 3271 τίνι
693 3195 759 3291 ἄρα
777 3197 975 3291 ίφαρμόττοι
992 3193 1035 3267 ἂν

133 3435 150 3485 8
166 3433 233 3488 Μία.
245 3435 270 3496 ό,
283 3435 308 3485 2.
