2326 3818
272 117 458 171 DEMONST.
477 117 611 171 EVANG.
630 117 676 167 VI.
696 120 736 167 13.
757 118 797 167 14.
964 113 1028 178 375

56 254 129 345 ῆτις
161 262 227 345 ἔχει
255 254 405 345 μεγάλην
436 261 719 344 μισθαποδοσίαν.
763 253 934 344 ὑπομονῆς
964 253 1026 343 γὰρ

59 367 150 447 ἔχετε
166 364 293 446 χρείαν,
312 363 368 427 ’ίνα
386 355 422 426 τὸ
441 359 573 444 θέλημα
590 358 650 426 τοὺ
662 360 747 426 θεοῦ
759 354 957 442 ποιῆσαντες
971 385 1028 425 κο-

57 466 204 547 μίσησθε
222 457 283 546 τῆν
301 462 512 545 ἐπαγγελίαν.
555 463 603 526 ἔτι
626 453 689 544 γὰρ
706 452 825 544 μικρόν
849 454 929 526 ὅσον
946 454 1027 528 ὅσον
1042 487 1094 535 (ειη

57 563 76 629 ὁ
102 557 277 648 ἐρχόμενος
309 556 379 648 ῆξει
402 561 458 628 καὶ
486 555 527 627 οὑ
550 574 686 647 χρονιεῖ.
736 551 754 625 ὁ
780 557 817 625 δὲ
841 562 967 636 δίκαιος
992 563 1028 627 ἐκ

27 659 199 741 επίστεαός
217 690 282 748 μου
300 658 446 749 ζήσεται,
475 661 531 729 καί
549 656 608 728 έὺν
624 656 872 745 ὑποστείληται,
891 653 953 726 οὑκ
971 656 1029 726 εὑ-

59 758 195 849 δοκείῆ
221 759 311 851 ψυχῆ
334 791 399 849 μου
424 766 461 832 ἐν
485 757 610 853 αὑτῷ.”
654 764 683 830 4.
712 761 768 828 καὶ
791 755 854 847 ὅρα
876 785 915 846 γε
938 756 1028 839 ὅπως

60 861 114 932 διίι
132 862 260 934 τούτων
278 861 417 952 ἀσαφῶς
435 869 590 951 κείμενον
607 858 644 932 τό
663 859 888 949 προφητικὸν,
917 858 971 928 διὰ
990 858 1027 928 τὸ

58 963 137 1033 καθ’
158 959 349 1053 ὑπερβατὸν
368 967 544 1053 είρῆσθαι,
564 966 619 1033 ἐπὶ
636 959 673 1032 τό
692 965 898 1051 σαφέστερον
917 958 937 1047 ῆ
957 965 1029 1030 ἐπι-

58 1064 156 1153 στολῆ
177 1072 359 1154 διείληφεν.
404 1071 433 1134 5.
461 1063 482 1152 ῆ
505 1065 568 1154 μέν
590 1063 653 1152 μὰρ
676 1067 735 1152 τῆς
752 1069 955 1152 προφητείας
974 1066 1029 1132 λέ-

18 1198 45 1236 ιο
60 1170 107 1248 ξις
120 1162 161 1236 “ὁ
180 1161 378 1255 έρχόμενος”
397 1167 503 1253 φησὶν
522 1160 614 1252 “ῆξει
633 1166 689 1234 καὶ
712 1161 752 1234 οὑ
765 1160 944 1254 χρονίσει.”
972 1165 1028 1233 καὶ

60 1269 210 1353 ἐπιφέρει
222 1262 305 1337 “έο“ιν
322 1265 570 1354 ὑποστείληται,
589 1262 650 1335 οὑκ
669 1263 805 1336 εὐδοκεῖ
819 1263 840 1354 ῆ
858 1264 950 1355 ψυχῆ
962 1296 1028 1355 μου

60 1371 96 1434 ἐν
114 1362 244 1458 αὑτῷ,”
264 1365 346 1455 ὅπερ
365 1365 618 1457 συναπτόμενον
635 1365 830 1456 οἰνοίχεσθαι7
841 1366 968 1448 δόξειεν
986 1363 1055 1437 ὑνο

60 1469 113 1536 ἐπὶ
131 1465 190 1536 τὸν
208 1466 387 1557 ἐρχόμενον
404 1471 460 1539 καί
477 1465 518 1538 οὑ
536 1476 740 1558 χρονίζοντα,
754 1464 836 1556 ὅπερ
851 1470 941 1536 ἐστὶν
954 1464 1027 1537 ίιτο-

59 1595 132 1638 που.
177 1575 248 1651 πῶς
270 1566 333 1656 χὺρ
359 1567 411 1639 ἐπ’
433 1574 564 1641 ἐκεῖνον
587 1565 724 1661 ἁρμόσει
749 1568 786 1639 τὺ
806 1571 964 1657 λέγεσθαι
980 1567 1026 1657 μῆ

20 1705 45 1743 15
60 1667 214 1740 εὑδοκεῑν
232 1673 270 1740 ἐν
288 1669 378 1762 αὐτῷ
403 1669 462 1741 τόν
484 1670 586 1757 θεόν,
630 1667 746 1760 ὑλλ’ῆ
771 1677 828 1757 τῆς
853 1673 1028 1758 διαστολῆς

57 1773 245 1859 παράθεσις
264 1770 469 1856 ἐναλλόξασα
492 1770 552 1861 τῆν
575 1780 635 1843 τοὺ
658 1770 760 1860 λόγου
785 1771 942 1854 σύνταξιν
966 1771 1028 1858 τῆν

58 1872 213 1944 διάνοιαν
230 1871 386 1945 ἐσώσατο.
436 1880 464 1943 6.
491 1874 573 1963 μετὰ
591 1871 655 1962 γὰρ
673 1873 710 1942 τὸ
725 1867 794 1941 ’(ἔτι
812 1872 930 1960 μικρὸν
948 1871 1028 1941 ὅσον

56 1969 137 2044 ὅσον
154 1969 171 2043 ὑ
191 1973 365 2064 ἐρχόμενος
383 1973 453 2063 ῆξει
471 1977 526 2044 καὶ
545 1973 585 2044 οὑ
603 1971 771 2063 χρονίσει”
801 1976 873 2061 ἑξῆς
897 1975 1028 2059 συνῆψε

57 2073 93 2141 τὸ
107 2070 148 2143 “ὑ
167 2077 204 2143 δέ
223 2083 350 2155 δίκαιος
370 2079 405 2143 ἐκ
419 2083 566 2155 ,πίστεως
585 2072 750 2162 ζῆσεται.”
790 2074 860 2144 εἶτα
877 2072 913 2143 τὸ
933 2077 970 2143 έν
987 2077 1028 2164 τῆ

17 2206 45 2245 20
58 2182 244 2265 προφητείᾳ
262 2179 394 2260 πρῶτον
412 2183 568 2265 κείμενον
584 2171 726 2258 ὑπέταξε
745 2175 903 2263 δεύτερον
928 2179 964 2245 ἐν
981 2182 1027 2266 τῷ

52 2269 130 2343 “nal
150 2272 209 2343 ἐὰν
225 2272 477 2363 ὑποστείληται,
504 2272 566 2347 οὑκ
591 2274 726 2347 εὐδοκεῖ
747 2275 768 2364 ῆ
792 2274 884 2366 φυχῆ
901 2304 966 2365 μου
991 2279 1027 2344 ἐν

57 2370 182 2466 αὑτῷ.”
227 2371 313 2457 ἅπαξ
332 2372 395 2463 γὰρ
413 2384 578 2458 θεσπίσας
596 2372 613 2446 ὁ
633 2377 730 2465 λόγος
749 2378 804 2447 διὰ
822 2382 879 2464 τῆς
898 2405 1051 2466 προφη-ε

56 2483 145 2556 τείας
169 2473 219 2545 ότι
245 2474 285 2565 δῆ
308 2477 346 2546 τὸ
369 2482 441 2564 φῶς
466 2477 502 2546 τὸ
526 2484 605 2547 πᾶσι
623 2495 691 2559 τοῖς
710 2485 846 2548 ἔθνεσιν
866 2482 1027 2567 ἐπηγγελ-

55 2579 159 2666 μένον
190 2578 245 2646 διὺ
275 2585 333 2665 τῆς
360 2584 505 2668 Χριστοῦ
534 2587 720 2668 παρουσίας
748 2575 840 2664 ε“όιμέ
861 2608 941 2650 ποτε
971 2581 1027 2647 καὶ

17 2714 44 2753 25
58 2680 199 2768 ἑσπέρας
223 2678 391 2768 ιἰνατελεῖ,
416 2685 472 2751 καὶ
499 2678 540 2753 οὑ
566 2679 826 2764 διαψεὺσεται·”
873 2688 901 2750 7,
923 2677 1026 2768 (οὕτω

58 2779 216 2895 χὺρέῆνχ)
237 2785 302 2888 χοῦ
320 2777 398 2851 “nal
415 2780 479 2852 οὑκ
498 2792 545 2863 είς
569 2780 693 2853 κενόν”
720 2779 739 2853 ὑ
757 2782 897 2863 Ἀκύλας
922 2776 1025 2870 ῆρμῆ-

58 2865 346 3021 ’ρὲχοῦυῗζχειτα
366 2881 421 2949 διὰ
438 2882 474 2952 τό
491 2887 625 2970 μέλλειν
642 2880 704 2965 ὀψέ
722 2886 778 2952 καὶ
798 2886 940 2971 ἑσπέρας
954 2892 1024 2951 έσε-

58 2997 143 3049 mm
161 2965 219 3068 ιῆὺ
234 2982 297 3048 ’τοὺ
314 2983 609 3070 προφητευομένου
627 2990 817 3071 παρουσίαν
836 2991 883 3064 είς
901 2978 1025 3070 ὑπομο-

57 3080 122 3168 νῆν
139 3083 371 3169 παρακαλέσας
387 3078 446 3171 ,διὰ
462 3086 524 3150 τοὺ
537 3077 621 3151 “έὺν
638 3080 823 3174 ὑστερῆση,
841 3081 1027 3170 ὑπόμεινον

19 3218 45 3258 30
58 3179 174 3270 αὑτὸν,
192 3179 213 3270 ῆ
232 3178 290 3252 έὺν
307 3180 467 3273 μελλῆση,
485 3184 672 3272 προσδέχου
690 3183 808 3272 αὑτὸν,
827 3181 876 3253 ὅτι
895 3181 912 3249 ὑ
932 3178 1026 3268 ἐρχό-

58 3311 156 3370 μενος
174 3281 243 3371 ῆξει
261 3285 317 3352 καὶ
335 3281 375 3354 οὑ
393 3281 438 3372 μῆ
462 3280 641 3374 χρονίση,”
667 3287 721 3354 ἐπὶ
745 3281 806 3372 τῆν
831 3289 944 3353 πίστιν
968 3286 1055 3370 τῆςε

58 3384 271 3474 προρρήσεως
288 3385 347 3455 τὸν
364 3380 531 3474 ἆκροατῆν
548 3389 703 3479 παρορμᾷ
719 3383 870 3475 λέγων,ὑ
889 3383 931 3474 δὴ
948 3386 1026 3455 τού-
