<?xml version="1.0" encoding="UTF-8"?>
<!DOCTYPE html PUBLIC "-//W3C//DTD XHTML 1.0 Transitional//EN"
    "http://www.w3.org/TR/xhtml1/DTD/xhtml1-transitional.dtd">
<html xmlns="http://www.w3.org/1999/xhtml" xml:lang="en" lang="en">
 <head>
  <title>
</title>
<meta http-equiv="Content-Type" content="text/html;charset=utf-8" />
  <meta name='ocr-system' content='tesseract 3.04.00' />
  <meta name='ocr-capabilities' content='ocr_page ocr_carea ocr_par ocr_line ocrx_word'/>
</head>
<body>
  <div class='ocr_page' id='page_1' title='image "./eusebiicaesarie01dindgoog/eusebiicaesarie01dindgoog_0137.png"; bbox 0 0 2326 3818; ppageno 0'>
   <div class='ocr_carea' id='block_1_1' title="bbox 143 167 696 232">
    <p class='ocr_par' dir='ltr' id='par_1_1' title="bbox 143 167 696 232">
     <span class='ocr_line' id='line_1_1' title="bbox 143 167 696 232; baseline -0.004 -12"><span class='ocrx_word' id='word_1_1' title='bbox 143 167 185 232; x_wconf 83' lang='lat'><strong><em>86</em></strong></span> <span class='ocrx_word' id='word_1_2' title='bbox 547 167 696 220; x_wconf 79' lang='lat' dir='ltr'>EUSEBII</span> 
     </span>
    </p>
   </div>
   <div class='ocr_carea' id='block_1_2' title="bbox 73 304 1134 1119">
    <p class='ocr_par' dir='ltr' id='par_1_2' title="bbox 139 304 1108 603">
     <span class='ocr_line' id='line_1_2' title="bbox 139 304 1107 399; baseline 0.003 -22"><span class='ocrx_word' id='word_1_3' title='bbox 139 307 222 379; x_wconf 73' lang='grc' dir='ltr'><strong><em>οὐδὲ</em></strong></span> <span class='ocrx_word' id='word_1_4' title='bbox 239 305 342 399; x_wconf 78' lang='grc' dir='ltr'><strong><em>ἥλιος,</em></strong></span> <span class='ocrx_word' id='word_1_5' title='bbox 361 306 435 378; x_wconf 80' lang='grc' dir='ltr'><strong><em>ἀλλ’</em></strong></span> <span class='ocrx_word' id='word_1_6' title='bbox 451 304 470 380; x_wconf 86' lang='grc' dir='ltr'><strong><em>ὁ</em></strong></span> <span class='ocrx_word' id='word_1_7' title='bbox 489 312 593 380; x_wconf 77' lang='grc' dir='ltr'><strong><em>ἐλεῶν</em></strong></span> <span class='ocrx_word' id='word_1_8' title='bbox 615 310 855 399; x_wconf 77' lang='grc' dir='ltr'><strong><em>παρακαλέσει,</em></strong></span> <span class='ocrx_word' id='word_1_9' title='bbox 882 313 938 381; x_wconf 84' lang='grc' dir='ltr'><strong><em>καὶ</em></strong></span> <span class='ocrx_word' id='word_1_10' title='bbox 965 307 1020 379; x_wconf 81' lang='grc' dir='ltr'><strong><em>δια</em></strong></span> <span class='ocrx_word' id='word_1_11' title='bbox 1045 335 1107 397; x_wconf 91' lang='grc' dir='ltr'><strong><em>πη·</em></strong></span> 
     </span>
     <span class='ocr_line' id='line_1_3' title="bbox 139 408 1108 501; baseline 0.003 -22"><span class='ocrx_word' id='word_1_12' title='bbox 139 412 210 500; x_wconf 72' lang='grc' dir='ltr'><strong><em>γῶν</em></strong></span> <span class='ocrx_word' id='word_1_13' title='bbox 227 409 363 482; x_wconf 78' lang='grc' dir='ltr'><strong><em>ὑδιίτων</em></strong></span> <span class='ocrx_word' id='word_1_14' title='bbox 380 408 451 495; x_wconf 76' lang='grc' dir='ltr'><strong><em>ἄξει</em></strong></span> <span class='ocrx_word' id='word_1_15' title='bbox 476 408 613 500; x_wconf 77' lang='grc' dir='ltr'><strong><em>αὐτοὺς,</em></strong></span> <span class='ocrx_word' id='word_1_16' title='bbox 645 414 702 482; x_wconf 81' lang='grc' dir='ltr'><strong><em>καὶ</em></strong></span> <span class='ocrx_word' id='word_1_17' title='bbox 721 409 819 501; x_wconf 87' lang='grc' dir='ltr'><strong><em>θήσω</em></strong></span> <span class='ocrx_word' id='word_1_18' title='bbox 854 414 923 483; x_wconf 83' lang='grc' dir='ltr'><strong><em>παν</em></strong></span> <span class='ocrx_word' id='word_1_19' title='bbox 956 409 1034 501; x_wconf 85' lang='grc' dir='ltr'><strong><em>ὅρος</em></strong></span> <span class='ocrx_word' id='word_1_20' title='bbox 1059 418 1108 492; x_wconf 85' lang='grc' dir='ltr'><strong><em>είς</em></strong></span> 
     </span>
     <span class='ocr_line' id='line_1_4' title="bbox 139 509 1107 603; baseline 0.001 -22"><span class='ocrx_word' id='word_1_21' title='bbox 139 509 221 583; x_wconf 87' lang='grc' dir='ltr'><strong><em>ὁδὸν</em></strong></span> <span class='ocrx_word' id='word_1_22' title='bbox 239 516 295 584; x_wconf 86' lang='grc' dir='ltr'><strong><em>καὶ</em></strong></span> <span class='ocrx_word' id='word_1_23' title='bbox 320 518 433 585; x_wconf 87' lang='grc' dir='ltr'><strong><em>πᾶσαν</em></strong></span> <span class='ocrx_word' id='word_1_24' title='bbox 450 522 567 603; x_wconf 78' lang='grc' dir='ltr'><strong><em>τρίβον</em></strong></span> <span class='ocrx_word' id='word_1_25' title='bbox 585 519 631 595; x_wconf 89' lang='grc' dir='ltr'><strong><em>είς</em></strong></span> <span class='ocrx_word' id='word_1_26' title='bbox 644 511 797 603; x_wconf 83' lang='grc' dir='ltr'><strong><em>βόσκημα</em></strong></span> <span class='ocrx_word' id='word_1_27' title='bbox 815 509 938 596; x_wconf 78' lang='grc' dir='ltr'><strong><em>αὐτοῖς.</em></strong></span> <span class='ocrx_word' id='word_1_28' title='bbox 962 519 1009 584; x_wconf 88' lang='lat'><strong><em>18.</em></strong></span> <span class='ocrx_word' id='word_1_29' title='bbox 1031 511 1107 583; x_wconf 86' lang='grc' dir='ltr'><strong><em>ίδού</em></strong></span> 
     </span>
    </p>

    <p class='ocr_par' dir='ltr' id='par_1_3' title="bbox 73 604 1134 1119">
     <span class='ocr_line' id='line_1_5' title="bbox 73 604 1102 706; baseline 0.001 -23"><span class='ocrx_word' id='word_1_30' title='bbox 73 607 74 610; x_wconf 21' lang='lat'>¹</span> <span class='ocrx_word' id='word_1_31' title='bbox 139 604 232 686; x_wconf 78' lang='grc' dir='ltr'><strong><em>οὗτοι</em></strong></span> <span class='ocrx_word' id='word_1_32' title='bbox 248 613 429 706; x_wconf 87' lang='grc' dir='ltr'><strong><em>πόρρωθεν</em></strong></span> <span class='ocrx_word' id='word_1_33' title='bbox 446 613 604 704; x_wconf 80' lang='grc' dir='ltr'><strong><em>ἥξουσιν,</em></strong></span> <span class='ocrx_word' id='word_1_34' title='bbox 626 605 719 686; x_wconf 75' lang='grc' dir='ltr'><strong><em>οὗτοι</em></strong></span> <span class='ocrx_word' id='word_1_35' title='bbox 737 610 802 685; x_wconf 86' lang='grc' dir='ltr'><strong><em>ιἰπό</em></strong></span> <span class='ocrx_word' id='word_1_36' title='bbox 821 619 927 705; x_wconf 79' lang='grc' dir='ltr'><strong><em>βορρᾶ</em></strong></span> <span class='ocrx_word' id='word_1_37' title='bbox 957 618 1013 685; x_wconf 85' lang='grc' dir='ltr'><strong><em>καὶ</em></strong></span> <span class='ocrx_word' id='word_1_38' title='bbox 1038 627 1102 686; x_wconf 88' lang='grc' dir='ltr'><strong><em>θα-</em></strong></span> 
     </span>
     <span class='ocr_line' id='line_1_6' title="bbox 139 714 1134 807; baseline 0.002 -22"><span class='ocrx_word' id='word_1_39' title='bbox 139 715 281 807; x_wconf 77' lang='grc' dir='ltr'><strong><em>λάσσης,</em></strong></span> <span class='ocrx_word' id='word_1_40' title='bbox 309 715 403 788; x_wconf 73' lang='grc' dir='ltr'><strong><em>ἄλλοι</em></strong></span> <span class='ocrx_word' id='word_1_41' title='bbox 422 719 460 788; x_wconf 73' lang='grc' dir='ltr'><strong><em>δὲ</em></strong></span> <span class='ocrx_word' id='word_1_42' title='bbox 478 721 515 788; x_wconf 81' lang='grc' dir='ltr'><strong><em>ἐκ</em></strong></span> <span class='ocrx_word' id='word_1_43' title='bbox 532 722 593 807; x_wconf 80' lang='grc' dir='ltr'><strong><em>γῆς</em></strong></span> <span class='ocrx_word' id='word_1_44' title='bbox 610 721 764 807; x_wconf 76' lang='grc' dir='ltr'><strong><em>Περσῶν.</em></strong></span> <span class='ocrx_word' id='word_1_45' title='bbox 804 714 1020 806; x_wconf 77' lang='grc' dir='ltr'><strong><em>εὐφράνθητε</em></strong></span> <span class='ocrx_word' id='word_1_46' title='bbox 1051 715 1134 788; x_wconf 52' lang='lat' dir='ltr'><strong><em>ow</em></strong></span> 
     </span>
     <span class='ocr_line' id='line_1_7' title="bbox 139 815 1106 911; baseline 0 -21"><span class='ocrx_word' id='word_1_47' title='bbox 139 823 235 911; x_wconf 82' lang='grc' dir='ltr'><strong><em>ρανοὶ</em></strong></span> <span class='ocrx_word' id='word_1_48' title='bbox 250 821 306 889; x_wconf 86' lang='grc' dir='ltr'><strong><em>καὶ</em></strong></span> <span class='ocrx_word' id='word_1_49' title='bbox 323 815 540 907; x_wconf 80' lang='grc' dir='ltr'><strong><em>ἆγαλλιάσθω</em></strong></span> <span class='ocrx_word' id='word_1_50' title='bbox 558 817 578 909; x_wconf 81' lang='grc' dir='ltr'><em>ἡ</em></span> <span class='ocrx_word' id='word_1_51' title='bbox 597 823 647 909; x_wconf 84' lang='grc' dir='ltr'><strong><em>γή.</em></strong></span> <span class='ocrx_word' id='word_1_52' title='bbox 687 817 881 908; x_wconf 78' lang='grc' dir='ltr'><strong><em>ῥηξάτωσαν</em></strong></span> <span class='ocrx_word' id='word_1_53' title='bbox 904 818 943 891; x_wconf 80' lang='grc' dir='ltr'><strong><em>τὰ</em></strong></span> <span class='ocrx_word' id='word_1_54' title='bbox 970 817 1031 908; x_wconf 80' lang='grc' dir='ltr'><strong><em>ὅρη</em></strong></span> <span class='ocrx_word' id='word_1_55' title='bbox 1051 815 1106 890; x_wconf 79' lang='grc' dir='ltr'><strong><em>εὐ-</em></strong></span> 
     </span>
     <span class='ocr_line' id='line_1_8' title="bbox 139 916 1108 1010; baseline 0.001 -20"><span class='ocrx_word' id='word_1_56' title='bbox 139 919 335 1010; x_wconf 80' lang='grc' dir='ltr'><strong><em>φροσύνην,</em></strong></span> <span class='ocrx_word' id='word_1_57' title='bbox 353 916 404 990; x_wconf 77' lang='grc' dir='ltr'><strong><em>ὅτι</em></strong></span> <span class='ocrx_word' id='word_1_58' title='bbox 421 919 564 1009; x_wconf 79' lang='grc' dir='ltr'><strong><em>ήλίησευ</em></strong></span> <span class='ocrx_word' id='word_1_59' title='bbox 582 920 696 1010; x_wconf 81' lang='grc' dir='ltr'><strong><em>κύριος</em></strong></span> <span class='ocrx_word' id='word_1_60' title='bbox 714 919 774 991; x_wconf 84' lang='grc' dir='ltr'><strong><em>τὸν</em></strong></span> <span class='ocrx_word' id='word_1_61' title='bbox 799 919 882 992; x_wconf 85' lang='grc' dir='ltr'><strong><em>λαὸν</em></strong></span> <span class='ocrx_word' id='word_1_62' title='bbox 905 919 1027 1010; x_wconf 77' lang='grc' dir='ltr'><strong><em>αὐτοῦ,</em></strong></span> <span class='ocrx_word' id='word_1_63' title='bbox 1052 923 1108 992; x_wconf 80' lang='grc' dir='ltr'><strong><em>καὶ</em></strong></span> 
     </span>
     <span class='ocr_line' id='line_1_9' title="bbox 138 1019 985 1119; baseline 0.006 -30"><span class='ocrx_word' id='word_1_64' title='bbox 138 1021 216 1103; x_wconf 84' lang='grc' dir='ltr'><strong><em>τούς</em></strong></span> <span class='ocrx_word' id='word_1_65' title='bbox 234 1020 410 1105; x_wconf 78' lang='grc' dir='ltr'><strong><em>ταπεινοδς</em></strong></span> <span class='ocrx_word' id='word_1_66' title='bbox 427 1028 487 1093; x_wconf 81' lang='grc' dir='ltr'><strong><em>τοῦ</em></strong></span> <span class='ocrx_word' id='word_1_67' title='bbox 506 1027 590 1095; x_wconf 76' lang='grc' dir='ltr'><strong><em>λαοῦ</em></strong></span> <span class='ocrx_word' id='word_1_68' title='bbox 606 1019 714 1094; x_wconf 78' lang='grc' dir='ltr'><strong><em>αὐτοῦ’</em></strong></span> <span class='ocrx_word' id='word_1_69' title='bbox 731 1020 985 1119; x_wconf 82' lang='grc' dir='ltr'><strong><em>παρεκάλεσευ.”</em></strong></span> 
     </span>
    </p>
   </div>
   <div class='ocr_carea' id='block_1_3' title="bbox 40 1189 1150 3351">
    <p class='ocr_par' dir='ltr' id='par_1_4' title="bbox 337 1189 1147 1390">
     <span class='ocr_line' id='line_1_10' title="bbox 479 1189 779 1282; baseline -0.003 -19"><span class='ocrx_word' id='word_1_70' title='bbox 479 1191 539 1282; x_wconf 83' lang='grc' dir='ltr'><strong><em>κγ’.</em></strong></span> <span class='ocrx_word' id='word_1_71' title='bbox 580 1198 648 1264; x_wconf 81' lang='grc' dir='ltr'><strong><em>Τοῦ</em></strong></span> <span class='ocrx_word' id='word_1_72' title='bbox 665 1189 779 1262; x_wconf 81' lang='grc' dir='ltr'><strong><em>αὐτοῦ.</em></strong></span> 
     </span>
     <span class='ocr_line' id='line_1_11' title="bbox 337 1315 1147 1390; baseline 0 -15"><span class='ocrx_word' id='word_1_73' title='bbox 337 1317 468 1390; x_wconf 81' lang='grc' dir='ltr'><strong><em>Δήλοισις</em></strong></span> <span class='ocrx_word' id='word_1_74' title='bbox 481 1322 605 1390; x_wconf 77' lang='grc' dir='ltr'><strong><em>Χριστοῦ</em></strong></span> <span class='ocrx_word' id='word_1_75' title='bbox 618 1320 668 1375; x_wconf 86' lang='grc' dir='ltr'><strong><em>καλ</em></strong></span> <span class='ocrx_word' id='word_1_76' title='bbox 680 1323 781 1389; x_wconf 78' lang='grc' dir='ltr'><strong><em>κλῆσις</em></strong></span> <span class='ocrx_word' id='word_1_77' title='bbox 795 1315 901 1388; x_wconf 74' lang='grc' dir='ltr'><strong><em>ἐθνῶν,</em></strong></span> <span class='ocrx_word' id='word_1_78' title='bbox 1121 1334 1147 1375; x_wconf 84' lang='lat'><strong><em>10</em></strong></span> 
     </span>
    </p>

    <p class='ocr_par' dir='ltr' id='par_1_5' title="bbox 217 1423 1110 1521">
     <span class='ocr_line' id='line_1_12' title="bbox 217 1423 1110 1521; baseline 0 -23"><span class='ocrx_word' id='word_1_79' title='bbox 217 1437 265 1502; x_wconf 84' lang='lat'><strong><em>19.</em></strong></span> <span class='ocrx_word' id='word_1_80' title='bbox 276 1427 295 1455; x_wconf 78' lang='lat'><em>“</em></span> <span class='ocrx_word' id='word_1_81' title='bbox 305 1433 492 1521; x_wconf 84' lang='grc' dir='ltr'><strong><em>Προσέχετε</em></strong></span> <span class='ocrx_word' id='word_1_82' title='bbox 509 1446 578 1511; x_wconf 83' lang='grc' dir='ltr'><strong><em>τοῖς</em></strong></span> <span class='ocrx_word' id='word_1_83' title='bbox 597 1425 681 1499; x_wconf 74' lang='grc' dir='ltr'><strong><em>ὠσὶν</em></strong></span> <span class='ocrx_word' id='word_1_84' title='bbox 692 1423 789 1518; x_wconf 72' lang='grc' dir='ltr'><strong><em>ὑμῶν</em></strong></span> <span class='ocrx_word' id='word_1_85' title='bbox 806 1431 861 1499; x_wconf 78' lang='grc' dir='ltr'><strong><em>καὶ</em></strong></span> <span class='ocrx_word' id='word_1_86' title='bbox 879 1426 1110 1518; x_wconf 78' lang='grc' dir='ltr'><strong><em>ἐπακολουθή-</em></strong></span> 
     </span>
    </p>

    <p class='ocr_par' dir='ltr' id='par_1_6' title="bbox 40 1528 1148 2328">
     <span class='ocr_line' id='line_1_13' title="bbox 84 1528 1114 1620; baseline 0.007 -24"><span class='ocrx_word' id='word_1_87' title='bbox 84 1554 124 1608; x_wconf 80' lang='grc' dir='ltr'><strong><em>ιιι]</em></strong></span> <span class='ocrx_word' id='word_1_88' title='bbox 140 1553 218 1603; x_wconf 87' lang='grc' dir='ltr'><strong><em>σαιε</em></strong></span> <span class='ocrx_word' id='word_1_89' title='bbox 241 1549 314 1615; x_wconf 81' lang='grc' dir='ltr'><strong><em>ταῖς</em></strong></span> <span class='ocrx_word' id='word_1_90' title='bbox 331 1531 422 1614; x_wconf 83' lang='grc' dir='ltr'><strong><em>ὁδοῖς</em></strong></span> <span class='ocrx_word' id='word_1_91' title='bbox 440 1560 517 1620; x_wconf 92' lang='grc' dir='ltr'><strong><em>μου,</em></strong></span> <span class='ocrx_word' id='word_1_92' title='bbox 537 1529 745 1602; x_wconf 80' lang='grc' dir='ltr'><strong><em>ἐπακούσατέ</em></strong></span> <span class='ocrx_word' id='word_1_93' title='bbox 758 1560 835 1620; x_wconf 85' lang='grc' dir='ltr'><strong><em>μου,</em></strong></span> <span class='ocrx_word' id='word_1_94' title='bbox 855 1533 910 1601; x_wconf 81' lang='grc' dir='ltr'><strong><em>καὶ</em></strong></span> <span class='ocrx_word' id='word_1_95' title='bbox 929 1528 1058 1620; x_wconf 79' lang='grc' dir='ltr'><strong><em>ζήσεται</em></strong></span> <span class='ocrx_word' id='word_1_96' title='bbox 1075 1535 1114 1603; x_wconf 78' lang='grc' dir='ltr'><strong><em>ἐν</em></strong></span> 
     </span>
     <span class='ocr_line' id='line_1_14' title="bbox 40 1628 1109 1723; baseline 0 -21"><span class='ocrx_word' id='word_1_97' title='bbox 40 1666 46 1678; x_wconf 73' lang='grc'><em>’</em></span> <span class='ocrx_word' id='word_1_98' title='bbox 139 1635 281 1722; x_wconf 79' lang='grc' dir='ltr'><strong><em>ἀγαθοῖς</em></strong></span> <span class='ocrx_word' id='word_1_99' title='bbox 294 1629 415 1723; x_wconf 82' lang='grc' dir='ltr'><strong><em>ἡψυχὴ</em></strong></span> <span class='ocrx_word' id='word_1_100' title='bbox 432 1631 605 1723; x_wconf 76' lang='grc' dir='ltr'><strong><em>ὑμῶν,καὶ</em></strong></span> <span class='ocrx_word' id='word_1_101' title='bbox 620 1630 823 1722; x_wconf 73' lang='grc' dir='ltr'><strong><em>διαθήσομαι</em></strong></span> <span class='ocrx_word' id='word_1_102' title='bbox 842 1628 924 1722; x_wconf 78' lang='grc' dir='ltr'><strong><em>ὑμῖν</em></strong></span> <span class='ocrx_word' id='word_1_103' title='bbox 940 1631 1109 1720; x_wconf 77' lang='grc' dir='ltr'><strong><em>διαθήκην</em></strong></span> 
     </span>
     <span class='ocr_line' id='line_1_15' title="bbox 140 1732 1111 1824; baseline 0 -20"><span class='ocrx_word' id='word_1_104' title='bbox 140 1733 289 1824; x_wconf 78' lang='grc' dir='ltr'><strong><em>αἰώνιον,</em></strong></span> <span class='ocrx_word' id='word_1_105' title='bbox 308 1734 348 1804; x_wconf 79' lang='grc' dir='ltr'><strong><em>τὰ</em></strong></span> <span class='ocrx_word' id='word_1_106' title='bbox 362 1734 437 1805; x_wconf 84' lang='grc' dir='ltr'><strong><em>ὅσια</em></strong></span> <span class='ocrx_word' id='word_1_107' title='bbox 451 1740 565 1823; x_wconf 83' lang='grc' dir='ltr'><strong><em>Δαβὶδ</em></strong></span> <span class='ocrx_word' id='word_1_108' title='bbox 589 1732 628 1804; x_wconf 73' lang='grc' dir='ltr'><strong><em>τοὶ</em></strong></span> <span class='ocrx_word' id='word_1_109' title='bbox 659 1732 767 1806; x_wconf 81' lang='grc' dir='ltr'><strong><em>πιστά.</em></strong></span> <span class='ocrx_word' id='word_1_110' title='bbox 821 1733 897 1805; x_wconf 79' lang='grc' dir='ltr'><strong><em>ίδού</em></strong></span> <span class='ocrx_word' id='word_1_111' title='bbox 926 1732 1111 1824; x_wconf 80' lang='grc' dir='ltr'><strong><em>μαρτύριον</em></strong></span> 
     </span>
     <span class='ocr_line' id='line_1_16' title="bbox 140 1832 1148 1927; baseline -0.002 -20"><span class='ocrx_word' id='word_1_112' title='bbox 140 1843 257 1908; x_wconf 82' lang='grc' dir='ltr'><strong><em>ἔθνεσι</em></strong></span> <span class='ocrx_word' id='word_1_113' title='bbox 282 1839 412 1907; x_wconf 83' lang='grc' dir='ltr'><strong><em>δέδωκα</em></strong></span> <span class='ocrx_word' id='word_1_114' title='bbox 437 1832 558 1925; x_wconf 75' lang='grc' dir='ltr'><strong><em>αὐτὸν,</em></strong></span> <span class='ocrx_word' id='word_1_115' title='bbox 589 1833 732 1926; x_wconf 78' lang='grc' dir='ltr'><strong><em>ἄρχοντα</em></strong></span> <span class='ocrx_word' id='word_1_116' title='bbox 767 1838 823 1907; x_wconf 78' lang='grc' dir='ltr'><strong><em>καὶ</em></strong></span> <span class='ocrx_word' id='word_1_117' title='bbox 856 1834 1108 1927; x_wconf 79' lang='grc' dir='ltr'><strong><em>προστάσσοντα</em></strong></span> <span class='ocrx_word' id='word_1_118' title='bbox 1122 1854 1148 1896; x_wconf 76' lang='lat'><strong><em>1⁶</em></strong></span> 
     </span>
     <span class='ocr_line' id='line_1_17' title="bbox 143 1935 1110 2026; baseline -0.002 -17"><span class='ocrx_word' id='word_1_119' title='bbox 143 1947 289 2010; x_wconf 83' lang='grc' dir='ltr'><strong><em>ἔθνεσιν.</em></strong></span> <span class='ocrx_word' id='word_1_120' title='bbox 334 1948 420 2026; x_wconf 82' lang='grc' dir='ltr'><strong><em>ἔθνη</em></strong></span> <span class='ocrx_word' id='word_1_121' title='bbox 438 1936 460 2007; x_wconf 74' lang='grc' dir='ltr'><em>ἃ</em></span> <span class='ocrx_word' id='word_1_122' title='bbox 477 1935 539 2009; x_wconf 76' lang='grc' dir='ltr'><strong><em>οὐκ</em></strong></span> <span class='ocrx_word' id='word_1_123' title='bbox 556 1944 691 2009; x_wconf 84' lang='grc' dir='ltr'><strong><em>οίδασίν</em></strong></span> <span class='ocrx_word' id='word_1_124' title='bbox 716 1961 755 2007; x_wconf 89' lang='grc' dir='ltr'><strong><em>σε</em></strong></span> <span class='ocrx_word' id='word_1_125' title='bbox 781 1941 1036 2009; x_wconf 80' lang='grc' dir='ltr'><strong><em>ἐπικαλέσονταί</em></strong></span> <span class='ocrx_word' id='word_1_126' title='bbox 1058 1958 1110 2026; x_wconf 84' lang='grc' dir='ltr'><strong><em>σε,</em></strong></span> 
     </span>
     <span class='ocr_line' id='line_1_18' title="bbox 142 2036 1109 2128; baseline 0 -19"><span class='ocrx_word' id='word_1_127' title='bbox 142 2044 198 2109; x_wconf 82' lang='grc' dir='ltr'><strong><em>καὶ</em></strong></span> <span class='ocrx_word' id='word_1_128' title='bbox 220 2044 295 2110; x_wconf 79' lang='grc' dir='ltr'><strong><em>λαοί</em></strong></span> <span class='ocrx_word' id='word_1_129' title='bbox 312 2049 346 2110; x_wconf 75' lang='grc' dir='ltr'><strong><em>οἳ</em></strong></span> <span class='ocrx_word' id='word_1_130' title='bbox 362 2041 425 2110; x_wconf 83' lang='grc' dir='ltr'><strong><em>οὐκ</em></strong></span> <span class='ocrx_word' id='word_1_131' title='bbox 444 2043 638 2111; x_wconf 78' lang='grc' dir='ltr'><strong><em>ἐπίστανταί</em></strong></span> <span class='ocrx_word' id='word_1_132' title='bbox 654 2062 691 2109; x_wconf 88' lang='grc' dir='ltr'><strong><em>σε</em></strong></span> <span class='ocrx_word' id='word_1_133' title='bbox 711 2042 765 2110; x_wconf 78' lang='grc' dir='ltr'><strong><em>ἐπὶ</em></strong></span> <span class='ocrx_word' id='word_1_134' title='bbox 783 2041 820 2110; x_wconf 69' lang='grc' dir='ltr'><strong><em>σὲ</em></strong></span> <span class='ocrx_word' id='word_1_135' title='bbox 833 2036 1109 2128; x_wconf 78' lang='grc' dir='ltr'><strong><em>καταφευξονται,</em></strong></span> 
     </span>
     <span class='ocr_line' id='line_1_19' title="bbox 142 2137 1110 2231; baseline 0 -21"><span class='ocrx_word' id='word_1_136' title='bbox 142 2144 239 2211; x_wconf 82' lang='grc' dir='ltr'><strong><em>ἕνεκα</em></strong></span> <span class='ocrx_word' id='word_1_137' title='bbox 257 2149 454 2231; x_wconf 79' lang='grc' dir='ltr'><strong><em>κυρίου-τοῦ</em></strong></span> <span class='ocrx_word' id='word_1_138' title='bbox 478 2147 563 2213; x_wconf 83' lang='grc' dir='ltr'><strong><em>θεοῦ</em></strong></span> <span class='ocrx_word' id='word_1_139' title='bbox 587 2164 650 2213; x_wconf 92' lang='grc' dir='ltr'><strong><em>σου</em></strong></span> <span class='ocrx_word' id='word_1_140' title='bbox 672 2145 733 2211; x_wconf 84' lang='grc' dir='ltr'><strong><em>τοῦ</em></strong></span> <span class='ocrx_word' id='word_1_141' title='bbox 757 2139 856 2230; x_wconf 81' lang='grc' dir='ltr'><strong><em>ἁγίου</em></strong></span> <span class='ocrx_word' id='word_1_142' title='bbox 880 2144 942 2212; x_wconf 77' lang='grc' dir='ltr'><strong><em>σοῦ</em></strong></span> <span class='ocrx_word' id='word_1_143' title='bbox 965 2137 1110 2230; x_wconf 86' lang='grc' dir='ltr'><strong><em>Ἰσραήλ,</em></strong></span> 
     </span>
     <span class='ocr_line' id='line_1_20' title="bbox 142 2240 451 2328; baseline 0.003 -16"><span class='ocrx_word' id='word_1_144' title='bbox 142 2241 191 2313; x_wconf 82' lang='grc' dir='ltr'><strong><em>ὅτι</em></strong></span> <span class='ocrx_word' id='word_1_145' title='bbox 211 2242 367 2328; x_wconf 79' lang='grc' dir='ltr'><strong><em>ἐδόξασέν</em></strong></span> <span class='ocrx_word' id='word_1_146' title='bbox 385 2240 451 2315; x_wconf 88' lang='grc' dir='ltr'><strong><em>σε.”</em></strong></span> 
     </span>
    </p>

    <p class='ocr_par' dir='ltr' id='par_1_7' title="bbox 142 2335 1150 3351">
     <span class='ocr_line' id='line_1_21' title="bbox 221 2335 1149 2434; baseline -0.001 -20"><span class='ocrx_word' id='word_1_147' title='bbox 221 2351 272 2416; x_wconf 79' lang='grc'><strong><em>20.</em></strong></span> <span class='ocrx_word' id='word_1_148' title='bbox 292 2348 360 2418; x_wconf 82' lang='grc' dir='ltr'><strong><em>Καὶ</em></strong></span> <span class='ocrx_word' id='word_1_149' title='bbox 379 2346 434 2415; x_wconf 84' lang='grc' dir='ltr'><strong><em>διὰ</em></strong></span> <span class='ocrx_word' id='word_1_150' title='bbox 451 2343 579 2416; x_wconf 77' lang='grc' dir='ltr'><strong><em>τούτων</em></strong></span> <span class='ocrx_word' id='word_1_151' title='bbox 596 2335 659 2416; x_wconf 83' lang='grc' dir='ltr'><strong><em>οὖν</em></strong></span> <span class='ocrx_word' id='word_1_152' title='bbox 681 2341 911 2434; x_wconf 84' lang='grc' dir='ltr'><strong><em>μεμαθηκότες</em></strong></span> <span class='ocrx_word' id='word_1_153' title='bbox 936 2338 981 2425; x_wconf 76' lang='grc' dir='ltr'><strong><em>ὥς</em></strong></span> <span class='ocrx_word' id='word_1_154' title='bbox 1004 2339 1025 2432; x_wconf 85' lang='grc' dir='ltr'><strong><em>ή</em></strong></span> <span class='ocrx_word' id='word_1_155' title='bbox 1048 2350 1109 2414; x_wconf 83' lang='grc' dir='ltr'><strong><em>τοῦ</em></strong></span> <span class='ocrx_word' id='word_1_156' title='bbox 1123 2363 1149 2404; x_wconf 79' lang='lat'><strong><em>20</em></strong></span> 
     </span>
     <span class='ocr_line' id='line_1_22' title="bbox 145 2443 1111 2537; baseline -0.003 -18"><span class='ocrx_word' id='word_1_157' title='bbox 145 2452 293 2536; x_wconf 78' lang='grc' dir='ltr'><strong><em>Χριστοῦ</em></strong></span> <span class='ocrx_word' id='word_1_158' title='bbox 309 2456 477 2537; x_wconf 83' lang='grc' dir='ltr'><strong><em>παρουσία</em></strong></span> <span class='ocrx_word' id='word_1_159' title='bbox 489 2443 530 2517; x_wconf 76' lang='grc' dir='ltr'><strong><em>οὗ</em></strong></span> <span class='ocrx_word' id='word_1_160' title='bbox 541 2445 655 2537; x_wconf 90' lang='grc' dir='ltr'><strong><em>μόνοις</em></strong></span> <span class='ocrx_word' id='word_1_161' title='bbox 667 2444 851 2535; x_wconf 82' lang='grc' dir='ltr'><strong><em>Ἰουδαίοις,</em></strong></span> <span class='ocrx_word' id='word_1_162' title='bbox 864 2443 949 2516; x_wconf 80' lang='grc' dir='ltr'><strong><em>ιἰλλά</em></strong></span> <span class='ocrx_word' id='word_1_163' title='bbox 961 2448 1017 2516; x_wconf 81' lang='grc' dir='ltr'><strong><em>καί</em></strong></span> <span class='ocrx_word' id='word_1_164' title='bbox 1029 2449 1111 2516; x_wconf 74' lang='grc' dir='ltr'><strong><em>πᾶσι</em></strong></span> 
     </span>
     <span class='ocr_line' id='line_1_23' title="bbox 142 2548 1111 2639; baseline -0.001 -20"><span class='ocrx_word' id='word_1_165' title='bbox 142 2567 211 2631; x_wconf 80' lang='grc' dir='ltr'><strong><em>τοῖς</em></strong></span> <span class='ocrx_word' id='word_1_166' title='bbox 231 2559 347 2620; x_wconf 78' lang='grc' dir='ltr'><strong><em>ἔθνεσι</em></strong></span> <span class='ocrx_word' id='word_1_167' title='bbox 365 2548 526 2639; x_wconf 87' lang='grc' dir='ltr'><strong><em>σωτήριος</em></strong></span> <span class='ocrx_word' id='word_1_168' title='bbox 544 2557 682 2620; x_wconf 82' lang='grc' dir='ltr'><strong><em>ἔσεσθαι</em></strong></span> <span class='ocrx_word' id='word_1_169' title='bbox 707 2554 1002 2638; x_wconf 79' lang='grc' dir='ltr'><strong><em>προηυτρεπίζετο,</em></strong></span> <span class='ocrx_word' id='word_1_170' title='bbox 1028 2550 1111 2635; x_wconf 84' lang='grc' dir='ltr'><strong><em>φέρε</em></strong></span> 
     </span>
     <span class='ocr_line' id='line_1_24' title="bbox 143 2646 1112 2746; baseline -0.002 -26"><span class='ocrx_word' id='word_1_171' title='bbox 143 2653 199 2721; x_wconf 86' lang='grc' dir='ltr'><strong><em>καὶ</em></strong></span> <span class='ocrx_word' id='word_1_172' title='bbox 216 2650 253 2720; x_wconf 89' lang='grc' dir='ltr'><strong><em>τὸ</em></strong></span> <span class='ocrx_word' id='word_1_173' title='bbox 270 2649 383 2740; x_wconf 82' lang='grc' dir='ltr'><strong><em>τρίτον</em></strong></span> <span class='ocrx_word' id='word_1_174' title='bbox 400 2647 647 2740; x_wconf 71' lang='grc' dir='ltr'><strong><em>ἀποδείξωμεν,</em></strong></span> <span class='ocrx_word' id='word_1_175' title='bbox 665 2648 754 2733; x_wconf 80' lang='grc' dir='ltr'><strong><em>ὅπως</em></strong></span> <span class='ocrx_word' id='word_1_176' title='bbox 772 2649 855 2720; x_wconf 85' lang='grc' dir='ltr'><strong><em>κατὰ</em></strong></span> <span class='ocrx_word' id='word_1_177' title='bbox 871 2646 949 2731; x_wconf 77' lang='grc' dir='ltr'><strong><em>τούς</em></strong></span> <span class='ocrx_word' id='word_1_178' title='bbox 961 2655 1019 2746; x_wconf 80' lang='grc' dir='ltr'><strong><em>τῇς</em></strong></span> <span class='ocrx_word' id='word_1_179' title='bbox 1038 2652 1112 2719; x_wconf 83' lang='grc' dir='ltr'><strong><em>ίπι-</em></strong></span> 
     </span>
     <span class='ocr_line' id='line_1_25' title="bbox 144 2748 1110 2844; baseline 0 -23"><span class='ocrx_word' id='word_1_180' title='bbox 144 2759 285 2841; x_wconf 87' lang='grc' dir='ltr'><strong><em>φανείας</em></strong></span> <span class='ocrx_word' id='word_1_181' title='bbox 303 2751 409 2824; x_wconf 78' lang='grc' dir='ltr'><strong><em>αὐτοῦ</em></strong></span> <span class='ocrx_word' id='word_1_182' title='bbox 426 2751 566 2844; x_wconf 86' lang='grc' dir='ltr'><strong><em>χρόνους</em></strong></span> <span class='ocrx_word' id='word_1_183' title='bbox 585 2749 625 2824; x_wconf 78' lang='grc' dir='ltr'><strong><em>οὐ</em></strong></span> <span class='ocrx_word' id='word_1_184' title='bbox 643 2748 804 2843; x_wconf 80' lang='grc' dir='ltr'><strong><em>μόνοντὰ</em></strong></span> <span class='ocrx_word' id='word_1_185' title='bbox 821 2748 1025 2842; x_wconf 86' lang='grc' dir='ltr'><strong><em>χρηστότερα</em></strong></span> <span class='ocrx_word' id='word_1_186' title='bbox 1041 2766 1110 2834; x_wconf 77' lang='grc' dir='ltr'><strong><em>τοῖς</em></strong></span> 
     </span>
     <span class='ocr_line' id='line_1_26' title="bbox 145 2851 1150 2945; baseline -0.002 -22"><span class='ocrx_word' id='word_1_187' title='bbox 145 2860 260 2925; x_wconf 80' lang='grc' dir='ltr'><strong><em>ἔθνεσι</em></strong></span> <span class='ocrx_word' id='word_1_188' title='bbox 277 2853 535 2945; x_wconf 83' lang='grc' dir='ltr'><strong><em>προεφητεύετο,</em></strong></span> <span class='ocrx_word' id='word_1_189' title='bbox 554 2851 638 2924; x_wconf 79' lang='grc' dir='ltr'><strong><em>τἰλλδι</em></strong></span> <span class='ocrx_word' id='word_1_190' title='bbox 655 2857 712 2925; x_wconf 85' lang='grc' dir='ltr'><strong><em>καὶ</em></strong></span> <span class='ocrx_word' id='word_1_191' title='bbox 729 2871 798 2935; x_wconf 79' lang='grc' dir='ltr'><strong><em>τοῖς</em></strong></span> <span class='ocrx_word' id='word_1_192' title='bbox 818 2857 856 2924; x_wconf 81' lang='grc' dir='ltr'><strong><em>ἐκ</em></strong></span> <span class='ocrx_word' id='word_1_193' title='bbox 873 2860 1052 2942; x_wconf 82' lang='grc' dir='ltr'><strong><em>περιτομῆς</em></strong></span> <span class='ocrx_word' id='word_1_194' title='bbox 1068 2851 1110 2922; x_wconf 86' lang='grc' dir='ltr'><strong><em>τδι</em></strong></span> <span class='ocrx_word' id='word_1_195' title='bbox 1123 2880 1150 2921; x_wconf 80' lang='grc' dir='ltr'><strong><em>ιι</em></strong></span> 
     </span>
     <span class='ocr_line' id='line_1_27' title="bbox 143 2951 1112 3047; baseline -0.003 -21"><span class='ocrx_word' id='word_1_196' title='bbox 143 2961 286 3026; x_wconf 81' lang='grc' dir='ltr'><strong><em>ἐναντία.</em></strong></span> <span class='ocrx_word' id='word_1_197' title='bbox 317 2961 368 3026; x_wconf 79' lang='lat'><strong><em>21.</em></strong></span> <span class='ocrx_word' id='word_1_198' title='bbox 386 2951 1112 3047; x_wconf 76' lang='grc' dir='ltr'><strong><em>διαρρήδηνγοῦνᾶπόπτωσινκαὶᾶποβολήν</em></strong></span> 
     </span>
     <span class='ocr_line' id='line_1_28' title="bbox 142 3053 1112 3146; baseline 0 -18"><span class='ocrx_word' id='word_1_199' title='bbox 142 3060 204 3128; x_wconf 80' lang='grc' dir='ltr'><em>τοῦ</em></span> <span class='ocrx_word' id='word_1_200' title='bbox 216 3056 390 3128; x_wconf 82' lang='grc' dir='ltr'><strong><em>Ἰουδαίων</em></strong></span> <span class='ocrx_word' id='word_1_201' title='bbox 408 3067 531 3140; x_wconf 77' lang='grc' dir='ltr'><strong><em>ἔθνους</em></strong></span> <span class='ocrx_word' id='word_1_202' title='bbox 550 3056 604 3129; x_wconf 80' lang='grc' dir='ltr'><strong><em>διδ</em></strong></span> <span class='ocrx_word' id='word_1_203' title='bbox 622 3056 684 3146; x_wconf 86' lang='grc' dir='ltr'><strong><em>τήν</em></strong></span> <span class='ocrx_word' id='word_1_204' title='bbox 710 3065 757 3140; x_wconf 85' lang='grc' dir='ltr'><strong><em>είς</em></strong></span> <span class='ocrx_word' id='word_1_205' title='bbox 781 3054 926 3146; x_wconf 83' lang='grc' dir='ltr'><strong><em>Χριστὸν</em></strong></span> <span class='ocrx_word' id='word_1_206' title='bbox 952 3053 1112 3128; x_wconf 78' lang='grc' dir='ltr'><strong><em>ἀπιστίαν</em></strong></span> 
     </span>
     <span class='ocr_line' id='line_1_29' title="bbox 144 3155 1110 3252; baseline -0.001 -24"><span class='ocrx_word' id='word_1_207' title='bbox 144 3157 256 3229; x_wconf 77' lang='grc' dir='ltr'><strong><em>αὐτῶν</em></strong></span> <span class='ocrx_word' id='word_1_208' title='bbox 281 3166 418 3230; x_wconf 83' lang='grc' dir='ltr'><strong><em>ἔσεσθαι</em></strong></span> <span class='ocrx_word' id='word_1_209' title='bbox 443 3159 484 3230; x_wconf 89' lang='grc' dir='ltr'><strong><em>τδι</em></strong></span> <span class='ocrx_word' id='word_1_210' title='bbox 507 3156 587 3252; x_wconf 92' lang='grc' dir='ltr'><strong><em>παρ’</em></strong></span> <span class='ocrx_word' id='word_1_211' title='bbox 614 3155 726 3241; x_wconf 76' lang='grc' dir='ltr'><strong><em>αὐτοῖς</em></strong></span> <span class='ocrx_word' id='word_1_212' title='bbox 758 3157 854 3246; x_wconf 88' lang='grc' dir='ltr'><strong><em>λόγια</em></strong></span> <span class='ocrx_word' id='word_1_213' title='bbox 877 3155 1110 3248; x_wconf 78' lang='grc' dir='ltr'><strong><em>προαγορεύει,</em></strong></span> 
     </span>
     <span class='ocr_line' id='line_1_30' title="bbox 145 3256 1113 3351; baseline 0 -22"><span class='ocrx_word' id='word_1_214' title='bbox 145 3259 190 3342; x_wconf 78' lang='grc' dir='ltr'><strong><em>ὡς</em></strong></span> <span class='ocrx_word' id='word_1_215' title='bbox 213 3263 329 3349; x_wconf 83' lang='grc' dir='ltr'><strong><em>μηκέτι</em></strong></span> <span class='ocrx_word' id='word_1_216' title='bbox 353 3272 447 3344; x_wconf 89' lang='grc' dir='ltr'><strong><em>ίσους</em></strong></span> <span class='ocrx_word' id='word_1_217' title='bbox 470 3256 555 3351; x_wconf 79' lang='grc' dir='ltr'><strong><em>ἡμᾶς</em></strong></span> <span class='ocrx_word' id='word_1_218' title='bbox 580 3257 704 3350; x_wconf 79' lang='grc' dir='ltr'><strong><em>αὐτοῖς,</em></strong></span> <span class='ocrx_word' id='word_1_219' title='bbox 740 3256 825 3331; x_wconf 74' lang='grc' dir='ltr'><strong><em>ἀλλὰ</em></strong></span> <span class='ocrx_word' id='word_1_220' title='bbox 849 3263 906 3331; x_wconf 84' lang='grc' dir='ltr'><strong><em>καὶ</em></strong></span> <span class='ocrx_word' id='word_1_221' title='bbox 941 3266 1113 3349; x_wconf 84' lang='grc' dir='ltr'><strong><em>κρείττους</em></strong></span> 
     </span>
    </p>
   </div>
   <div class='ocr_carea' id='block_1_4' title="bbox 0 0 1173 3818">
    <p class='ocr_par' dir='ltr' id='par_1_8' title="bbox 0 0 1173 3818">
     <span class='ocr_line' id='line_1_31' title="bbox 0 0 1173 3818; baseline 0 0"><span class='ocrx_word' id='word_1_222' title='bbox 0 0 1173 3818; x_wconf 95' lang='lat' dir='ltr'><strong><em> </em></strong></span> 
     </span>
    </p>
   </div>
  </div>
 </body>
</html>
