2326 3818
150 123 213 187 473
561 119 710 172 εοεεειι

152 259 276 349 αὐτοῦ,
295 263 353 331 καὶ
370 256 695 350 ἐνευλογηθήσονται
713 261 751 328 ἐν
768 253 858 351 αὐτῷ
876 264 979 328 πᾶσαι
996 262 1035 327 αί
1050 288 1125 348 φυ-

152 365 207 432 λαὶ
224 368 284 451 τῆς
300 365 377 451 γῆς,
396 359 505 432 πάντα
521 359 563 431 τά
580 365 665 448 ἔθνη
682 362 904 450 μακαριοῦσιν
922 353 1059 429 αότόν.”

226 468 278 534 21.
293 459 426 552 Ἐπειδὴ
450 464 632 553 γέγραπται
655 466 702 542 είς
719 464 905 550 Σολομῶνα
927 455 946 530 ὁ
968 459 1122 552 Ψαλμδς,

150 562 314 653 δπροότος
337 567 396 633 τοῦ
418 566 560 652 Ψαλμοῦ
582 568 691 651 στίχος
718 567 765 642 είς
783 558 886 632 αὐτὸν
903 558 1121 653 ἀναφέροιτο,

150 661 190 734 τά
209 665 247 735 δὲ
264 662 411 753 ἑπόμενα
428 662 537 734 πάντα
555 669 602 744 είς
615 661 673 734 τὸν
686 661 762 732 υίὸν
770 665 982 750 Σολομῶνος,
1001 659 1042 733 οά
1059 660 1151 737 τδνε

145 760 301 855 Ῥοβοάμ,
319 761 356 845 δς
374 759 445 852 μετ’
466 761 567 835 αὐτόν
586 766 781 850 ἐβασίλευσε
798 766 859 835 τοῦ
872 761 1014 852 Ἰσραὴλ,
1033 759 1121 836 ἀλλά
1153 791 1160 803 ·

148 864 208 937 τὸν
231 870 267 935 ἐκ
291 868 476 953 σπέρματος
499 860 604 935 αὐτοῦ
626 863 709 935 κατά
733 862 841 953 σάρκα
858 862 1042 954 γευόμενον
1058 864 1121 937 τόν

149 965 296 1055 Χριστὸν
318 970 377 1036 τοῦ
399 970 493 1038 θεοῦ,
534 971 585 1036 22.
605 963 655 1036 ὅτι
678 964 742 1055 γάρ
759 963 823 1035 οὐκ
848 968 903 1035 ἐπὶ
925 963 985 1035 τὸν
1007 974 1120 1037 Σολο-

149 1073 256 1155 μωυα,
274 1063 353 1136 οὐδέ
372 1068 427 1136 ἐπὶ
437 1064 496 1137 τόν
513 1064 633 1138 τούτου
648 1063 804 1155 διάδοχον
817 1063 1000 1155 ἀναφέρειν
1015 1071 1119 1138 δυνα-

120 1208 131 1236 0
149 1164 208 1237 τόν
224 1165 264 1236 τά
283 1171 320 1238 ἐν
337 1169 385 1260 τῷ
405 1171 533 1261 Ψαλμιβ
552 1164 608 1238 διά
624 1165 664 1236 τά
681 1168 758 1255 περὶ
776 1165 881 1237 αὐτοῦ
900 1170 1118 1258 δεδηλωμένα
1130 1200 1159 1241 ιο

148 1274 213 1348 πάς
236 1263 253 1338 ὁ
277 1266 322 1359 μὴ
345 1263 581 1358 ἀνεπιστήμων
602 1273 670 1337 τῶν
687 1275 795 1338 θείων
817 1265 1016 1357 ὁμολογήσει
1034 1298 1119 1360 γρα-

148 1372 233 1457 φῶν.
270 1366 354 1439 ἀλλά
371 1372 429 1439 καὶ
446 1375 516 1451 πῶς
533 1364 607 1440 οἷόν
623 1396 660 1439 τε
673 1370 729 1439 ἐπὶ
746 1363 966 1457 Σολομῶναῆ
985 1370 1040 1438 ἐπὶ
1058 1367 1118 1442 τὸν

146 1468 268 1540 τούτου
285 1468 364 1540 υίδν
376 1464 514 1560 Ῥοβοάμ
538 1467 759 1560 ἐκλαμβάνειν
781 1466 822 1539 τά
840 1467 1050 1559 ἐμφερόμενα
1069 1469 1114 1541 δι’

147 1568 228 1642 ὅλου
240 1578 303 1642 τοῦ
314 1574 470 1660 Ψαλμοῦς
488 1568 561 1642 οἷον
573 1569 611 1642 τὸ
620 1565 896 1660 “κατακυριεάσει
909 1568 975 1640 ἀπὸ
988 1569 1117 1641 θαλάσ-

148 1692 207 1760 σης
231 1675 293 1754 ἕως
316 1671 507 1761 θαλάσσης,
531 1674 588 1742 καὶ
611 1669 676 1742 ἀπὸ
700 1675 850 1760 ποταμοῦ
873 1675 935 1752 ἕως
960 1669 1156 1763 περάτωυιε

147 1775 205 1859 της
227 1770 457 1863 οίκουμένης.”
500 1776 557 1843 καλ
584 1770 621 1843 τό
639 1767 916 1862 “συμπαραμενελ
943 1775 991 1864 τῷ
1018 1767 1117 1866 ηλίφ,

146 1874 202 1942 καὶ
225 1873 290 1962 πρδ
314 1878 373 1963 τῆς
398 1871 540 1962 σελήνης
557 1877 674 1961 γενεάς
692 1869 854 1961 γενεάν,”
878 1874 935 1942 καὶ
952 1871 1014 1942 ὅσα
1030 1869 1117 1944 ἀλλα

145 1971 275 2054 τούτοις
297 1970 395 2062 ὅμοια
421 1976 612 2062 ἐπιλὲμεται.
659 1978 712 2044 23.
737 1971 853 2064 διόπερ
883 1972 1116 2059 ἀβασανίστως

146 2069 334 2161 ἀποδοθείη
357 2068 400 2141 άν
423 2069 441 2143 ὁ
466 2075 530 2163 μὲν
553 2073 693 2164 φάσκων
721 2079 759 2144 ἐν
782 2071 867 2165 ἀρχῇ
890 2079 952 2145 τοΰ
973 2082 1117 2164 Ψαλμοῦ

146 2170 243 2261 λόγος
256 2168 296 2244 “6
314 2172 393 2256 θεδς
410 2172 447 2245 τὸ
465 2184 566 2266 κρίμα
585 2199 647 2248 σου
660 2204 706 2270 τςο
720 2184 854 2264 βασιλεῖ
871 2173 960 2264 δός,”
982 2171 1036 2246 ἐπ’
1056 2171 1117 2246 αὖ·
1130 2207 1158 2248 εο

117 2273 204 2344 οτὸν
223 2277 556 2366 ἐκελνονΣολομῶυα·
575 2275 593 2346 ὁ
612 2279 775 2365 ἐπιλέγων
790 2276 827 2346 δὲ
839 2271 990 2364 “καὶτὴν
1009 2282 1116 2347 δικαι-

145 2373 273 2466 οσόνην
298 2398 361 2448 σου
383 2382 430 2471 τῷ
452 2383 516 2472 υίῷ
540 2382 600 2448 τοῦ
624 2373 822 2466 βασιλέως,”
850 2380 905 2447 ἐπὶ
927 2375 986 2447 τὸν
1008 2386 1117 2450 Σολο-

144 2481 254 2566 μῶνος
271 2479 359 2569 υίδιι,
378 2477 418 2549 οὐ
435 2478 496 2550 τόν
509 2477 720 2568 πρωτότοκον
733 2483 863 2548 ἐκεῖνον
879 2478 937 2548 τδν
957 2476 1117 2568 διάδοχον

145 2577 249 2650 αὐτοῦ
266 2583 324 2668 τῆς
343 2588 513 2667 βασιλείας
530 2578 712 2670 γενόμενον
730 2573 822 2669 (οὐδ’
841 2574 931 2661 ὅλοις
948 2575 1012 2667 γάρ
1030 2582 1116 2650 ἐκεῖ·

144 2709 201 2761 νος
226 2683 448 2750 ἑπτακαίδεκα
471 2687 558 2750 ἔτεσι
581 2679 686 2768 μόνον
713 2683 775 2750 τοῦ
792 2677 967 2750 Ἰουδαίων
989 2685 1114 2763 ἔθνους
1129 2709 1156 2751 τι

143 2779 288 2867 προστάς
314 2778 454 2849 κάκιστα
479 2784 617 2870 κέχρητο
640 2785 681 2872 τῇ
706 2777 825 2871 ἀρχῇ,)
850 2777 926 2850 ἀλλ’
950 2774 1025 2850 οὐδ’
1055 2779 1112 2869 ἐφ’

144 2883 258 2969 ἕτερον
281 2884 349 2951 των
367 2878 506 2971 Ῥοβοάμ
529 2879 587 2951 τόν
609 2880 738 2971 θρόνον
753 2884 812 2968 τῆς
834 2885 895 2951 τοῦ
912 2884 1115 2970 Σολομῶνος

144 2988 313 3067 βασιλείας
333 2985 598 3071 διαδεξαμένων,
623 2984 678 3052 ἐπὶ
700 2980 805 3071 μόνον
823 2982 861 3052 δὲ
878 2983 937 3053 τὸν
956 2985 992 3053 ἐκ
1010 2986 1114 3071 σπέρ-

142 3111 244 3170 ματος
260 3086 392 3173 Δαβλδ,
410 3079 498 3154 οὕτω
515 3085 573 3153 καὶ
594 3089 655 3153 τοῦ
672 3086 873 3171 Σολομῶνος
897 3084 975 3154 υίδν
993 3078 1038 3164 ὥς
1055 3086 1112 3154 καὶ

142 3188 201 3254 τοῦ
219 3186 334 3272 Δαβλδ
351 3192 607 3275 χρηματίσαντα.
649 3188 700 3254 24.
720 3173 816 3264 οὗτος
841 3181 873 3254 δ’
893 3175 938 3271 ἦν
962 3180 980 3254 ὁ
999 3183 1110 3275 σωτὴρ
1124 3211 1150 3253 ω

142 3287 198 3353 καὶ
212 3284 326 3376 κύριος
339 3283 434 3374 ἡμῶν
449 3283 575 3375 Ἰησοῦς
587 3279 764 3375 ὁΧριστός.
795 3282 917 3355 τούτου
929 3282 993 3375 γάρ
1003 3284 1111 3373 μόνον

142 3386 198 3452 καὶ
215 3382 292 3454 οὐδ’
313 3387 427 3476 ἐτέρου
444 3390 512 3458 τῶν
529 3382 662 3456 πάποτε
680 3383 697 3455 ὁ
715 3389 773 3473 τῆς
798 3386 920 3457 ἐνθέου
937 3392 1111 3474 βασιλείας
