2326 3818
88 113 152 175 264
495 115 645 166 EUSEBII

90 264 213 323 Μωσεῑ
234 256 550 343 νενομοθετημένων
575 257 611 323 έν
630 256 758 342 ἑορταῖς
785 257 841 324 καὶ
858 265 1071 345 νουμηνίαις

89 356 144 422 καὶ
161 354 350 442 σαββάτοις,
370 351 408 435 ἀς
428 352 526 424 σκιάν
544 354 630 425 εἶναι
642 350 788 444 ἡμεροῦν,
803 351 877 424 ἀλλ’
897 354 963 446 οὐχ
983 354 1072 450 ἡμέ-

61 448 64 453 ’
89 454 190 543 ραςό
220 469 313 536 θεῖος
336 452 517 537 ἀπόστολος
549 456 708 527 διδάσκει.
751 455 857 585 μόνη
866 456 903 525 δὲ
929 455 1070 552 αῦτηὴ

88 564 147 646 μία
165 586 306 647 κνριακη
330 562 389 627 τοῦ
414 564 561 649 σωτηρος
584 553 679 646 ἡμων
696 555 802 646 ἡμέρα
819 554 883 628 οῦκ
901 560 939 628 έν
958 564 1068 633 παντὶ

88 657 177 751 τόπῳ
191 669 358 748 φωτίζειν,
378 655 451 727 ἀλλ’
469 657 558 728 ἐν’
516 687 632 747 μόναις
646 676 717 738 ταῖς
731 657 848 739 αὐλαῖς
862 662 923 728 τοῦ
938 670 1091 789 κυρίρυτ

89 730 247 830 λέλέκται.
292 765 342 828 21.
365 759 432 828 εἷεν
459 755 541 826 δ’”
521 788 564 828 αν
590 750 688 829 αῦται
706 766 744 829 αι’
766 759 849 829 κατά
866 765 983 832 πᾶσαν
1003 764 1069 855 τὴν

88 861 288 948 οἰκουμένην
311 862 372 927 τοῦ
396 863 543 946 Χριστοῦ
567 862 797 948 ἐκκλησίαι,
780 858 855 942 ενός
878 873 978 934 οίκου
1002 870 1069 935 τοῦ

89 966 175 1031 θεοῦ
193 959 418 1048 τυγχάνουσαι
436 957 553 1049 αὐλαὶ,
580 964 617 1031 έν
634 958 686 1042 αἷς
710 960 822 1054 ἀγαπᾷ
840 964 895 1031 καλ
914 969 1084 1053 αἱρεῖται·

60 1090 72 1129 ο
88 1073 391 1150 παραρριπτείσθαι
421 1055 444 1130 δ’
469 1060 509 1131 τά
533 1066 674 1134 ,τοιαῦτα
706 1061 820 1150 είδύς,
851 1061 942 1151 παρά
975 1064 1066 1137 πολύ

88 1168 259 1251 κρείττονα
282 1159 344 1250 την
368 1166 405 1232 έν
428 1160 563 1243 ταύταις
594 1161 770 1253 διατριβὴν
800 1160 1100 1254 ἀποφηνάμενοςω

87 1265 145 1348 της
170 1265 206 1331 έν
231 1280 299 1343 τοῖς
324 1261 518 1352 σκηνώμασι
542 1269 610 1334 τῶν
628 1259 847 1354 ἁμαρτωλῶν·
883 1272 915 1334 εἰ
935 1266 984 1355 μὴ
1003 1266 1064 1351 τάς

87 1367 156 1433 ταῖν
170 1359 342 1434 Ἰουδαίων
360 1361 557 1453 συναγωγάς
577 1362 636 1435 τόν
653 1363 798 1453 Χριστόν
815 1368 876 1435 τοῦ
892 1371 983 1436 θεοῦ
1001 1367 1065 1458 ἀρ-

87 1468 269 1553 νουμένας,
288 1460 309 1553 ἦ
327 1469 383 1535 καὶ
401 1464 459 1547 τάς
476 1472 545 1536 τῶν
562 1462 676 1536 ἀθέων
701 1464 900 1555 ἑτεροδόξων
916 1470 973 1538 καὶ
993 1474 1065 1540 τῶν

88 1562 199 1636 ἀλλων
225 1562 375 1638 ἀπίστων
400 1571 531 1654 ἐθνῶν,
557 1565 643 1637 πολύ
669 1575 819 1655 βελτίους
845 1567 931 1637 εἶναι
955 1564 977 1657 ἢ
1003 1568 1065 1655 τάς

89 1671 263 1756 ἐκκλησίας
280 1672 341 1738 τοῦ
348 1673 494 1759 Χριστοῦ
505 1673 569 1747 πάς
587 1666 604 1737 ὁ
622 1667 744 1750 ταύτας
758 1666 956 1757 αἱρούμενος
973 1669 1064 1745 ἀπο-
1075 1700 1098 1741 ω

89 1777 253 1857 φαίνεται.

461 1991 602 2075 Ψαλμοῦ
621 1985 691 2075 κη’.

87 2108 209 2196 Χριρτός
223 2108 360 2191 ὀνομαστὶ
374 2109 606 2197 ἐξουθενημένος,
620 2110 715 2170 καλ
682 2135 716 2167 τοι
733 2117 867 2184 αἰσχιστα
877 2114 1063 2198 κειρόμενος,

134 2175 319 2249 ἀντάλλαμμά
332 2199 362 2234 τε
375 2176 465 2236 αὐτοῦ
477 2178 545 2243 λαός
558 2177 649 2236 αῦτοῦ
662 2177 718 2237 ἀπὸ
732 2185 789 2236 τῶν
802 2178 943 2252 έχθρῦν’
929 2202 1006 2239 ονει
1074 2208 1107 2259 2⁰,

491 2245 648 2317 διζόμενος.

159 2366 234 2444 “Σύ
254 2373 292 2443 δὲ
309 2370 433 2445 ἀπώσω
458 2378 514 2444 καὶ
532 2376 777 2461 έξουδένωσας,
803 2372 971 2463 ἀνεβάλου
998 2375 1063 2449 τόν

51 2505 74 2554 τι
86 2475 232 2564 Χριστόν
249 2501 322 2563 σου,
342 2479 564 2564 κατέστρεψας
583 2473 644 2562 τὴν
664 2474 831 2563 διαθήκην
848 2483 910 2544 τοῦ
929 2474 1060 2605 δρύλον

86 2597 156 2645 σου.
208 2575 475 2664 έβεβήλωσαςί
444 2605 490 2655 ες
513 2603 575 2661 την
598 2604 662 2696 μην
683 2575 719 2645 τὸ
746 2575 892 2665 ἀμίασμα
923 2574 1059 2649 αὐτοῦ’

51 2708 70 2758 ε]
85 2680 140 2746 καὶ
158 2706 199 2744 τα
188 2675 293 2762 ἑξῆς.
327 2673 376 2755 οἷς
391 2670 565 2763 έπιλέγει“
569 2674 749 2764 μνήσθητι,
768 2675 873 2767 κύριε,
891 2681 953 2747 τοῦ
968 2675 1058 2750 ὀνει-
1071 2710 1100 2753 ετ

88 2779 209 2863 δεσμοῦ
231 2804 298 2845 των
323 2773 457 2845 δούλων
481 2797 560 2864 σου,
584 2766 626 2846 οὗ
649 2772 795 2868 ὑπέσχον
822 2783 860 2849 έν
876 2807 922 2847 τω
911 2776 1057 2904 κόλπρν

84 2904 149 2964 μου
167 2877 301 2945 πολλων
320 2881 448 2964 έθνῦν,
467 2906 507 2947 ου
494 2867 704 2948 ὠνείδισαν
716 2907 748 2949 οι
741 2884 887 2969 ἐχθροί
900 2904 974 2968 σου,
993 2882 1059 2952 κύ-

86 3003 152 3066 ριε,
171 3006 212 3046 ου
202 2967 463 3048 ωνείδισαν
429 3008 466 3049 το
484 2975 698 3102 ἀντάλλαγμα
715 2985 774 3051 τοῦ
792 2984 940 3067 Χριστοῦ
957 2979 1055 3051 σου.”

160 3083 211 3149 22.
233 3084 359 3167 Σαφῶς
379 3081 488 3149 δὲκαὶ
509 3085 546 3151 έν
559 3079 686 3162 τούτοις
704 3079 877 3170 όΧριστδς
892 3077 1056 3170 όνομαστλ

84 3180 344 3271 μνημονεύεται,
374 3183 429 3250 καὶ
452 3180 473 3269 ἡ
498 3174 634 3252 κατά
600 3211 637 3252 το
662 3181 771 3264 πάθος
794 3178 897 3253 αύτοῦ
920 3209 1095 3274 προφη-το

152 3412 183 3460 21
203 3414 248 3467 ετ,
261 3414 304 3477 88,
317 3415 359 3464 38.
