2326 3818
350 111 536 162 DEMONST.
555 111 687 164 EVANG.
706 113 742 163 11.
761 117 784 162 3.
993 111 1055 174 123

84 279 210 322 σονται.
248 253 303 320 καλ
323 256 412 319 ἔσται
430 246 471 320 όν
488 247 613 338 τρόπον
633 247 692 320 έάν
708 279 757 331 τις
771 249 946 342 συναγάγῃ
971 251 1053 341 ἀμη-

84 355 143 423 τόν
175 351 350 441 ἑστηκότα,
379 352 434 421 καὶ
468 354 599 440 σπέρμα
634 349 788 440 σταχύων
826 349 959 444 άμήση
997 361 1053 422 καὶ

87 463 177 525 ἔσται
201 450 241 524 ὃν
264 451 389 541 τρόπον
415 450 473 522 έάν
491 481 539 533 τις
564 451 738 542 συναγάγῃ
762 452 906 542 στάχυας
928 458 963 523 ἐν
986 453 1052 544 φά-

87 586 185 646 ραγγι
209 557 343 645 στερεᾷ,
372 558 427 624 καὶ
457 558 666 645 καταλειφθῇ
698 556 734 623 έν
757 552 844 646 αὐτῇ
861 555 1006 644 καλάμη·
1031 552 1107 644 ἦρε»

51 681 74 751 Ν,5
89 656 132 738 ὡς
151 662 257 746 ῥῶγες
278 660 388 738 ἐλαίας
408 650 508 744 δόοῆ
534 670 622 746 τρεῖς
643 653 695 726 ἐπ’
712 653 817 745 ἀκρον
839 656 1009 747 μετεώρου
1033 655 1053 746 ἢ

85 762 243 848 τέσσαρες
267 753 287 846 ἢ
311 759 410 828 πέντε
434 761 487 827 ἐπὶ
512 761 581 827 τοῖν
605 754 740 828 κλάδων
765 755 877 829 αὐτοῖν
904 767 1053 828 καταλει-

86 866 171 951 φθῇ.
214 859 294 931 τάδε
326 860 415 947 λέγει
448 858 563 949 κύριος
591 854 609 928 ό
634 859 713 941 θεὸς
745 866 805 930 τοῦ
832 858 977 949 Ἰσραήλ·
1014 865 1054 951 τῇ

83 961 189 1055 ἡμέρα
222 967 333 1054 ἐκείνη
371 959 544 1042 πεποιθώς
576 969 668 1032 ἔσται
700 958 880 1051 ἅνθρωπος
924 964 977 1032 ἐπὶ
1008 967 1055 1055 τῷ

87 1063 262 1154 ποιήσαντι
298 1060 412 1151 αὐτόν,
448 1068 484 1132 οί
518 1064 555 1132 δὲ
590 1058 762 1151 ὀφθαλμοί
786 1063 893 1135 αὐτοῦ
920 1073 967 1146 είς
996 1062 1055 1136 τόν

48 1197 73 1234 10
87 1164 183 1253 ἀγιον
206 1171 267 1235 τοῦ
288 1161 417 1256 Ἰσραὴλ
445 1168 681 1254 έμβλέψονται,
713 1168 769 1234 καλ
803 1162 844 1236 οὐ
870 1165 914 1254 μὴ
940 1193 1055 1236 πεποι-

85 1265 184 1349 θότες
208 1258 291 1337 ὦσιν
310 1269 363 1336 ἐπὶ
388 1281 457 1346 τοῖς
486 1273 628 1354 βωμοῖς,
660 1261 741 1336 οὐδὲ
775 1269 829 1336 ἐπὶ
852 1283 920 1348 τοῖς
946 1276 1055 1356 ἔργοις

85 1373 153 1487 τεόν
170 1372 292 1458 χειρῶν
314 1363 438 1454 αὐτῶν,
456 1362 478 1434 ἀ
497 1371 657 1456 ἐποίησαν
674 1373 710 1436 οί
735 1364 892 1438 δάκτυλοι
913 1364 1056 1438 αότοὶν.”

165 1474 233 1538 130
263 1473 330 1540 Καὶ
349 1466 405 1538 διά
418 1466 547 1538 τούτων
562 1471 710 1557 ἐναργῶς
726 1477 918 1554 θεσπιζεπαι
933 1497 953 1556 η
975 1468 1054 1551 δόξα

85 1574 145 1642 του
164 1569 312 1660 Ἰσραὴλ,
331 1572 395 1640 καὶ.
406 1567 514 1640 πάντα
532 1568 572 1639 τά
596 1577 696 1640 πίονα
714 1566 826 1641 αὐτόν
843 1569 1055 1694 καθαιρεθη-
1069 1594 1082 1634 b

49 1701 74 1740 15
89 1685 221 1763 σεσθαι,
240 1669 348 1762 ὀλίγοι
375 1672 412 1742 δέ
430 1663 531 1752 αὖθις
556 1675 612 1742 καὶ
636 1668 770 1766 ἀριθμῷ
802 1668 968 1762 ληπτοΓ
944 1701 988 1752 ως
1012 1669 1056 1743 ἀν

87 1782 199 1859 ἐλαίας
220 1778 256 1845 ἐν
270 1803 368 1898 φυτῳ
356 1778 488 1866 ῥῶγες
503 1781 638 1865 βραχεῖς
653 1773 990 1864 καταλειφθησεσθαι
1001 1779 1055 1845 λε’-

86 1898 215 1968 γονται·
243 1905 335 1948 ουτοι
354 1872 426 1947 (λ
407 1906 449 1946 αν
469 1875 538 1946 εἷεν
556 1882 592 1945 οί
607 1880 640 1960 ἐξ
660 1871 772 1946 αὐτῶν
791 1875 886 1957 είς
855 1905 914 1947 τον
937 1875 1056 1966 κόριον

86 1976 181 2069 ἡμῶν
205 1977 470 2059 πεπιστευκότες.
521 1974 718 2059 ἀκολούθως
747 1978 785 2047 δέ
807 1978 888 2067 μετὰ
911 1976 951 2047 τά
979 1982 1056 2068 περὶ

89 2085 227 2152 ἐκείνων
258 2084 416 2169 εἰρημένα
445 2082 522 2167 περὶ
554 2077 677 2160 παντὸς
707 2075 901 2169 ἀνθρώπων
937 2084 1055 2170 γένους

48 2210 74 2248 20
88 2179 434 2272 ἀποστραφησομένου
458 2179 521 2268 τὴν
532 2179 615 2250 κατὰ
627 2179 666 2250 τά
681 2187 805 2251 εἴδωλα
823 2181 965 2270 πλάνην,
987 2187 1055 2252 ε’πι-

87 2285 303 2372 γνωσομένου
339 2283 376 2351 δέ
410 2280 469 2352 τόν
498 2279 582 2351 θεὸν
614 2277 763 2372 Ἰσραὴλ,
799 2281 1053 2371 προφητεόεται.

91 2390 160 2453 131.
181 2379 201 2408 “
211 2380 376 2454 ἀκούσατε
402 2386 516 2471 νησοι,
545 2385 871 2473 ἐγκαταλελειμμένον
896 2387 951 2453 καὶ
976 2381 1054 2452 όὸυ-
1069 2419 1079 2442 υ
1122 2409 1124 2419 ’

87 2485 231 2576 νάμενοι
250 2483 416 2556 ἀκούσατε
441 2480 462 2553 ἀ
484 2477 613 2573 ἢκουσα
627 2481 716 2573 παρά
739 2491 859 2575 κυρίου
890 2483 1055 2572 Σαβαὼθ,

88 2584 105 2658 ό
124 2586 203 2670 θεός
221 2592 281 2658 τοῦ
291 2585 424 2678 Ἰσραὴλ
442 2583 640 2676 ἀνήγγειλεν
657 2581 766 2676 ἡμῖν.”

48 2719 74 2755 25
168 2695 237 2761 132.
258 2687 341 2782 Ὅρα
364 2697 440 2760 τίνα
463 2687 588 2778 τρόπον
618 2690 674 2758 καὶ
699 2691 849 2758 ἐνταῦθα
875 2686 915 2757 οὐ
930 2685 1056 2770 πάντας

88 2791 166 2871 τοὺς
186 2795 221 2860 ἐκ
240 2795 429 2917 περιτομῆς
437 2788 544 2861 ἐπὶ
507 2820 569 2880 την
586 2820 655 2861 των
672 2786 871 2881 ἀπορρήτων
894 2786 1056 2880 ἀκρόασιν

92 2902 289 2983 παρακαλεῖ,
309 2891 381 2963 ἀλλ’
409 2923 430 2982 η
448 2922 571 2982 μονους
589 2889 647 2972 οὓς
665 2889 818 2980 ὀνομάζει
841 2900 1056 2982 καταλελειμ-

87 2997 210 3084 μένους
235 2998 290 3065 καλ
316 2992 568 3085 ὀδυνωμένους,
604 2989 668 3063 οἷοι
698 3014 784 3080 ησαν
824 2997 859 3062 οί
891 2993 974 3064 κατὰ
996 2991 1056 3062 τόν

88 3096 275 3167 ἀπόστολον
293 3095 502 3180 στενάζοντες
521 3125 575 3164 και
565 3090 838 3184 ἀποκλαόμευοι
855 3123 917 3183 την
935 3101 1057 3164 κακίαν

51 3226 76 3266 εο
90 3202 149 3268 τοὺ
171 3206 239 3268 τῶν
257 3194 450 3288 ἀνθρώπων
468 3205 554 3285 βίον.

159 3435 191 3481 22
210 3434 256 3481 Es.
269 3435 310 3492 21,
325 3434 366 3483 10.
