2326 3818
175 119 219 181 24
591 120 741 173 EUSEBII

176 262 306 361 Μωσέα
328 267 400 347 βίος
427 257 702 349 δυσκατόρθωτος
730 250 790 349 ήν,
817 258 863 351 μή
885 268 920 332 τί
946 290 984 350 γε
1002 262 1148 363 δυνατός

179 365 404 432 ἐπιτελεῖσθαι
415 363 471 430 καὶ
485 377 553 442 τοῖς
567 371 695 443 λοιποῖς
714 369 866 433 ἔθνεσιν·
896 371 997 433 ἐνθεν
1012 362 1148 449 εἰκότως

176 459 323 552 όσωτήρ
350 465 406 532 καί
432 460 547 551 κύριος
573 461 668 552 ἡμῶν
683 459 807 554 Ἰησούς
832 462 850 534 ὁ
877 464 951 545 οἰὸς
976 469 1035 535 τοῦ
1061 467 1149 537 θεοῶ

176 562 258 656 μετά
276 563 338 652 τήν
357 568 392 634 ἐκ
409 571 539 652 νεκρῶν
564 562 748 636 ἀνάστασιν
771 581 840 647 τοῖς
858 562 962 636 αύτού
979 578 1147 656 μαθηταῖς

97 710 100 724 =
136 665 282 746 (ειείπῶν
305 664 552 754 ’πορευθέντες
580 665 812 755 μαθητεύσατε
834 665 942 737 πάντα
971 667 1011 738 τὰ
1035 665 1144 757 ἐθνη”

136 796 163 850 [ι]
179 771 322 856 ἐπιλέγει
335 765 574 848 “διδάσκοντες
593 766 714 852 αὐτούς
731 786 846 859 τηρεῖν
869 767 977 839 πάντα
995 765 1058 840 ὅσα
1078 772 1148 840 ἐνε-

178 868 340 958 τειλάμην
357 864 473 959 ύμῖν.”

254 977 305 1040 42.
328 967 378 1040 Ού
397 970 461 1060 γάρ
478 969 519 1039 τά
534 972 689 1053 ΙΜωσέως
707 970 831 1062 νόμιμα
847 968 1022 1043 διδάσκειν
1039 970 1150 1043 πάντα

176 1072 216 1142 τά
236 1073 321 1160 ἐθνη
339 1069 627 1164 παρεκελεύσατο,
652 1068 724 1143 ἀλλ’
746 1069 809 1144 ὅσα
827 1071 926 1155 αύτδς
945 1076 1147 1145 ἐνετείλατο·

176 1177 282 1243 ταῦτα
301 1169 333 1241 δ’
352 1163 395 1261 ήν
412 1173 452 1243 τά
477 1177 599 1255 ἐντοῖς
624 1170 829 1263 εὐαγγελίοις
847 1172 952 1245 αύτοῶ
967 1172 1147 1265 φερόμενα.

179 1273 312 1356 εἰκότως
329 1265 393 1345 οὖν
416 1278 472 1345 καί
495 1279 530 1345 οί
552 1273 657 1347 αύτοῦ
674 1279 823 1365 μαθηταὶ
846 1279 903 1345 καί
920 1281 955 1346 οἰ
969 1274 1149 1348 ἀπόστολοι

179 1380 216 1447 ἐν
231 1379 274 1468 τῇ
291 1380 368 1468 περί
385 1379 452 1446 τῶν
478 1380 590 1447 ἐθνῶν
617 1381 732 1461 σκέψει
755 1376 953 1467 ὁμολογοῦσι
978 1377 1023 1468 μή
1042 1376 1149 1449 δύνα-

178 1490 260 1549 σθαι
282 1474 323 1547 τά
353 1482 500 1560 Μωσέως
527 1476 649 1568 νόμιμα
679 1497 749 1561 τοῖς
777 1488 914 1550 ἔθνεσιν
939 1477 1149 1570 ἐφαρμόζειν,

177 1575 233 1651 ὅτε
251 1577 332 1669 μήτε
351 1576 464 1660 αὐτοῖς
482 1578 564 1669 μήτε
582 1596 650 1661 τοῖς
674 1578 840 1670 πατράσιν
858 1576 970 1650 αὐτῶν
989 1577 1150 1669 εύκατόρ-

151 1694 273 1753 ιθωτα
291 1683 438 1769 γέγονεν.
474 1684 562 1768 λέγει
581 1677 615 1750 δ’
635 1672 698 1752 οὖν
716 1685 752 1752 ἐν
769 1697 841 1765 ταῖς
859 1680 1027 1771 Πράξεσιν
1043 1682 1061 1752 ὁ
1080 1686 1146 1753 Πέ-

177 1811 254 1873 τρος
267 1781 356 1852 “νύν
373 1772 437 1852 οὖν
454 1789 489 1852 τί
504 1780 672 1873 πειράζετε
689 1780 748 1852 τόν
765 1780 849 1854 θεόν
862 1786 1030 1854 ἐπιθεῖναι
1048 1781 1149 1871 ζυγόν

179 1887 234 1955 ἐπί
251 1882 310 1954 τόν
327 1882 492 1974 τράχηλον
508 1887 577 1953 τῶν
594 1887 776 1973 μαθητῶν,
800 1879 840 1954 όν
865 1881 942 1955 ούτε
959 1891 994 1955 οἰ
1008 1887 1149 1977 πατέρες

180 1981 275 2075 ήμῶν
293 1982 370 2056 ούτε
388 1980 482 2074 ἡμεῖς
501 1982 685 2074 ἰσχύσαμεν
703 1983 866 2072 βαστάσαι
874 1984 905 2071 ;”

255 2093 307 2157 43.
327 2084 475 2168 Εἰκότως
495 2087 532 2156 δέ
557 2088 614 2156 καί
632 2082 731 2169 αύτδς
754 2085 919 2176 όΜωσής
936 2084 1067 2158 τούτων
1085 2086 1149 2158 αύ-

143 2252 145 2256 ,
178 2191 247 2258 τῶν
271 2192 385 2259 ἕνεκεν
411 2192 525 2277 ἕτερον
551 2184 632 2279 παρ’
659 2187 779 2258 ἑαυτὸν
804 2184 1054 2279 ἀναστήσεσθαι
1082 2197 1147 2279 ἔφη

180 2287 373 2379 προφήτην,
392 2292 448 2360 καί
459 2292 579 2360 τοῦτον
592 2291 780 2380 νομοθέτην
794 2296 931 2362 ἔσεσθαι
949 2293 1017 2362 τῶν
1035 2295 1148 2362 ἐθνῶν

179 2385 339 2462 ἁπάντων
363 2389 624 2480 εὐαγγελίζεται,
657 2389 716 2462 τόν
739 2391 887 2484 Χριστόν
909 2390 1148 2481 αἰνιττόμενος,

180 2487 271 2586 αύτῷ
293 2521 329 2564 τε
353 2502 535 2564 πείθεσθαι
558 2510 628 2574 τοῖς
658 2499 792 2575 οἰκείοις
815 2509 990 2582 παραινεῖ,
1014 2482 1083 2561 ῶδέ
1102 2521 1148 2582 πη

151 2638 162 2666 ε
180 2596 351 2664 καὶτοῦτο
369 2601 537 2676 θεσπίζων
557 2590 756 2686 ’προφήτην
778 2594 861 2683 ύμῖν
883 2589 1064 2678 ἀναστήσει
1088 2592 1149 2661 κύ-

181 2723 251 2785 ριος
275 2693 292 2765 ὁ
317 2693 396 2775 θεὸς
422 2699 458 2764 ἐκ
479 2697 548 2765 τῶν
564 2693 722 2785 ἀδελφῶν
748 2690 846 2784 ύμῶν
872 2687 917 2773 ῶς
945 2692 1017 2780 ἐμὲ,
1045 2687 1148 2760 αὐτοῦ

181 2795 371 2868 ἀκούσεσθε
394 2792 476 2866 κατά
500 2793 608 2866 πάντα
631 2795 693 2867 ὅσα
718 2791 761 2864 ἀν
785 2791 916 2883 λαλήσῃ
934 2789 1024 2882 ύμῖν.
1058 2797 1149 2863 ἐσται

183 2899 237 2987 δὲ,
267 2901 359 2969 παῖσα
376 2895 483 2986 ψυχή,
515 2894 585 2985 ήτις
608 2891 652 2967 ἀν
674 2893 720 2985 μή
744 2893 872 2986 ἀκούση
895 2901 955 2964 τού
975 2891 1149 2984 προφήτου

181 3003 329 3088 ἐκείνου,
349 2995 670 3086 ἐξολοθρενθήσεται
689 2999 725 3066 ἐκ
742 3002 802 3066 τού
819 2998 936 3084 γένονς
953 2991 1089 3084 αύτής.”

257 3107 307 3171 44.
327 3104 395 3172 Καὶ
413 3104 532 3170 τοῦτον
557 3099 594 3169 δέ
619 3096 678 3168 τὸν
702 3095 893 3190 προφήτην,
917 3095 1072 3186 δηλονότι
1089 3096 1149 3169 τὸν

181 3204 338 3296 Χριστόν,
352 3207 384 3286 ἐξ
394 3200 567 3274 Ἰουδαίων
574 3198 794 3291 προελθόντα,
807 3200 943 3272 πάντων
953 3203 1022 3270 τῶν
1035 3203 1148 3270 ἐθνῶν

251 3437 438 3495 5Matth.28,
454 3438 494 3486 19.
592 3437 623 3484 15
640 3433 807 3498 Aet.15,10.
902 3436 935 3484 24
952 3433 1092 3495 Deut.18‚
1109 3432 1133 3481 15
