2326 3818
316 110 500 163 DEMONST.
518 111 649 162 εοεαε.
666 112 713 164 1v.
732 113 757 161 6.
963 110 1026 174 223

57 247 273 338 ἀπεργάσαιτ’
291 245 333 319 ἀν
346 248 423 330 τούς
437 253 505 319 τῶν
517 247 674 338 ὁρώντων
688 247 886 338 ὀφθαλμούς
900 249 1026 338 βλάβης

57 355 113 421 καὶ
136 355 269 439 φθοράς
293 348 379 420 πολύ
404 353 531 439 μάλλον
554 344 574 438 6
602 347 766 435 ῶφελείας
790 350 935 440 γεγονῶς
957 366 1026 434 τοίς

57 458 161 522 πᾶσιν
179 465 300 538 αἰτιος,
320 449 361 521 οὐ
379 451 441 540 την
458 449 564 539 φόσιν
582 449 682 532 αὐτὸς
701 447 749 521 ῶν
767 457 932 539 τοιοῦτος,
956 471 1026 534 τοῖς

59 555 95 623 δὲ
113 551 288 641 ἀφορήτως
307 561 420 641 ε”χονσι
440 551 481 621 δι’
504 559 632 622 οἰκείαν
650 550 831 623 ἀσθένειαν
848 558 906 640 της
923 552 1024 641 ὑπερ·
1035 582 1088 634 (155)

30 653 246 743 ιβαλλούσης
273 653 378 742 αὐγῆς
403 650 585 723 ἀπολαύειν
612 651 742 723 τοιόσδε
770 682 819 734 τις
848 651 1025 724 ἀποτελού-

55 785 164 845 μενος.
202 761 231 825 δ.
250 763 286 824 τί
305 762 422 825 τοίνυν
445 752 484 824 τά
507 751 604 844 ὅμοια
628 752 815 844 μανθάνων
839 758 915 844 περὶ
940 758 1024 826 θεοῦ

55 854 254 946 θαυμάζεις,
273 846 315 928 06
332 855 374 946 66
393 859 448 926 καλ
466 853 557 944 ἥλιος
576 861 675 947 ἔργον
699 860 755 926 καί
776 855 907 946 σύμπας
931 854 948 926 δ
967 855 1024 926 οὐ·

56 957 156 1046 ρανὸς
174 960 230 1028 καὶ
255 957 393 1048 κόσμος;
419 965 450 1028 εἰ
467 956 509 1046 δὴ
533 962 589 1047 της
617 955 764 1047 ἀρρήτου
781 961 837 1028 καλ
855 956 1021 1047 ἀνεκφρά-

56 1081 137 1130 στου
169 1058 343 1148 δυνάμεῶς
373 1088 409 1130 τε
440 1061 496 1128 καὶ
523 1058 639 1139 οὐσίας
662 1058 778 1129 οὐδενὶ
803 1062 934 1148 μέτεστι
957 1064 1025 1130 τῶν

18 1192 42 1230 10
56 1157 163 1230 όντων
186 1159 275 1248 πλὴν
299 1164 350 1231 ἕνί
376 1158 467 1252 μόνφ
486 1167 680 1248 κοινωνίας,
704 1156 745 1230 ὃν
763 1158 861 1239 αὐτὸς
880 1159 897 1229 ὁ
916 1161 1024 1248 πατὴρ

56 1268 196 1351 προνοίᾳ
222 1265 290 1331 τῶν
312 1259 407 1384 ολων
424 1260 488 1348 πρὸ
512 1265 580 1332 τῶν
604 1259 756 1331 άλλων’
739 1262 898 1331 απάντων
923 1283 1021 1331 συνε-

56 1359 218 1448 στήσατο,
246 1359 289 1443 ῶς
307 1357 350 1432 ἀν
367 1360 412 1450 μὴ
439 1360 644 1441 παντελῶς“
627 1392 648 1451 η
666 1366 734 1431 τῶν
752 1360 922 1450 γεννητῶν
940 1360 1025 1430 ἀπο-

56 1463 151 1531 πέσοι
169 1484 271 1550 φνσις
297 1459 340 1530 δι’
368 1469 495 1533 οἰκείαν
519 1461 658 1532 ἀτονίαν
682 1466 736 1532 καὶ
756 1461 948 1551 ἀδυναμίαν
966 1465 1024 1548 τῆς

55 1560 349 1651 ἀγεννήτουκαΓ
332 1561 505 1652 αχωρήτου
529 1568 690 1651 πατρικῆς
713 1561 828 1654 οὐσίας
849 1569 1022 1651 διεστῶσα,

17 1693 42 1734 15
55 1668 150 1752 μένοι
176 1665 214 1734 δὲ
238 1667 293 1734 καὶ
317 1661 411 1746 αὐξοι
435 1668 492 1734 καλ
508 1667 661 1753 τρέφοιτο
679 1668 737 1751 τῆς
754 1669 855 1754 μέσης
874 1663 1052 1735 &nom-1>

55 1776 140 1835 ουσα
157 1774 332 1856 χορηγίας,
357 1761 399 1852 ἣν
423 1763 440 1834 ὁ
458 1765 642 1855 μονογενὴς
664 1771 724 1836 τοῦ
748 1769 833 1837 θεού
851 1765 946 1854 λόγος
964 1763 1024 1836 οὐ·

54 1893 135 1936 ποτε
152 1885 220 1949 τοῖς
238 1873 342 1938 πᾶσιν
361 1870 514 1958 ἐπαρκῶν
533 1865 763 1989 διαλιμπάνει,
783 1865 890 1955 πάντη
906 1869 942 1937 δὲ
958 1897 1024 1955 χω-

55 1972 124 2058 ρῶν
142 1972 198 2038 καί
218 1967 273 2039 διά
287 1968 423 2039 πάντων
436 1966 735 2059 περιπορευόμενος
749 1965 884 2038 πάντων
900 1972 931 2051 ἐξ
951 1979 1024 2055 ἰσης

54 2072 112 2154 τῆς
135 2080 299 2177 σωτηρίας
322 2086 473 2193 προνοει,
505 2068 692 2193 λογικῶν
679 2073 765 2158 ομού
794 2073 847 2139 καλ
880 2068 1022 2158 ἀλόγων,

16 2200 41 2240 20
55 2169 210 2255 θνητῶν
211 2199 245 2240 τε
263 2173 319 2240 καλ
337 2168 530 2258 ἀθανάτων,
549 2168 719 2261 οὐρανίων
733 2198 767 2240 τε
781 2173 836 2240 καλ
857 2174 1023 2258 ἐπιγείων,

54 2279 162 2340 θείων
179 2300 215 2340 τε
233 2268 458 2354 καλάοράτων
478 2269 669 2398 δυνάμεων,
689 2273 744 2340 καλ
763 2270 1010 2359 συλληβδηνί
979 2301 1022 2341 ε-

55 2387 144 2459 πεῖν,
163 2368 320 2442 ἀπάντων
333 2368 395 2440 ὅσα
411 2369 452 2459 δὴ
465 2372 575 2440 τοῦ
545 2400 631 2441 ειναι
650 2369 693 2440 δι’
717 2370 821 2440 αὐτοῦ
840 2379 1022 2460 μετείληχε,

54 2471 142 2543 πολύ
159 2501 197 2561 γε
214 2471 282 2562 μὴν
300 2474 403 2594 πλέον
417 2470 643 2561 διαφερόντως
656 2476 714 2594 της
727 2476 845 2561 νοερᾶς
866 2475 922 2540 καλ
936 2480 1023 2559 λογι·
1039 2511 1050 2538 e

22 2576 114 2662 κῆς
132 2572 279 2664 φύσεως,
300 2569 379 2644 δι’
365 2571 408 2662 ην
425 2572 549 2645 οὐδὲ
518 2603 554 2645 το
568 2571 787 2663 ἀνθρώπινον
800 2571 1023 2662 ὑπερεφρόνει

16 2706 41 2747 ει
55 2679 168 2766 γένος,
195 2681 245 2747 ἐτί
210 2684 288 2766 τίμα
313 2666 409 2746 δὲ
370 2703 408 2746 ευ
426 2675 514 2765 μάλα
537 2678 592 2745 καὶ
618 2673 810 2765 ἐκηδετο
770 2704 827 2763 της
845 2704 904 2745 του
889 2674 1031 2763 λόγου

54 2776 153 2866 χάριν
178 2776 260 2868 πρὸς
288 2776 409 2848 ἑαυτόν
432 2775 629 2858 οἰκειῶσεῶς
652 2805 687 2847 τε
706 2779 761 2846 καλ
786 2784 977 2866 συνεχείας,
1002 2778 1022 2866 η

55 2880 112 2947 καί
137 2877 208 2948 κατ’
237 2878 350 2948 εἰκόνα
374 2877 480 2949 αὐτοῶ
502 2881 745 2968 μεμορφῶσθαι
770 2882 807 2947 ἐν
829 2893 897 2958 τοῖς
922 2883 1022 2967 ιεροίς

54 2988 177 3068 λογίοις
196 2976 375 3069 ἀνείρηται,
414 2987 441 3052 7.
461 2978 534 3050 ἀλλ’
556 3009 572 3050 ο
562 2979 703 3069 μὲν
669 3009 730 3066 την
750 2977 917 3049 εἰκόνα
880 3009 942 3067 την
961 2977 1021 3047 αὐ-

53 3086 115 3152 τού
132 3080 177 3162 ῶς
194 3076 237 3151 ἀν
260 3088 345 3152 θεοῦ
368 3079 463 3171 λόγος
481 3081 543 3170 τὴν
561 3080 682 3169 νοεράν
705 3079 839 3151 ἅπασαν
857 3084 913 3150 καί
931 3088 1019 3166 λογι-

15 3212 41 3252 ω
54 3183 119 3272 ’κήν
131 3178 291 3273 ἀφίστησι
306 3179 379 3254 κατ’
394 3181 496 3272 ἀρχάς
510 3189 567 3269 τῆς
581 3187 640 3252 τοῦ
654 3180 777 3264 παντός
792 3189 1021 3270 δημιουργίας,

123 3417 155 3466 27
176 3415 243 3469 Gen.
258 3419 281 3480 1,
295 3417 336 3466 26.
349 3417 390 3468 27.
