2326 3818
373 137 560 189 υΕΜοΝεν.
578 132 709 188 ενιαο.
725 139 746 187 1.
766 138 789 189 ο.
1011 135 1053 199 45

84 277 170 350 θεὸν
187 279 242 348 καί
261 275 379 368 κύριον
396 291 465 357 τοῖς
480 283 675 363 Αἰγυπτίοις
689 274 884 367 άυθρωπον,
902 275 939 358 δς
952 275 1053 347 σοι’σει

87 379 225 468 αύτούς,
255 376 295 449 δν
326 380 382 448 καί
411 377 450 448 τά
480 380 633 459 Μωσέως
663 378 785 468 ἐδήλου
815 378 910 468 λόγια
934 374 979 449 δι’
1006 370 1054 450 οἷν

86 477 243 574 ἔφησεν,τε
250 478 454 564 ἐξελεύσεται
471 477 650 570 ἅνθρωπος
665 485 701 550 ἐκ
710 485 769 550 τοῦ
788 483 972 570 σπέρματος
991 479 1055 549 αύ-

85 588 162 671 τοῦ,
187 585 244 652 καί
268 580 438 674 κυριεύσει
462 587 576 653 ἐθνῶν
599 577 766 652 πολλωυ.”
811 587 846 651 ἐν
870 580 919 665 οἷς
939 591 1054 653 ἔθνεσι

58 686 143 754 5καί
162 681 340 772 Αἰγύπτιοι
359 683 534 772 δήπουθεν
552 680 803 774 καταριθμοῖντ’
824 681 875 754 άν.
903 688 954 752 53.
970 680 1055 752 άλλά

85 789 163 876 περὶ
186 787 249 876 μὲν
272 784 401 858 τούτων
426 784 552 877 μακρός
578 779 621 855 όίν
639 798 690 874 εἰη
715 784 828 874 λόγος,
858 783 908 855 ἐπ’
931 792 1054 867 οἰκείας

86 893 205 978 σχολής
240 892 471 979 ἐντελίστερον
502 883 814 979 άποδοθησόμενος·
856 885 893 957 τό
920 917 957 974 γε
989 885 1055 977 μήν

86 989 195 1080 παρόν
221 989 471 1080 ἐπιτετηρήσθω
501 988 551 1060 ότι
574 987 614 1058 τά
638 989 873 1080 προηγούμενα
896 987 971 1059 οὐδ’
998 985 1054 1058 άλ-

86 1101 161 1162 λοτε
179 1086 200 1179 ή
218 1091 299 1181 μετὰ
317 1091 378 1179 τήν
393 1089 592 1178 ἐπιφάνειαν
600 1089 708 1180 Ἰησοῦ
722 1099 781 1162 τού
800 1096 946 1181 σωτῆρος
960 1086 1055 1180 ήμων

47 1223 74 1263 ιο
88 1197 281 1283 ἐπληροῦτο.
307 1199 357 1264 54.
380 1196 413 1277 ἕξ
427 1198 557 1263 ἐκείνου
576 1191 638 1282 γάρ
652 1222 703 1264 τοι
716 1196 772 1263 καὶ
793 1201 839 1276 εἰς
853 1197 953 1283 δεύρο
966 1193 1056 1283 παρά

86 1313 156 1378 τοῖς
186 1303 384 1383 Αἰγυπτίοις
417 1297 473 1364 καὶ
496 1292 587 1384 παρά
615 1298 762 1381 Πέρσαις
787 1293 911 1384 Σύροις
940 1324 975 1364 τε
1000 1298 1055 1364 καὶ

82 1395 284 1487 Ἀρμενίοις,
309 1400 365 1465 καὶ
389 1395 479 1484 παρά
502 1411 570 1477 τοῖς
593 1393 651 1476 τάς
676 1391 826 1483 ἐσχατιάς
851 1401 909 1484 τῆς
927 1401 987 1482 γῆς
1006 1403 1056 1464 οί-

87 1503 185 1568 κούσι
209 1496 411 1587 βαρβάροις,
437 1494 550 1577 αὐτοῖς
573 1523 609 1565 τε
632 1511 699 1577 τοῖς
722 1492 759 1566 τό
783 1498 865 1585 πρὶν
882 1495 1057 1586 άνημερω-
1072 1518 1114 1565 (21)

87 1596 195 1680 τάτοις
214 1601 269 1668 καὶ
287 1595 569 1689 θηριωδεστάτοις
588 1604 716 1687 ἔθνεσι,
733 1600 791 1669 ναὶ
808 1598 875 1689 μήν
894 1600 949 1668 καί
967 1598 1057 1687 παρὰ

49 1729 75 1769 ιε
89 1719 158 1782 τοῖς
176 1698 233 1782 τάς
251 1700 374 1791 νήσους
388 1703 551 1791 οἰκοῦσιν,
571 1696 637 1792 (ὅτι
656 1699 697 1790 δή
715 1699 918 1772 καὶτούτων
935 1699 1057 1790 ήξίωσε

87 1801 222 1894 μνήμην
234 1798 255 1894 ή
269 1812 453 1895 προφητεία
462 1802 696 1894 ποιήσασθαι,)
708 1799 792 1892 αύτή
808 1808 918 1890 ἐκείνη
936 1802 956 1892 ή
976 1801 1058 1872 κατά

86 1906 146 1976 τὸν
159 1905 307 1996 Ἀβραάμ
325 1912 475 1977 πολιτεία
498 1909 554 1976 καί
578 1901 596 1976 ό
623 1913 822 1989 παλαίτατος
849 1907 904 1974 καὶ
922 1903 1058 1975 πάντων

87 2003 301 2096 ἀρχαιότατος
338 2013 396 2097 τῆς
435 2016 632 2097 θεοσεβείας
667 2007 786 2098 τρόπος
828 2004 1056 2091 σπουδάζεται.

88 2112 140 2177 55.
160 2112 216 2177 καὶ
233 2116 282 2190 τίς
301 2107 364 2180 οὐκ
380 2106 423 2179 διν
441 2113 620 2199 ἐκπλαγείη
637 2110 674 2180 τό
692 2108 882 2199 παράδοξον
895 2114 955 2179 τοῦ
973 2107 1059 2196 πρά-

50 2235 77 2275 νο
89 2237 223 2296 γματος,
242 2217 273 2278 εί
290 2203 332 2299 δή
350 2215 384 2279 οἰ
400 2214 433 2292 ἐξ
443 2214 565 2292 αἰῶνος
583 2219 692 2293 λίθοις
709 2213 764 2280 καὶ
783 2210 893 2294 ξύλοις
911 2213 967 2279 καὶ
988 2216 1059 2279 δαί-

90 2330 185 2399 μοσι,
203 2317 337 2398 θηρίοις
354 2339 390 2379 τε
407 2309 699 2400 άνθρωποβόροις,
723 2315 779 2381 καὶ
803 2316 952 2401 ἑρπετοῖς
972 2309 1059 2399 ἰοβό-

90 2420 177 2499 λοις,
206 2409 298 2504 ζῴοις
321 2439 357 2480 τε
381 2420 567 2498 παντοίοις,
595 2414 650 2480 καὶ
670 2416 839 2500 εἰδεχθέσι
863 2409 1059 2496 κνωδάλοις,

91 2521 176 2602 πυρί
191 2539 227 2582 τε
251 2515 306 2582 καί
324 2518 387 2604 γη,
411 2513 467 2581 καί
491 2528 560 2593 τοῖς
583 2516 642 2582 τοῦ
666 2511 789 2594 παντὸς
815 2508 956 2600 άψύχοις
974 2533 1059 2581 στοι-

91 2623 192 2705 χείοις
210 2613 272 2703 τήν
285 2612 468 2704 σεβάσμιον
481 2611 581 2704 τιμήν
593 2617 832 2705 περιτιθέντες,
844 2614 903 2684 τδν
916 2610 1059 2697 ὕψιστον
1075 2634 1086 2673 b

52 2745 78 2787 ετ
92 2716 193 2805 θεὸν,
218 2714 276 2788 τόν
300 2715 447 2806 ούρανοῦ
474 2719 530 2787 καί
559 2720 620 2805 γῆς
644 2716 865 2806 δημιουργόν,
891 2712 993 2785 αύτόν
1018 2712 1059 2803 δή

91 2816 150 2888 τόν
167 2822 235 2889 των
253 2826 435 2909 προφητῶν
445 2818 574 2910 κύριον,
593 2818 652 2889 τὸν
669 2815 911 2908 θεὸνἈβραάμ
925 2819 1060 2886 καὶτῶν

92 2918 214 2990 τούτου
243 2918 481 3011 προπατόρων,
512 2920 594 3012 μετά
616 2921 680 3009 τήν
702 2924 762 2992 τοῦ
789 2924 936 3008 σωτῆρος
965 2922 1061 3008 ήμῶν

92 3029 283 3111 παρουσίαν
299 3019 562 3109 άιηκαλοῦνταω
588 3028 638 3093 56.
658 3026 766 3093 καλοί
784 3025 893 3115 μικρῷ
909 3020 1061 3110 πρόσθεν

87 3131 332 3221 μητρογαμίαις
361 3128 416 3195 καί
445 3129 738 3215 θυγατρομιξίαις,
776 3123 1061 3212 άλληλοφθορίαις

52 3258 80 3298 ω
94 3255 130 3296 τε
148 3228 203 3296 καί
222 3233 395 3307 παντοίαις
408 3235 616 3317 μιαιφονίαις
628 3223 934 3314 ἐγκαλινδούμενοι,
954 3230 988 3294 οἰ
998 3253 1062 3313 μη-

95 3329 154 3398 δέν
180 3358 211 3398 τι
237 3324 414 3418 άνημίρων
439 3339 572 3422 θηρίων
596 3329 656 3401 τὸν
681 3326 806 3418 τρόπον
834 3330 1061 3416 διαφέροντες,
