2326 3818
149 109 212 173 m?
552 111 702 163 Emmn
783 155 788 161 .

147 252 320 340 γεννητόν
345 248 503 321 ἁπάντων
526 246 715 332 οόσιιόσεός
739 278 774 320 τε
798 252 854 320 καὶ
872 249 1046 338 ὑπάρξεως
1065 264 1123 323 αδ-

125 371 235 423 ετιον·
269 356 429 432 θέλοντος
452 350 515 442 γάρ
541 357 627 438 ἐστι,
651 353 745 422 θέλει
771 353 825 439 δέ,
857 348 907 422 ότι
933 351 995 440 τὴν
1013 352 1121 442 φύσιν

94 485 133 537 [οε]
150 451 275 543 ἁγαθός
295 449 343 524 όν
360 451 525 543 τυγχάνει.
563 452 682 547 ἀγαθῷ
702 455 740 522 δὲ
757 452 859 523 οὐδέν
877 451 927 524 ὅτι
945 446 988 543 μη
1008 455 1044 524 τὸ
1062 459 1121 526 θέ-

150 567 220 626 λειν
250 553 291 625 τοὶ
321 554 434 644 ἀγαθὰ
460 557 639 645 προσφυές.
690 558 850 626 Μέλων
874 556 1038 626 δὲταῦτα
1064 561 1121 627 καλ

150 657 306 728 δύναται·
342 654 394 726 διό
418 658 474 725 καὶ
498 656 610 725 θέλων
633 649 717 744 ὁμοῦ
735 659 790 725 καὶ
811 655 1015 746 δυνάμενος,
1033 656 1149 729 (λειω-ε

149 758 256 838 λότως
280 760 335 827 καὶ
359 756 637 846 όιπαραποδίστως
661 761 729 827 πᾶν
752 753 820 826 ότι
844 757 946 828 καλὸν
964 762 1019 828 καὶ
1038 781 1122 849 συμ-

149 865 254 949 φέρον
286 865 322 927 έν
353 885 388 926 τε
412 853 591 946 ὁρωμένοις
615 860 671 926 καὶ
696 855 861 945 ἀφανέσιν
885 858 984 941 αὐτός
1012 863 1122 955 ἑαυτῷ

149 956 392 1046 συνεστήσατο,
417 957 503 1047 ὕλην
527 955 638 1048 ὥσπερ
662 957 736 1029 τινέι
760 961 815 1029 καὶ
839 957 959 1031 οὐσίαν
976 965 1034 1049 της
1052 967 1123 1033 τῶν

148 1060 237 1130 ὅλων
254 1058 415 1148 γενέσεώς
440 1088 475 1130 τε
493 1063 550 1130 καὶ
567 1059 758 1141 συστάσεως
772 1058 834 1149 τὴν
853 1065 974 1132 ἑαυτοῦ
992 1062 1123 1152 βουλὴν

149 1166 206 1231 καὶ
225 1158 369 1251 δύναμιν
387 1166 673 1253 προβεβλημένος,
699 1160 743 1243 ὡς
761 1166 876 1251 μηκέτι
895 1162 1039 1252 εὐλόγως
1057 1163 1123 1252 φαί-
1137 1194 1159 1232 1·

122 1292 205 1333 οναι
225 1269 298 1334 δεῖν
318 1267 350 1345 ἐξ
368 1263 431 1334 οὐκ
449 1262 558 1334 όντων
577 1264 667 1333 εἷναί
681 1291 712 1332 τι
730 1268 798 1334 τῶν
815 1260 940 1334 όντων·
959 1261 1039 1335 οὐδὲ
1056 1263 1123 1354 γὰρ

149 1362 192 1435 όὶν
211 1375 261 1452 είη
286 1395 317 1435 τι
341 1363 378 1435 τό
406 1368 442 1434 έκ
464 1365 509 1455 μὴ
527 1363 631 1444 ὄντος.
669 1366 739 1445 πως
763 1363 827 1456 γὰρ
845 1363 881 1435 τό
899 1363 944 1454 μη
962 1362 1001 1436 όν
1020 1369 1122 1460 ἕτέρφ

148 1472 208 1538 τοῦ
227 1467 312 1537 εἶναι
336 1465 459 1556 γένοιτ’
493 1462 536 1536 όν
560 1477 684 1551 αίτιον;
716 1469 783 1535 παν
809 1467 847 1535 δὲ
870 1464 888 1536 ὅ
912 1495 943 1536 τι
968 1493 1047 1537 ποτε
1066 1472 1124 1538 καὶ

149 1577 241 1639 ἔστιν
260 1573 291 1650 ἐξ
312 1567 385 1648 ἑνός
403 1572 463 1638 τοῦ
480 1567 585 1656 μόνου
603 1565 698 1648 όντος
716 1569 772 1636 καί
798 1566 976 1657 προόντος,
1000 1573 1060 1638 τοῦ
1080 1567 1122 1658 δὴ

149 1674 206 1739 καὶ
223 1667 393 1757 φήσαντος
407 1665 495 1756 “έγω’
521 1676 587 1757 εἰμι
604 1664 622 1736 ὁ
642 1663 724 1756 ω”ν,”
745 1665 782 1737 τὸ
808 1669 893 1738 εἶναι
911 1667 1016 1757 λαβὸν
1035 1676 1121 1759 ἔχει’
1137 1698 1162 1738 ιε

150 1777 179 1841 8.
200 1768 250 1839 ότι
277 1767 318 1858 δὴ
344 1769 444 1859 μόνος
463 1764 511 1839 τόν
537 1772 593 1838 καὶ
618 1768 671 1837 ἀεὶ
695 1765 743 1838 ὧν
773 1765 872 1850 αὐτὸς
896 1775 978 1839 πᾶσι
1001 1786 1069 1850 τοῖς
1089 1775 1122 1855 ἐξ

151 1868 309 1941 αὐτοῦτὸ
329 1873 415 1941 εἶναι
437 1874 653 1959 κτησαμένοις
672 1881 776 1949 αἴτιος
799 1874 859 1941 τοῦ
877 1870 964 1941 εἶναι
981 1876 1123 1961 κατέστη

150 1977 198 2064 τῷ
215 1975 330 2041 θέλειν
349 1975 404 2041 καὶ
418 1977 464 2064 τῷ
480 1969 661 2058 δύνασθαι,
680 1974 737 2041 καί
749 1969 811 2059 τὴν
824 1967 946 2042 οὐσίαν
958 1990 1026 2054 τοίς
1040 1977 1123 2044 πᾶσι

152 2071 287 2152 καὶτὰς
314 2071 472 2162 δυνάμεις
495 2075 550 2143 καὶ
575 2070 614 2141 τὰ
640 2079 714 2160 είδη
737 2080 906 2154 πλουσίως
931 2078 988 2143 καὶ
1005 2071 1121 2144 όνεπι-

153 2171 292 2261 φθόνως
312 2178 344 2257 ἐξ
363 2173 468 2245 αὑτοῦ
485 2177 730 2265 κεχαρισμένος.
1136 2205 1162 2246 εο

85 2307 140 2358 μω)
227 2275 263 2344 ΙΙ.
293 2279 356 2346 Καὶ
380 2276 421 2365 δὴ
439 2280 507 2346 τῶν
530 2273 638 2346 όντων
655 2273 813 2346 ἁπάντων
830 2280 963 2365 πρῶτον
981 2271 1124 2366 ὑφίστη·

152 2400 209 2450 σιν
235 2376 340 2449 αὐτοῦ
364 2380 513 2468 γέννημα
545 2374 607 2465 τὴν
639 2375 850 2467 πρωτότοκον
874 2385 1016 2466 σοφίαν,
1042 2373 1127 2466 ὅλην

154 2477 198 2549 δι’
219 2478 299 2551 ὅλον
323 2479 445 2570 νοερόν
469 2482 525 2550 καί
548 2478 686 2567 λογικὴν
704 2481 759 2548 καί
778 2477 969 2567 πάνσοφον,
994 2485 1123 2568 μᾶλλον

124 2583 191 2650 οδέ
209 2580 376 2651 αὐτόνουν
399 2584 454 2650 καὶ
481 2575 662 2669 αότολόγον
686 2582 742 2649 καί
766 2575 991 2669 αότοσοφίαν,
1016 2584 1073 2650 καὶ
1092 2592 1128 2651 εί

153 2711 185 2751 τι
205 2683 241 2751 δέ
260 2677 448 2750 αὐτόκαλον
474 2684 528 2750 καὶ
547 2679 757 2770 αὐτοόγαθον
782 2685 927 2752 ἐπινοεῖν
946 2684 983 2750 ἐν
1000 2710 1124 2771 γεννη-
1141 2717 1159 2745 ἰ

153 2799 222 2863 τοῖς
245 2784 359 2870 θέμις,
383 2785 636 2873 τοῦτοπρῶτον
660 2779 760 2865 αὐτὸς
787 2787 818 2865 ἐξ
842 2780 946 2854 αὐτοῦ
963 2787 1124 2872 θεμέλιον

154 2886 222 2951 των
239 2882 321 2972 μετὰ
334 2888 438 2954 ταῦτα
447 2888 681 2974 γενησομένων
694 2884 927 2975 προβάλλεται,
946 2882 982 2956 τό
996 2887 1124 2955 τέλειον

154 2993 285 3054 τελείου
311 2985 559 3075 δημιούργημα,
590 2989 646 3056 καὶ
671 2989 778 3074 σοφοῦ
803 2985 910 3073 σοφὸν
932 2983 1144 3075 doxam-1

155 3115 260 3176 νημα,
289 3085 422 3174 ἀγαθοῦ
446 3087 569 3178 πατρὸς
587 3085 719 3176 ἀγαθόν
736 3090 900 3177 γέννημα,
924 3089 979 3157 καί
1004 3093 1039 3157 τί
1059 3086 1123 3176 γὰρ

155 3186 236 3258 ἄλλο
259 3185 280 3276 η’
304 3194 372 3258 των
395 3194 570 3279 μετέπειτα
593 3186 629 3258 τό
649 3188 735 3259 εἶναι
760 3186 807 3258 δι’
827 3185 932 3259 αὐτοῦ
948 3187 1123 3274 λαβόντων
1136 3216 1159 3255 ι

227 3423 457 3487 ωωωηπ
