2326 3818
323 112 756 165 οεαοαεα.ανεαο.ν.α
965 110 1028 174 303

64 250 203 331 λιάσεας
222 247 312 339 παρά
328 248 407 331 τοῦς
421 248 581 339 ’μετόχους
600 274 672 320 σου.
714 247 798 320 όόστε
817 247 899 321 οῦδὲ
916 250 1030 322 κοινὸν

64 356 120 421 καὶ
143 355 266 439 γεῶδες
289 351 326 421 τὸ
357 350 565 440 δηλοῦμενον
596 353 695 420 τοῦτο
725 367 849 441 χρῖσμα
880 343 923 439 6v
952 349 1031 423 οῦδε

63 453 179 540 ῦμοιον
194 481 240 544 τφ
262 450 352 539 παρά
365 463 488 524 Mum&
500 457 793 574 νενομοθετημένφ
808 455 864 522 καὶ
877 457 1031 542 φθαρτῆς

64 560 96 636 ἐξ
115 552 197 642 ῦλης
215 557 528 646 κατεσκευασμενφ,
548 582 574 645 φ
565 542 695 641 φίλον
713 543 756 641 ἦν
772 553 851 634 τοῦς
868 554 1030 634 παλαιοὺς

35 654 175 742 τἘβραί
175 683 223 726 ων
247 659 354 743 ίερέας
385 658 440 725 καὶ
467 627 623 742 βασιλέας
651 663 815 745 χριεσθαι.
863 660 893 724 3.
928 661 1031 725 έυθεν

61 755 143 844 ἡμῖν
162 754 295 838 εἰκότως
313 759 369 827 καὶ
393 753 474 837 θεός
496 751 580 844 ὁμου
569 759 660 825 καὶ
685 754 826 844 Χριστός
844 754 1030 879 ἀνηγόρεη-

62 887 126 944 ται,
146 857 189 939 ὡς
206 854 249 928 ἀν
266 857 378 947 μόνος,
396 887 441 947 μη
430 854 496 927 δι’
518 855 729 946 ἀνθρώπων,
748 853 828 946 μηδ’
846 861 877 940 ἐξ
892 854 1030 986 ἀνθρηό-

62 985 152 1045 πων,
172 960 254 1045 πρὸς
272 955 375 1030 αῦτου
361 959 433 1029 δέ
450 963 510 1029 τοῦ
528 962 596 1030 τῶν
613 957 703 1029 όλων
720 963 876 1048 ποιητοῦ,
901 962 959 1046 της
978 963 1028 1028 ἐν·

60 1062 144 1130 θέου
162 1065 265 1149 χαρᾶς
283 1063 339 1129 καὶ
357 1038 617 1146 ἀγαλλιάσεως’
597 1059 761 1152 ασωμάτφ
776 1063 832 1130 καὶ
845 1073 1031 1147 θεοπρεπεῖ

20 1191 45 1230 10
60 1168 214 1281 χρίσματι
250 1163 473 1251 κεχρισμένος.
521 1172 549 1231 4.
588 1159 705 1246 διόπερ
746 1164 885 1243 ἐνδίκως
916 1159 1028 1249 μόνος,

59 1258 192 1342 ἀκάκως
211 1261 331 1384 μόνος,
352 1257 490 1350 ἀγαθῶς
512 1265 568 1331 καὶ
594 1271 718 1348 κυρίας
742 1260 832 1384 παχιά
854 1260 932 1343 τοῦς
950 1261 1028 1332 όνο-
1039 1274 1092 1323 (21⁸)

58 1365 263 1452 μαζομένους
288 1359 395 1432 αῦτοῦ
412 1362 587 1487 μετόχους,
616 1359 800 1448 Χριστός
781 1360 824 1432 ἀν
847 1362 1023 1485 ἀηαγορευ

59 1471 146 1551 θείη.
188 1469 223 1533 οι
234 1467 374 1591 μέτοχοι
394 1462 502 1533 δὲ’
460 1469 566 1534 αυτοῦ
589 1473 677 1543 τίνες
700 1459 743 1533 ἀν
770 1465 854 1550 εἷεν,
874 1460 894 1550 6
888 1463 992 1532 '‘oc
962 1470 1031 1532 οιοί

57 1592 93 1633 τε
111 1562 252 1652 λέγειν“
256 1568 386 1689 μέτοχοι
404 1564 469 1652 γὰρ
482 1563 668 1653 γεγόναμεν
681 1561 858 1652 Χριστοῦ;’
861 1555 1006 1654 ’περὶ
980 1593 1028 1632 ωυ

19 1698 43 1734 15
59 1663 217 1754 εἴρηται“
229 1664 274 1756 μὴ
292 1663 439 1736 ἅπτεσθε
456 1671 525 1735 τῦν
542 1670 698 1756 Χριστῦν
716 1695 798 1755 μου,
825 1668 881 1736 καὶ
905 1670 940 1736 ἐν
958 1684 1026 1748 τοῖς

58 1765 245 1855 προφήταις
262 1796 326 1857 μου
351 1763 396 1856 μὴ
414 1764 675 1855 πονηρεῦεσθε.”
715 1773 744 1837 5.
773 1769 829 1837 καὶ
855 1766 896 1856 δη
918 1796 1028 1855 πεφη·

57 1866 151 1948 νότος
170 1867 226 1938 διά
244 1868 373 1940 τούτων
391 1876 506 1957 σαφοῦς
524 1873 584 1939 τοῦ
607 1872 756 1958 Χριστοῦ
779 1867 952 1958 ἀγαπητοῦ
972 1872 1028 1938 καὶ

56 1975 142 2040 θεοῦ
162 1974 217 2040 καὶ
236 1973 417 2057 βασιλέως,
436 1969 506 2060 ὥρα
523 1993 561 2040 σε
581 1980 700 2059 ζητεῖν,
719 1965 943 2060 δτηλικοῦτος
958 1975 1027 2052 ποῦς

59 2070 201 2157 ἐχθροῦς
225 2079 313 2159 έχειυ
336 2075 481 2158 λέγεται,
507 2075 562 2142 καί
588 2081 682 2152 τίνας
707 2075 762 2142 καὶ
782 2068 823 2142 δι’
842 2069 885 2160 ἣν
903 2080 1025 2159 αίτίαν,

17 2203 42 2242 σο
57 2168 137 2239 καθ’
158 2162 206 2241 οἷν
229 2169 268 2241 τά
295 2174 416 2241 ἑαυτοῦ
433 2177 513 2260 βέλη
538 2174 594 2243 καὶ
618 2171 682 2260 τὴν
706 2177 827 2243 ἑαυτοῦ
854 2179 1051 2263 ῥομφαίανῑ)

55 2270 259 2360 ηκονήσατο,
288 2270 377 2352 ὅπως
402 2301 437 2341 τε
465 2269 506 2341 06
532 2270 571 2342 δι’
600 2272 770 2360 ὁπλιτικῆς
800 2272 1024 2361 παρατάξεως,

55 2372 128 2442 ἀλλ’
152 2375 266 2443 ἕνεκεν
283 2370 444 2459 ἀληθείας
459 2376 514 2442 καὶ
534 2372 721 2461 πραῦτητος
739 2377 795 2442 καί
811 2374 1025 2459 δικαιοσύνης
1132 2435 1135 2437 ,

54 2480 195 2564 μυρίους
218 2471 407 2562 ῦπηγάγετο
439 2477 546 2567 ἑαυτῷ
576 2472 686 2561 λαοός.
732 2479 761 2543 6.
799 2481 957 2560 ζητοῦντα
988 2475 1024 2542 δὲ

54 2575 199 2663 ἀκριβῶς
217 2581 320 2646 ταῦτα
344 2583 452 2658 καλῶς
475 2571 518 2646 ἀυ
546 2583 613 2665 ἔχοι
637 2579 838 2664 μεταφέρειν
861 2571 945 2644 αῦτά
971 2578 1024 2644 ἐπὶ

15 2710 40 2749 ετ
54 2679 111 2747 τὸν
135 2683 268 2767 σωτῆρα
292 2681 347 2748 καὶ
371 2676 491 2768 κόριον
519 2676 615 2766 ἡμῶν
635 2675 765 2765 Ἰησοῦν
797 2676 855 2746 τὸν
880 2676 1024 2766 Χριστὸν

52 2785 112 2847 τοῦ
137 2783 239 2863 θεοῦ,
271 2776 494 2868 ἀνατρέχοντα
520 2783 574 2850 ἐπὶ
599 2777 638 2849 τὰ
670 2782 915 2867 διεξαδευμένα
948 2782 1024 2866 περὶ

53 2881 111 2966 της
135 2885 181 2959 εἰς
211 2875 413 2966 ἀνθρώπους
445 2877 548 2951 αῦτοῦ
579 2879 746 2968 παρόδου,
783 2879 862 2950 καθ’
894 2878 939 2970 ἣν
966 2879 1023 2960 τὰς

55 2978 177 3068 ἐχθρὰς
200 2981 256 3048 καὶ
281 2978 443 3070 ἀοράτους
469 2979 627 3069 δυνάμεις
657 2988 725 3051 νῦν
755 2986 936 3072 μοχθηρῶν
967 2983 1022 3051 καὶ

54 3085 268 3171 λυμαυτικῦν
277 3079 523 3171 δαιμόνιουτῦν
536 3110 572 3151 τε
585 3086 742 3171 πονηρεόν
755 3086 811 3152 καὶ
820 3082 1023 3170 ἀκαθάρτων

14 3214 40 3254 εο
53 3180 255 3272 πνευμάτων
263 3181 531 3272 τροπωσάμενος,
542 3192 683 3273 μυρίους
691 3181 791 3264 ῦσονς
801 3187 908 3276 ἑαυτηῐ
920 3182 1020 3262 λαοῦς
1032 3212 1086 3265 [138]

122 3417 334 3479 ααααα
492 3418 711 3478 αεωαπ.
