2326 3818
369 122 557 177 υεΜοΝεν.
576 123 711 179 υνκαα.
730 125 768 180 11.
787 129 811 180 3.
858 94 863 110 “
1003 125 1064 189 103

88 287 185 355 ονσι,
210 264 284 334 τοτὲ
300 265 362 354 μὲν
382 261 529 353 δασμοὺς
548 266 603 333 καὶ
621 262 747 356 φόρους
765 262 887 347 αὐτοός
906 272 1064 356 εἰσπρατ-

91 365 241 458 τόμενοι,
261 366 333 437 τοτὲ
352 365 391 435 δὲ
409 371 496 436 ἴδιον
515 367 645 436 ἑαυτῶν
668 369 776 456 κτῆμα
793 365 855 455 τήν
874 365 976 437 πάλαι
995 372 1064 438 τῶν

91 464 263 539 Ἰουδαίων
292 474 357 557 γῆν
387 469 619 556 πεποιημένοι·
654 463 739 537 ἀλλά
771 468 886 538 καὶτὸ
911 466 1002 561 ίερόν
1026 468 1063 539 τό

94 567 258 662 εὐπρεπὲς
281 574 338 658 τῆς
364 566 597 661 μητροπόλεως
624 566 737 639 αὐτῶν
759 567 942 661 ήρείπωτατ
966 599 1064 640 κατε-

65 675 302 764 οστραμμένον
318 666 384 741 ἀπὸ
398 678 490 741 λαῶν
503 665 699 761 ἀλλοτρίων,
718 677 756 741 αί
766 699 802 741 τε
820 670 932 753 πόλεις
951 671 1063 743 αὐτων

92 780 313 865 πυρίκαυστον
331 770 504 862 γεγόνασι,
524 774 579 844 καὶ
598 773 736 862 γέγονεν
749 771 965 866 Ἰερουσαλήμ
983 771 1064 862 ἀλη·

90 879 164 957 θῶς
176 872 270 956 πόλις
285 876 558 966 πολιορκουμένη.
590 878 641 944 54.
661 872 735 945 ἀλλ’
758 878 828 947 ἐπεὶ
840 873 966 946 τούτων
984 877 1061 966 περὶ

90 973 212 1058 αὐτοὺς
231 975 492 1067 συμβεβηκότων
518 974 536 1046 ὁ
555 979 623 1047 τῶν
640 973 837 1048 ἀποστόλων
854 976 949 1070 χορός
976 983 1011 1048 οἵ
1026 1006 1061 1049 τε
1079 1016 1091 1045 e

91 1080 125 1162 έξ
139 1074 304 1169 Ἐβραίων
331 1086 377 1160 είς
402 1075 460 1148 τόν
478 1076 625 1168 Χριστὸν
648 1078 902 1162 πεπιστευκότες
921 1084 1062 1169 γονίμου

51 1212 78 1253 ιο
93 1185 193 1271 δίκην
216 1182 402 1271 σπέρματος
427 1182 459 1264 ἐξ
479 1175 591 1250 αὐτων
608 1182 746 1250 ἐκείνων
770 1178 1061 1272 διεφυλάχθησαν,

90 1278 173 1353 καθ’
199 1277 278 1371 ὅλης
300 1309 336 1352 τε
359 1286 416 1372 τῆς
440 1282 638 1372 οἰκουμένης
656 1283 713 1352 καὶ
732 1288 780 1363 είς
803 1286 871 1352 πᾶν
889 1287 985 1372 γένος
1004 1281 1062 1353 ἀν-

89 1382 241 1474 θρώπων
260 1383 454 1464 διελθόντες
472 1387 584 1454 πᾶσαν
608 1379 779 1454 πόλινκαὶ
803 1382 907 1454 τόπου
925 1387 980 1454 καὶ
999 1381 1062 1472 χά·

90 1515 156 1576 ραν
173 1490 233 1557 τοῦ
243 1491 368 1556 οίκείον
383 1487 438 1555 καὶ
453 1480 690 1576 Ἰσραηλιτικοῦ
700 1482 827 1577 σπόρου
837 1487 1061 1574 κατέπλησαν,

92 1585 177 1658 ὥστε
196 1591 228 1671 ἐξ
247 1583 359 1658 αὐτῶν
377 1583 498 1678 στάχνς
516 1585 573 1669 τὰς
594 1581 647 1656 ἐπ’
666 1584 826 1676 ὀνόματος
839 1591 899 1657 τοῦ
915 1589 1062 1678 σωτῆρος

53 1683 187 1780 ιοήμῶν
210 1686 400 1772 ἀποστάσας
425 1693 599 1779 ἐκκλησίας
623 1691 745 1778 φῦναι,
773 1685 907 1772 εἰκότως
931 1687 948 1760 ὁ
968 1702 1062 1772 θεῖος

90 1788 264 1881 προφήτης
287 1793 431 1880 ἐπιλέγει
454 1806 525 1872 ταῖς
549 1800 884 1882 προαποφανθείσαις
908 1789 980 1862 κατ’
1003 1788 1062 1860 αό-

89 1897 158 1965 τῶν
171 1891 335 1981 ἀπειλαῖς,
344 1889 399 1963 “el
409 1890 455 1983 μή
469 1892 583 1983 κόρτος
592 1890 745 1981 Σαβαωθ
756 1895 968 1983 ἐγκατέλιπεν
981 1887 1062 1982 ἡμῖν

53 2069 55 2076 ,
91 1997 242 2085 σπέρμα,
262 1992 307 2077 ὡς
325 1994 463 2085 Σόδομα
481 1991 523 2064 ἀν
543 1989 751 2085 ἐγενήθημεν
771 1997 826 2065 καὶ
845 1990 890 2078 ἀς
907 1992 1062 2087 Γόμορρα
1079 2021 1092 2061 d

91 2090 135 2165 ἀν
153 2090 382 2187 ἀμοιοόθημεν.
425 2102 476 2167 55.
496 2095 578 2186 ὅπερ
606 2095 809 2187 συναγαγών
829 2098 881 2167 ἐπὶ
903 2097 939 2168 τὸ
958 2098 1062 2186 σαφὲς

51 2225 79 2266 εο
93 2196 269 2288 ἕρμηνεύει
301 2202 338 2269 ἐν
363 2201 406 2290 τῇ
435 2195 518 2290 πρός
536 2197 718 2288 Ῥωμαίους
747 2202 902 2290 ἐπιστολῇ
931 2193 949 2269 ό
975 2196 1062 2289 ίερός

91 2297 275 2383 ἀπόστολος
287 2297 448 2382 “Ἡσαΐας
468 2300 505 2370 δὲ
524 2298 633 2392 κράζει
651 2295 736 2390 ὑπὲρ
754 2307 813 2371 τοῦ
829 2298 975 2392 Ἰσραήλ,
1005 2297 1063 2370 έάν

91 2389 115 2493 ᾖ
131 2396 149 2470 ό
163 2397 306 2493 ἀριθμός
318 2404 386 2473 τω“ν
399 2405 486 2473 υίῶν
499 2397 630 2492 Ἰσραήλ
646 2396 690 2483 ὦς
702 2399 723 2490 ή
737 2398 843 2491 ἀμμος
856 2405 914 2489 τής
932 2398 1064 2471 θαλάσ-

92 2525 171 2591 σης,
190 2505 227 2574 τὸ
244 2499 433 2595 ὑπόλειμμα
451 2500 651 2592 σωθήσεται.
694 2499 795 2592 λόγον
811 2501 874 2592 γάρ
893 2506 1064 2573 συντελῶν

92 2606 148 2676 καὶ
167 2610 362 2696 συντέμνων
379 2603 511 2694 ποιήσει
536 2603 651 2696 κόριος
670 2607 724 2676 ἐπὶ
742 2610 799 2695 τῆς
822 2609 894 2694 γῆς.
930 2607 985 2674 καὶ
1004 2633 1064 2674 κα-

52 2735 79 2775 νο
92 2703 165 2788 θοός
183 2712 383 2799 προείρηκεν
397 2705 546 2796 Ἡσαΐας,
566 2713 599 2777 εί
613 2707 659 2799 μή
673 2705 786 2800 κύριος
797 2703 949 2795 Σαβαοδθ
968 2711 1063 2795 ἐγκα-

91 2810 226 2878 τέλιπεν
243 2803 324 2898 ἡμῖν
338 2809 487 2901 σπέρμα,
507 2804 551 2891 ἀς
565 2807 703 2899 Σόδομα
717 2803 761 2881 ἀν
780 2808 989 2899 ἐγενήθημεν
1007 2811 1064 2879 καὶ

94 2905 138 2990 ως
156 2904 311 3001 Γόμορρα
328 2906 370 2980 ἀν
389 2908 622 3000 ὡμοιώθημεν.
664 2915 715 2980 56.
736 2905 786 2993 οἷς
808 2901 908 2993 αὖθις
927 2919 1064 3002 προστί-

92 3022 175 3099 θησι
190 3012 297 3101 λέγων
309 3009 377 3101 “μή
395 3009 551 3083 ἀπώσατο
568 3007 586 3082 ὁ
605 3008 683 3094 θεός
701 3009 760 3082 τόν
778 3010 859 3082 λαόν
878 3008 999 3097 αὐτούς
1018 3009 1062 3102 μή

93 3117 232 3202 γένοιτο.
273 3115 329 3184 καὶ
353 3111 417 3205 γάρ
436 3110 500 3202 ἐγω
515 3109 717 3205 Ἰσραηλίτης
737 3116 804 3204 εἰμὶ
823 3117 858 3184 ἐκ
877 3116 1063 3204 σπέρματος

91 3210 239 3306 Ἀβραάμ
264 3221 372 3306 φνλής
397 3221 566 3305 Βενιαμίν.
609 3212 672 3285 οὐκ
690 3211 845 3286 ἀπώσατο
871 3212 986 3297 ὁθεός
1005 3214 1063 3286 τόν

165 3451 196 3501 17
215 3449 292 3500 Rom.
306 3450 330 3514 9,
344 3451 387 3501 29.
490 3448 713 3515 21R0m.9,27.
816 3448 1060 3509 22R0m.xx„x.
