2326 3818
154 118 218 182 564
534 72 537 79 ⁷
566 113 716 165 υυευυει

155 263 297 329 ἔσεσθαί
313 282 392 326 ποτε
410 257 466 324 καὶ
483 250 544 342 τὴν
563 260 610 335 είς
623 248 822 324 τοῦναντίον
835 254 902 322 τῦν
920 250 1129 342 πραγμάτων

157 355 344 448 μεταβολὴν
367 356 451 427 κατά
482 354 599 451 καιρὸν
621 350 639 425 ὁ
664 351 803 444 Βαλαάμ
827 359 979 438 θεσπίζει
1017 354 1128 443 λέγων

151 458 331 531 “ἀνατελει”
343 458 466 548 ἄστρον
484 461 517 542 ἐξ
532 453 660 546 Ἰακολβ,
679 459 734 527 καὶ
748 452 969 544 ἀναστήσεται
986 452 1128 547 ἀνθρω-

156 589 215 643 πος
248 565 280 647 ἐξ
306 556 455 650 Ἰσραὴλ,
474 561 530 630 καὶ
552 557 696 650 θραύσει
714 556 880 648 ἡγεμόνας
900 553 1055 645 Μωάβ·”
1096 564 1125 628 7.

158 662 239 734 ωσελ
256 665 463 755 σαφέστερον
494 668 587 751 ἔλεγε
611 659 689 745 τοῦς
706 657 1022 750 μεγαλαυχήσαυτας
1041 657 1152 730 κατάσ

154 772 213 835 τοῦ
229 764 362 857 Ἰσραὴλ
381 771 543 853 δαίμονας
560 792 632 833 των
649 767 844 849 Μωαβιτῶν
864 764 917 831 ἐπὶ
935 789 975 852 τη
960 764 1128 850 γενέσει

154 896 213 937 του
201 865 535 989 προφητευομίνου
561 869 712 952 θραῦσίν
738 890 818 934 ποτε
836 865 891 933 καί
915 885 1043 934 πτωσιν
1060 891 1128 934 πα-

88 999 141 1050 (419)
156 981 251 1056 θεῖν,
283 996 332 1037 ων
357 968 604 1058 θραυσθέντων
627 965 706 1046 τοῦς
720 964 816 1047 υιοῦς
828 962 923 1053 Σηθ
946 968 1002 1035 καὶ
1015 962 1127 1056 Ἐδωμ

157 1071 211 1138 καὶ
232 1066 338 1138 Ἠσαῦ
372 1071 427 1138 καὶ
459 1067 499 1137 τά
529 1065 627 1137 λοιπά
651 1063 802 1157 ἔθνη,
788 1064 810 1137 ἀ
836 1067 892 1137 διά
915 1065 1044 1137 τούτων
1069 1089 1126 1156 ση-

156 1176 337 1260 μαίνεσθαι
364 1168 523 1260 ἡγοῦμαι,
547 1168 588 1238 τὰ
610 1166 712 1239 πάλαι
736 1157 1058 1257 καταδεδουλωμένα
1083 1172 1125 1260 τῇ
1139 1197 1162 1239 ιο

159 1274 335 1362 δαιμονικη
359 1269 490 1362 πλάνη,
521 1268 750 1360 μεταβαλόντα
781 1273 838 1359 της
864 1276 1128 1361 δεισιδαιμονίας

156 1379 263 1444 οίκεῐα
292 1375 354 1445 τοῦ
383 1374 625 1462 θεσπιζομενου
658 1370 871 1461 γενήσεσθαι.
923 1367 1003 1443 ’καὶ
1034 1379 1128 1444 ἔσται

156 1471 237 1564 γάρ”
256 1478 362 1564 φησὶν
373 1471 501 1599 ’Ἕδωμ
515 1483 729 1601 κληρονομία,
748 1477 803 1545 καὶ
818 1481 909 1546 ἔσται
922 1483 1128 1566 κληρονομία

151 1575 259 1647 Ἠσαῦ
276 1605 294 1646 ο
282 1571 433 1700 ’ἐχθρός
452 1572 579 1647 αῦτοῦῖ
582 1575 659 1647 ’.8
679 1581 713 1647 οί
728 1574 792 1666 γάρ
810 1575 911 1646 πάλαι
931 1579 1047 1668 ἐχθροὶ
1066 1581 1127 1648 τοῦ

155 1681 241 1749 θεοῦ
258 1680 313 1747 καὶ
331 1681 390 1748 τοῦ
404 1675 551 1770 Ἰσραὴλ,
577 1681 678 1768 φησί,
702 1675 900 1768 γενήσονται
919 1687 1124 1770 κληρονομία
1154 1730 1163 1740 ι

154 1808 214 1849 του
200 1783 536 1870 προφητευομένον.
574 1775 673 1869 αυτὸς
697 1778 760 1869 γάρ
785 1770 864 1874 ἦν
853 1809 879 1849 ω
904 1793 1015 1871 εἴρητο
1042 1781 1126 1880 πρὸς

155 1885 214 1950 τοῦ
232 1884 317 1951 θεοῦ
333 1884 389 1951 καλ
407 1877 531 1972 πατρός
549 1877 653 1952 αὐτοῦ
671 1876 826 1970 “αίτησαι
844 1880 1047 2003 παρ’ἐμοῦ,
1067 1887 1126 1952 καί

158 1979 255 2052 δυ’σω
282 2006 334 2051 σοι
360 1992 445 2072 ἔθνη
463 2011 526 2071 την
544 1990 768 2072 κληρονομίαν
791 1980 885 2052 σου”
924 2011 973 2052 ων
992 1988 1038 2063 είς
1066 1983 1127 2056 τὸν

133 2087 286 2172 σκληρον
298 2087 365 2153 των
383 2081 489 2172 ἀγίων
508 2082 741 2173 μεταστάντων
761 2081 920 2154 τάναντία
933 2112 979 2177 τῳ
968 2081 1125 2174 Ἰσραηλ

91 2217 144 2269 μοι]
160 2189 297 2253 ἔσεσθαι
311 2195 471 2271 θεσπίζει.
491 2192 519 2256 9.
539 2188 621 2276 φησὶ
637 2189 720 2275 γοῦν
730 2181 829 2255 “’καὶ
827 2184 952 2273 Ισραηλ
967 2189 1126 2274 ἐποίησεν
1143 2220 1158 2244 ν

88 2355 92 2362 „
160 2288 196 2355 ἐν
216 2283 336 2375 ίσχῦιὶ”
374 2283 391 2358 ὁ
419 2289 456 2358 δὲ
475 2292 630 2376 ἐποίησεν
655 2293 691 2358 ἐν
717 2287 808 2377 ἰσχύϊ
831 2283 892 2375 τὴν
916 2285 1051 2357 πάντων
1069 2316 1127 2378 με·

158 2395 277 2477 γίστην
300 2386 472 2477 ἀσέβειαν·
500 2387 550 2459 διό
570 2385 822 2482 ἐξεγερθήσεται
846 2384 904 2458 ἀπ’
933 2385 1044 2459 αῦτων
1069 2393 1126 2460 καὶ

160 2488 423 2578 ἐξαναστήσεται.
468 2497 517 2561 10.
543 2498 592 2571 τίς
619 2482 715 2574 οὗτος
746 2487 767 2579 ἢ
791 2489 808 2561 ὁ
834 2487 1128 2581 προφητευόμενος

159 2597 218 2661 τοῦ
237 2599 321 2662 θεοῦ
340 2590 454 2682 λόγος,
478 2589 515 2673 ὃς
539 2594 594 2661 καὶ
619 2589 773 2662 ἀπώλεσε
792 2590 978 2681 σωζόμενον
1002 2596 1039 2661 ἐκ
1064 2591 1129 2662 πό-

159 2702 258 2778 λεως;
284 2692 375 2782 οἶμαι
402 2694 437 2763 δὲ
461 2692 522 2781 τὴν
536 2689 750 2783 Ἰερουσαλὴμ
777 2700 1000 2781 αἰνίττεσθαι,
1027 2696 1060 2775 ἐξ
1084 2684 1163 2783 ἦςε

160 2790 262 2862 ῦλετο
280 2796 343 2875 πάς
362 2793 562 2884 σωζόμενος,
587 2791 608 2882 ἢ
626 2798 682 2865 καλ
707 2796 743 2865 τό
761 2800 827 2866 κάν
845 2797 905 2866 τοῦ
923 2803 1046 2877 ἔθνους
1064 2793 1128 2866 αῦ-

130 2899 227 2968 ετῶν
257 2902 448 2985 πολίτευμα.
498 2901 602 2966 ταῦτα
635 2898 672 2967 δὲ
702 2892 821 2968 ὁποίου
851 2900 965 2980 τέλους
996 2905 1127 2990 ἔτυχεν,

160 2990 243 3085 ὁμοῦ
262 3000 303 3088 τῇ
318 3005 379 3068 τοῦ
398 3005 545 3088 σωτῆρος
564 2995 659 3088 ἡμῶν
678 3006 724 3080 εἰς
742 2996 946 3091 ἀνθρώπους
967 2997 1128 3089 ε’κλάμψει

159 3105 227 3168 τῶν
249 3098 311 3188 μὲν
335 3101 416 3191 πρὶν
441 3102 692 3190 είδωλολατρῦν
723 3105 834 3173 ἐθνῶν
860 3109 906 3184 είς
929 3101 988 3173 τόν
1012 3097 1128 3173 αὐτων

159 3198 392 3289 μεταστάντων
416 3207 558 3293 κλῆρον,
581 3207 641 3272 τοῦ
665 3203 703 3273 δὲ
724 3199 897 3275 Ἰουδαίων
921 3211 1044 3285 ἔθνους
1068 3207 1125 3274 καὶ

229 3435 259 3483 17
277 3434 323 3484 Ps.
338 3438 362 3498 2,
376 3438 400 3486 8.
