2326 3818
375 119 562 173 οωνοαεν
582 120 716 174 svm}
737 123 771 174 x
791 125 813 175 1
1008 120 1071 186 625

103 264 216 352 μένοις
239 256 424 349 Ψαλμοῑς“
406 255 472 328 υπό
489 264 549 328 τοῦ
563 255 686 347 Ἀσάφ
719 256 759 328 τά
785 261 822 329 δὲ
847 259 1023 385 δεότερα’
1006 260 1070 331 απὸ

103 392 163 434 του
151 364 430 450 ἕβδομηκοστοῦ
447 355 571 448 ὀγδόου
593 350 780 450 ἐπληροῦτο
805 361 888 431 κατὰ
904 363 982 444 τοῦς
996 361 1072 435 ’-Αν

103 462 216 553 τιόχου
240 462 398 552 χρόνους,
425 468 485 532 τοῦ
507 464 690 549 κληθέντος
712 458 973 550 Ἐπιφανοῦς,
954 494 991 546 ος
1014 473 1072 552 τῆς

106 572 235 653 Συρίας
267 562 468 653 βασιλεύσας
498 560 660 651 ὑπάγεται
689 564 752 651 μὲν
781 564 821 632 τά
847 562 1100 655 Ιεροσόλυμα,ο

79 673 230 755 τμιαίνει
255 668 292 737 δὲ
314 665 373 736 τόν
396 664 480 736 ναὸν
503 667 559 735 καί
583 677 743 759 καθαιρεῖ
764 662 800 734 τό
817 665 1073 756 θυσιαστήριον,

106 776 218 840 ἔπειτα
232 765 309 848 τούς
325 765 508 848 Ἰουδαίους
524 768 709 856 ἑλληνίζειν
728 765 964 857 ἐπαναγκάζων
983 776 1074 837 πλεί-

106 893 206 968 στους
229 867 329 950 ὅσους
356 866 469 940 αὐτῶν
498 865 625 961 άνδρας
655 898 692 940 τε
722 872 778 939 καί
802 887 964 958 γυναῖκας
987 868 1074 958 ὑπὲρ

13 1039 18 1046 .
106 977 166 1043 τοῦ
201 978 327 1043 οίκείου
369 970 474 1062 νόμου
516 975 571 1041 καί
612 974 670 1059 τῆς
714 970 868 1066 πατρῴας
905 969 1075 1060 εὐσεβείας

106 1069 241 1164 άνῄρει,
265 1081 430 1154 ποικίλαις
448 1072 717 1164 προαικιζόμενος
734 1081 916 1163 τιμωρίαις.
956 1080 1004 1144 11.
1031 1081 1077 1156 είς

69 1207 95 1246 το
109 1179 240 1247 ἐκείνου
266 1177 446 1263 τοιγαροῦν
475 1170 534 1243 τόν
558 1170 677 1263 καιρόν
714 1177 834 1245 καὶεί
802 1182 849 1256 είς
887 1174 966 1258 τούς
996 1175 1077 1266 μετά

107 1279 282 1369 ταῦτατῷ
309 1272 464 1367 Ἀντιόχῳ
493 1273 534 1345 τά
564 1284 621 1344 ίσα
644 1272 884 1365 πράξαντας’
864 1275 1078 1367 αναφωνεῑὸ

104 1374 211 1464 Ἀσάφ
242 1375 282 1446 τά
308 1373 373 1446 άπὸ
399 1380 460 1447 τοῦ
492 1378 741 1464 ἑβδομηκοστοῦ
772 1374 896 1464 ὀγδόου
926 1385 1078 1466 Ψαλμοῦ.

108 1495 273 1568 μαρτυρεῖ
289 1479 326 1547 δέ
354 1480 402 1569 τῷ
431 1474 519 1569 λόγῳ
543 1504 564 1565 η
589 1482 658 1547 τῶν
689 1481 906 1566 καλουμένων
939 1488 1078 1548 Μακκα-

110 1587 217 1665 βαίων
235 1575 368 1666 γραφὴ,
386 1581 505 1648 τοῦτον
523 1586 645 1666 ἔχουσα
662 1577 721 1648 τὸν
737 1576 864 1666 τρόπον
876 1574 955 1648 “nal
975 1600 1078 1668 προσ-
1093 1618 1103 1644 c

71 1678 388 1768 ιεέπισυνήχθησαν
410 1677 492 1769 πρὸς
512 1676 674 1767 Ἰάκειμον
699 1682 754 1749 καὶ
778 1688 949 1769 Βακχίδην
973 1702 1080 1750 συνα-

109 1777 200 1869 γωγὴ
219 1785 441 1908 γραμματέων
459 1782 637 1870 έκζητοῦσα
663 1776 805 1850 δίκαια.”
849 1787 898 1852 1..2
929 1811 984 1851 και
974 1784 1079 1870 ἕξης

108 1881 280 2008 έπιλέγει’
283 1880 396 1954 ε”καί
371 1905 501 1974 ωμοσεν
529 1880 641 1965 αὐτοῖς
668 1885 794 1972 λέγων,
822 1879 884 1953 οῦκ
909 1887 944 1952 ίκ
947 1881 1080 1970 ζητήσο-

111 2013 173 2075 μεν
189 1982 273 2074 ὑμίν
291 1984 394 2059 κακόν
411 1989 467 2056 καί
484 2003 553 2067 τοῖς
570 1991 681 2075 φίλοις
693 1984 802 2074 ὑμῶν·
822 1987 878 2056 καί
893 1990 1081 2056 ἐνεπίστευ-

112 2108 176 2157 σαν
203 2085 294 2180 αὐτῷ
302 2107 308 2119 ·
345 2082 403 2157 καί
432 2091 619 2176 συνέλαβεν
643 2092 675 2172 ἐξ
701 2084 814 2159 αῦτών
839 2086 997 2178 ἑξήκοντα
1021 2086 1081 2158 άν-

74 2218 100 2258 εο
113 2195 206 2277 δρας,
225 2191 280 2257 καὶ
299 2185 494 2259 ἀπέκτεινεν
512 2186 637 2270 αὐτοῦς
656 2193 692 2259 έν
710 2186 818 2280 ἡμέρᾳ
841 2196 900 2281 μιᾷ
919 2190 1000 2260 κατά
1024 2188 1083 2259 τόν

112 2288 212 2377 λόγον
228 2285 332 2378 Ἀσάφ
355 2285 395 2359 όν
413 2297 577 2379 ἔγραψεν,
604 2296 735 2360 ἔδωκαν
751 2288 791 2358 τά
809 2301 996 2378 θνησιμαῐα
1014 2295 1083 2358 τῶν

115 2388 247 2461 δούλων
271 2413 333 2460 σου
357 2389 516 2479 βρώματα
540 2405 609 2471 τοῖς
639 2405 803 2470 πετεινοῖς
833 2397 893 2459 τοῦ
921 2389 1081 2478 οὐρανοῦ,

113 2491 237 2582 σάρκας
255 2488 358 2563 ὁσίων
377 2514 438 2562 σου
456 2506 526 2572 τοῖς
545 2489 637 2583 ζῴοις
655 2494 713 2579 της
731 2494 809 2579 γῆς,
829 2496 950 2579 αἵματα
970 2487 1083 2560 αὐτῶν
1098 2519 1112 2558 α

115 2596 246 2682 ἐξέχεαν
265 2594 378 2687 κύκλῳ
391 2592 623 2685 Ἰερουσαλὴμ,
648 2595 704 2663 καὶ
731 2589 792 2663 οὐκ
815 2583 858 2679 ἦν
875 2591 892 2661 ὁ
911 2589 1081 2663 θάπτων.”

76 2723 102 2762 νε
118 2699 165 2762 13.
201 2693 331 2767 τούτων
357 2692 444 2767 οὕτω
469 2698 731 2788 προρρηθέντων
756 2696 812 2764 καί
840 2692 1084 2764 ἀποτελεσθέν-

113 2821 182 2863 των
200 2791 241 2863 οῦ
261 2795 462 2885 θαυμαστόν
480 2805 512 2868 εί
533 2795 617 2867 κατά
636 2795 695 2868 τόν
713 2788 816 2867 αὐτόν
834 2795 958 2887 τρόπον
976 2800 1032 2866 καὶ
1045 2794 1084 2866 τά

114 2897 361 2991 προεκτεθέυτα
378 2901 439 2967 τοῦ
459 2901 726 2987 τεσσαρακοστοῦ
747 2903 889 2986 Ψαλμοῦ
913 2899 1008 2987 λόγια
1026 2920 1086 2984 ση-

116 3001 226 3086 μαίνει
244 2992 284 3063 τά
302 2998 464 3085 μέλλοντα
483 3004 621 3069 ἔσεσθαι
640 2997 723 3069 κατά
740 2998 799 3069 τὸν
817 2997 935 3086 καιρόν
953 3007 1010 3086 τῆς
1028 3001 1088 3068 τοῦ

118 3099 262 3188 σωτῆρος
280 3091 376 3185 ἡμῶν
386 3101 576 3188 ἐπιβουλῆς,
590 3096 677 3188 άπερ
686 3100 731 3189 μὴ
744 3099 880 3170 πάντων
894 3097 1087 3186 ἀνθρώπων

79 3229 105 3269 ιο
119 3201 318 3286 συνιέντων,
337 3194 427 3281 ὅπως
447 3198 543 3289 λόγος
568 3196 616 3271 ὧν
634 3207 718 3272 θεοῦ
742 3204 798 3271 καί
817 3208 919 3289 σοφία
943 3202 997 3268 καί
1022 3198 1086 3288 ζωὴ

189 3435 361 3487 141Μαοο,
382 3436 406 3495 7,
428 3436 466 3484 12.

170 3532 311 3569 numme
331 3534 377 3574 111.
895 3517 937 3579 40
