2326 3818
354 129 541 180 DEMONST.
559 129 697 180 EVAXG.
713 131 747 183 V.
764 133 791 180 4.
991 129 1056 193 313

85 280 274 356 Αἴγυπτος,
299 270 355 338 καλ
380 271 521 356 ἐμπορία
543 265 740 355 Αἰθιόπων,
763 271 819 337 καὶ
844 274 878 339 οί
899 272 1054 358 Σαβαελμ

84 369 206 458 ἀνδρες
229 364 353 456 ὑψηλοὶ
378 371 433 438 ἐπὶ
456 368 493 437 σὲ
513 357 747 458 διαβήσονται,
771 377 832 439 καί
852 393 905 439 σοι
923 378 1083 441 ἔσονταιᾰ

87 472 276 557 δοῦλοι,καὶ
289 469 395 539 ὀπίσω
410 493 473 539 σου
487 467 757 556 ἀκολουθήσουσι
769 472 940 559 δεδεμένοι
950 499 1054 560 χειρο-

85 575 223 658 πέδαις,
242 573 298 640 καλ
316 570 588 660 προσκυνήσουσι
605 574 692 658 νέοι,
711 574 768 640 καὶ
786 575 823 643 ἐν
840 575 894 641 σοὶ
912 571 1054 660 προσεύ-

60 677 210 760 ιξουται,
228 670 279 741 ὅτι
298 675 334 742 ἐν
345 674 398 742 σολ
415 670 433 742 ὁ
452 671 532 755 θεός
551 678 622 743 ε’στι
640 674 696 742 καὶ
704 668 768 742 οάκ
786 680 854 742 ἔστι
872 669 951 752 θεὸς
969 670 1057 759 πλήν

87 797 158 844 σου.
209 770 251 844 σύ
275 771 339 863 γάρ
364 772 395 842 εἴ
416 773 514 862 θεὸς,
546 777 601 844 καὶ
626 769 688 844 οὐκ
711 771 866 865 ᾔδειμεν,
897 771 977 853 θεὸς
996 778 1058 842 τοῦ

83 871 214 962 Ἰσραὴλ
239 873 359 964 σωτήρ.
402 874 689 966 αλσχυνδήσονται
712 877 767 945 καλ
793 873 1057 964 ἐντραπήσονται

85 974 206 1057 πάντες
235 981 271 1046 oc
297 973 520 1066 ἀντικείμενοι
552 975 644 1070 αὐτῷ
673 979 728 1045 καὶ
768 975 988 1066 πορεύσονται
1020 979 1058 1045 ἐν

85 1073 263 1167 αίσχύνη.”

48 1209 72 1248 10
162 1183 192 1248 4.
218 1185 329 1247 Ταῦτα
347 1179 410 1266 μὲν
426 1176 447 1267 ἡ
466 1184 661 1268 προφητεία.
698 1175 760 1265 οὐχ
777 1174 920 1266 ἡγοῦμαι
940 1178 977 1247 δὲ
995 1176 1057 1248 άν-

86 1277 255 1366 τωπησειυ
279 1277 453 1349 δύνασθαί
472 1307 564 1367 τινα,
590 1275 653 1349 κάν
677 1277 808 1367 σφόδρα
832 1268 854 1368 ᾗ
877 1275 1055 1367 ἀγνώμων,

86 1384 132 1472 τῷ
160 1377 318 1472 προδήλῳ
349 1381 404 1448 καλ
430 1395 532 1468 σαφεῖ
557 1386 614 1468 τῆς
638 1382 757 1462 λέξεως
780 1383 928 1467 ἐναργῶς
952 1378 1057 1460 οὕτως

88 1479 287 1568 εἰσαγοάσης
304 1478 389 1550 θεὸν
411 1486 470 1550 τοῦ
492 1476 623 1571 Ἰσραηλ
646 1485 778 1569 σωτῆρα
806 1481 861 1549 καὶ
888 1483 1002 1570 ἕτερου
1022 1483 1058 1549 ἐυ

67 1578 177 1676 ,αὐτῷ
201 1578 293 1652 θεόν.
332 1576 632 1670 “προσκυνήσουσί
646 1603 700 1652 σοι
718 1581 852 1670 (φησιν)
871 1588 906 1651 ολ
922 1587 1056 1669 δίκαιοι,

49 1710 74 1751 15
88 1686 144 1754 καὶ
164 1687 200 1753 ἐν
219 1685 271 1753 σοὶ
290 1681 547 1772 προσεύξουται,
574 1681 624 1752 ὅτι
644 1686 681 1753 ἐν
697 1685 750 1753 σοὶ
768 1677 786 1752 ὁ
804 1681 884 1764 θεός
903 1687 984 1771 ἐστι,
1002 1686 1059 1753 καὶ

87 1782 151 1855 οὐκ
174 1791 244 1855 ἔστι
266 1783 346 1867 θεὸς
369 1784 458 1873 πλήν
482 1807 553 1856 σου.
596 1782 639 1856 σύ
656 1781 721 1873 γάρ
740 1781 805 1854 είὸ
822 1781 903 1866 θεὸς
921 1787 978 1855 καὶ
995 1783 1057 1855 οὐκ

86 1884 245 1976 ᾔδειμεν,
276 1884 354 1968 θεὸς
371 1893 432 1957 τοῦ
453 1883 584 1977 Ἰσραὴλ
608 1881 756 1976 σωτήρ,”
805 1890 836 1955 5.
855 1883 892 1956 τό
918 1888 954 1956 δὲ
972 1881 1058 1956 “οίικ

87 1983 248 2077 ᾔδειμευ”
260 1992 297 2057 ἐκ
314 1985 496 2078 προσώπου
513 1994 582 2058 τῶν
598 1990 680 2078 πρὶν
697 1983 800 2059 αὐτόν
812 1986 857 2078 μὴ
872 1984 1057 2076 ἐπεγνωκό-

87 2115 155 2158 των
173 2086 263 2174 παρά
279 2087 393 2177 μόνοις
410 2107 479 2170 τοῖς
498 2087 726 2176 ἑβδομήκοντα
742 2092 919 2180 εἰρημένον
936 2092 1056 2178 ἑτέρως
1070 2114 1130 2164 λιιι)

49 2217 75 2258 ιο
90 2188 157 2277 εἶχε
173 2188 211 2258 τὸ
224 2184 415 2277 Ἐβραῖκδν,
440 2185 459 2258 δ
475 2186 673 2278 μεταλαβιδν
694 2188 713 2258 ὁ
735 2191 797 2280 μὲν
811 2187 950 2271 ’Λιιόλας
974 2194 1058 2278 φησὶ

83 2284 186 2369 “θεὸς
216 2287 282 2378 ἀρα
313 2288 447 2379 ἰσχυρὸς
477 2287 786 2379 ἀποκρυπτόμενος,
821 2289 901 2372 θεὸς
927 2288 1058 2378 Ἰσραὴλ

89 2386 238 2477 σωζων,”
270 2395 299 2458 6.
311 2384 337 2458 ,ὁ
356 2389 393 2459 δὲ
412 2384 694 2460 Θεοδοτίων“διά
710 2395 808 2460 τουτο
827 2389 962 2479 ἰσχυρός
980 2419 1058 2478 κρυ-

90 2507 188 2580 φαῖος
211 2488 290 2573 θεὸς
315 2487 465 2575 σώζων.”
509 2487 643 2580 σφόδρα
664 2497 867 2579 θαυμαστῶς
891 2508 1060 2579 κρυφαῖον

88 2590 174 2663 θεὸν
190 2591 401 2681 τόνΧριστδυ
418 2589 582 2682 ὀνομάζει,
600 2594 656 2663 καὶ
672 2589 735 2680 την
752 2599 865 2663 αἰτίαν
883 2593 931 2680 δὲ,
952 2587 999 2661 δι’
1018 2586 1061 2680 ἢν

51 2720 77 2762 ιε
90 2693 174 2765 θεὸν
200 2690 304 2764 αὐτὸν
325 2690 430 2783 μόνον
455 2692 500 2776 ὥς
519 2698 556 2765 ἐν
578 2711 752 2784 γεννητοῖς
769 2693 852 2784 μετά
869 2693 906 2763 τὸ
927 2699 1061 2783 πρῶτον

89 2797 145 2863 καὶ
162 2793 346 2883 ἀγέννητον
362 2796 545 2881 ἀποκαλεῖ,
563 2799 679 2883 σαφῶς
696 2796 904 2884 ἐκδιδάσκει,
922 2792 983 2883 την
1000 2799 1061 2865 τοῦ

90 2894 213 2984 πατρὸς
227 2899 265 2964 ἐν
278 2893 368 2988 αὐτῷ
381 2904 584 2984 κατοίκησιν.
611 2895 674 2966 “dv
686 2895 793 2990 τούτῳ
807 2894 870 2986 γάρ
885 2896 983 2986 (κατὰ
1001 2896 1060 2968 τὸν

89 3008 188 3069 θεῖον
202 2991 402 3086 ἀπόστολον)
414 2994 576 3086 εὐδόκησε
587 3000 657 3068 πάν
672 2997 709 3068 τδ
727 2996 889 3089 πλήρωμα
906 3002 965 3085 τῆς
983 2996 1059 3067 θεό-
1075 3024 1089 3062 ι

89 3126 185 3187 τητος
203 3093 428 3185 κατοικῆσαι.”
460 3103 489 3168 7.
508 3103 605 3168 τοῦτο
623 3103 721 3186 δηλοῖ
732 3097 909 3188 φάσκουσα
926 3094 947 3185 ἡ
962 3101 1059 3186 λέξις,

51 3225 77 3266 ιο
89 3196 140 3268 ὅτι
160 3202 196 3268 ἐν
215 3201 267 3268 σοὶ
289 3194 308 3269 ὁ
331 3196 411 3280 θεός
429 3203 498 3269 ἐστι
524 3200 579 3269 καὶ
604 3195 667 3269 οὐκ
685 3206 754 3271 ἔστι
777 3198 857 3281 θεὸς
881 3197 969 3286 πλήν
987 3219 1058 3268 σου.

159 3434 191 3482 ιι
210 3431 269 3482 001.
284 3433 308 3495 1,
323 3434 363 3483 ιο.
