2326 3818
331 135 516 190 οααοαον.
534 139 668 191 ανααο.
686 141 719 194 v.
738 144 762 190 3.
969 139 1031 202 307

61 279 192 369 φωνην,
212 281 267 348 καί
286 275 348 366 τὴν
360 273 447 368 ’πρὸ
466 276 642 366 ἑωσφόρον
659 276 844 365 γεγέννηκά
858 275 929 365 σε,”
949 276 1029 368 μεθ’

62 380 164 467 ὅρκον
190 381 226 448 δὲ
257 375 525 467 διαβεβαιῶσεως
555 375 709 447 ἄσειστον
737 382 792 447 καὶ
816 377 1031 468 ἀπαράβατον

63 482 153 575 αὐτῶ
170 481 232 570 τὴν
245 477 344 569 τιμην
358 484 416 568 της
432 485 478 559 εἰς
492 476 631 567 άπειρον
646 483 751 548 αἰῶνα
767 486 922 569 διαρκοῦς
939 488 1031 570 ἴτρια·

63 582 167 672 σάνης
185 587 419 672 παραδίδωσιν
433 575 566 670 (δῶμοσε
583 578 698 671 κόριος
716 583 771 650 καί
790 580 829 651 οὐ
848 593 1032 671 μεταμελη-

36 683 213 773 τθήσεται,
233 685 276 754 σὺ
294 681 403 774 ιἐρεύς
422 689 469 764 εἰς
485 681 544 752 τὸν
562 678 702 752 αἰῶνα.”
729 688 758 751 8.
778 689 828 763 τίς
847 681 877 752 δ’
900 679 942 751 άν
962 687 1032 752 ἐπι-

62 803 184 875 νοοῑτο,
203 783 276 855 οότι
291 782 332 873 δη
345 782 469 872 θνητός
481 781 578 874 ἀνὴρ,
593 781 676 854 ἄλλά
690 782 770 853 οὐδὲ
784 792 843 871 τῆς
857 781 1032 872 άγγελικης

62 886 211 976 φάσεως,
236 884 303 956 ὑπὸ
327 890 410 956 θεοῦ
434 885 496 976 μὲν
521 889 756 975 γεγενημένος,
790 893 837 966 εἰς
863 893 970 956 αἰῶνα
996 887 1032 955 δὲ

62 993 256 1079 ἰερωμένος,
288 982 307 1076 ἢ
332 985 472 1076 μόνοςὸ
502 991 559 1056 καὶ
590 993 626 1056 ἐν
655 1003 724 1066 τοῖς
749 986 900 1078 πρόσθεν
928 988 1032 1057 εἰκῶν

56 1086 192 1180 “κόριος
211 1093 322 1159 ἐκτισέ
337 1118 378 1178 με
396 1086 502 1176 ἀρχὴν
519 1088 611 1157 ὁδῶν
629 1086 734 1158 αὐτοῦ
752 1096 799 1169 εἰς
818 1097 898 1178 ἔργα
916 1087 1030 1176 αὐτον,
1049 1118 1060 1155 ι

24 1219 48 1258 ιο
63 1190 126 1279 πρὸ
144 1195 205 1260 τον
223 1196 344 1270 αἰῶνος
363 1192 567 1278 ἐθεμελίωσέ
582 1218 633 1278 με,
654 1193 691 1260 ἐν
708 1185 795 1278 άρχη
811 1190 875 1279 πρὸ
893 1197 952 1260 τοῦ
970 1189 1031 1280 όρη

64 1294 290 1380 ἑδρασθῆναι,
308 1289 372 1379 πρὸ
392 1291 428 1358 δὲ
446 1287 582 1359 πάντων
600 1296 735 1378 βουνῶν
753 1297 857 1382 γεννᾷ
875 1288 956 1380 με;”
976 1297 1031 1360 καὶ

62 1391 224 1481 πρόσσχες
245 1392 281 1459 δὲ
301 1395 461 1479 ἐπιμελῶς
479 1390 538 1460 τὸν
554 1396 639 1461 νοῶν
658 1389 835 1481 ἐπιστήσας
853 1399 899 1482 τῷ
917 1419 953 1460 τε
970 1420 1031 1461 πα-

62 1492 155 1582 ρόντι
177 1496 305 1585 Ψαλμῶ
323 1495 379 1561 καὶ
397 1507 468 1574 ταῖς
487 1495 523 1561 ἐν
540 1496 586 1584 τῷ
605 1489 668 1581 πρό
686 1489 806 1561 τούτου
829 1500 1031 1581 παρατεθεί-

63 1617 135 1675 σαις
154 1606 292 1682 φερναῖς.
335 1599 365 1665 9.
387 1596 424 1662 ἐν
448 1593 510 1682 μὲν
532 1593 597 1683 γάρ
615 1592 720 1686 τούτῳ
739 1589 756 1662 ὁ
775 1590 934 1663 άνωτάτω
952 1592 1032 1675 θεὸς

24 1723 49 1762 15
63 1694 256 1785 σύνθρονον
285 1692 344 1765 τόν
376 1693 536 1785 δεύτερον
565 1697 621 1763 καὶ
646 1693 741 1784 ἡμῶν
769 1692 885 1784 κάρτὀν
911 1699 1033 1766 ἑαυτοῦ

61 1805 240 1886 καθίστησι
258 1801 365 1886 λέγων
379 1792 512 1867 δ’κάθον
536 1799 572 1866 ἐκ
591 1799 710 1879 δεξιῶν
726 1792 828 1885 μον“”
866 1801 903 1866 ἐν
930 1799 967 1866 δὲ
984 1805 1030 1891 τῷ

61 1899 124 1989 πρὸ
136 1898 255 1970 τούτου
272 1898 331 1969 τὸν
348 1896 476 1988 θρόνον
495 1905 542 1979 εἰς
560 1901 666 1969 αἰῶνα
685 1901 805 1980 αἰῶνος
825 1900 995 1987 διαμένειν
1013 1898 1030 1968 ὁ
1049 1939 1060 1966 ι

62 2000 156 2088 λόγος
169 2010 306 2089 ἔφησεν,
316 1995 398 2089 δμοῦ
411 2000 495 2070 θεὸν
509 1996 613 2070 αὐτόν
625 1997 843 2090 ἀναγορεύων
857 1997 902 2069 δι’
914 1991 1031 2089 ῶνφη·

62 2123 116 2169 σιν
132 2097 170 2169 “ὁ
186 2101 311 2191 θρόνος
325 2122 387 2170 σου
405 2097 516 2182 δθεός
530 2108 576 2182 εἰς
594 2101 653 2171 τὸν
672 2106 779 2171 αἰῶνα
796 2107 855 2171 τοῦ
875 2099 1028 2183 αἰῶνος.”

23 2228 48 2268 ιο
63 2207 111 2270 10.
138 2200 241 2272 πάλιν
265 2205 301 2271 ἐν
325 2203 387 2290 μὲν
410 2205 457 2294 τῷ
479 2200 560 2292 μετά
591 2219 703 2291 χεῖρας
721 2198 895 2293 “ράβδον”
924 2206 1030 2292 φησὶν

57 2297 253 2392 “δννάμεως
279 2305 488 2385 ἐξαποστελεῖ
513 2325 566 2373 σοι
584 2302 697 2393 πόριος
723 2308 758 2372 ἐκ
778 2301 912 2374 Σιῶν·”
941 2309 977 2373 ἐν
997 2304 1026 2373 δ’

63 2408 179 2496 ἐκείνῳ
200 2399 350 2495 “ῥάβδος
376 2401 559 2493 εὐθύτητος
583 2399 603 2490 ἡ
630 2402 755 2495 ῥάβδος
778 2408 835 2492 της
860 2411 1031 2489 βασιλείας

62 2502 156 2575 σον.”
193 2507 248 2574 καὶ
273 2495 373 2587 αὖθις
398 2503 496 2594 ὁμὲν
514 2501 631 2593 παρῶν
649 2526 754 2593 φησιν
766 2501 900 2574 “κάθον
920 2509 956 2572 ἐκ
975 2511 1031 2574 δε-

61 2612 141 2690 ξιῶν
163 2636 245 2696 μου,
272 2610 335 2687 ἕως
359 2602 402 2676 δν
425 2610 480 2678 θῶ
497 2604 574 2687 τούς
593 2604 736 2697 ἐχθρούς
756 2627 817 2676 σον
843 2601 1032 2676 όποπόδιον

22 2735 47 2775 ‘25
61 2715 128 2778 τῶν
159 2712 274 2779 ποδῶν
305 2730 382 2797 σον,
414 2711 470 2778 καί
494 2706 764 2798 κατακνριεόσεις
789 2711 938 2801 ἐνμέσῳ
964 2714 1031 2776 τῶν

63 2813 196 2898 ἐχθρῶν
209 2830 270 2880 σον
279 2807 310 2841 '''
339 2805 356 2879 ό
374 2811 410 2879 δὲ
424 2804 646 2902 πρόσθεν“τά
660 2812 741 2898 βέλη
752 2832 815 2880 σον
828 2805 1030 2899 ἠκονημένα,

63 2911 197 2997 δννατέ,
218 2913 253 2980 ἐν
271 2916 393 3003 καρδία
410 2914 478 2981 τῶν
497 2914 628 3002 ἐχθρῶν
646 2915 706 2980 τοῦ
724 2907 922 2998 βασιλέως.”
954 2910 1030 2981 οὐκ·
1045 2940 1058 2979 ι

61 3019 123 3082 οὖν
154 3013 210 3080 καὶ
240 3010 280 3081 τά
307 3013 383 3100 περὶ
411 3016 480 3082 τῶν
511 3015 644 3103 ἐχθρῶν
667 3016 726 3082 τοῦ
760 3014 969 3102 δηλονμένον
995 3017 1031 3082 ἐν

61 3112 260 3203 άμφοτέροις
284 3111 434 3206 σννάδει.
485 3117 535 3184 11.
560 3121 610 3194 τίς
637 3115 722 3201 δητα
749 3104 812 3184 οὖν
840 3111 1031 3201 ὀφθαλμοῖς

22 3245 47 3286 ιο
60 3213 149 3305 ὁρῶν
169 3218 205 3285 ἐν
222 3217 337 3304 με’σαις
354 3229 426 3296 ταῖς
445 3211 582 3285 πόλεσιν
601 3222 638 3284 ἐν
650 3242 686 3283 τε
700 3211 825 3303 κῶμαις
839 3216 894 3282 καὶ
908 3211 1031 3303 χῶραις

61 3313 142 3388 καθ’
161 3313 240 3405 ὅλης
263 3345 299 3386 τε
322 3321 380 3405 τῆς
398 3317 595 3406 οἰκονμένης
612 3313 784 3396 ἀνθοόσας
808 3313 865 3396 τάς
888 3319 948 3384 τοῦ
967 3339 1030 3385 σω-

60 3422 159 3507 τῆρος
175 3416 272 3508 ἡμῶν
290 3422 481 3508 ἐκκλησίας,
507 3415 585 3500 τοός
602 3445 638 3488 τε
656 3413 738 3509 πρός
757 3414 860 3487 αὐτοῦ
876 3444 1036 3507 κυριευο-

793 3529 865 3596 w*
