2326 3818
328 121 514 176 οεειοωευ.
529 122 661 177 ενευο.
679 123 740 173 vn.
758 125 784 177 ε.
829 127 832 133 ’
971 118 1034 184 467

372 324 451 399 Ἀπό
474 333 615 418 Ψαλμοῦ
633 325 721 419 ρλα’.
1050 357 1104 410 [2151

140 467 191 535 28.
213 457 440 552 “Μνήσθητι,
470 460 584 552 κύριε,
617 465 676 533 τοῦ
701 463 817 551 Δαβὶδ
845 463 902 531 καί
927 463 1065 551 πάσηςε

63 570 123 654 τής
146 563 333 655 πραΰτητος
357 561 476 634 αὐτοῦ·
510 558 554 644 ῦς
572 560 682 653 όμοσε
698 566 744 656 τῷ
763 568 888 656 κυρίῳ,
912 560 1034 651 ηύξατο

64 670 111 760 τῷ
126 670 198 760 θεῷ
212 662 344 754 Ἰακάβ·
373 672 404 736 εἰ
427 663 657 754 εἰσελεύσομαι
681 671 728 747 εἰς
754 663 914 753 σκήνωμα
938 674 1034 734 οἰκον
1064 738 1067 743 ,

38 796 50 836 ε
64 796 140 856 μου,
155 773 185 836 εἰ
194 763 405 856 ἀναβήσομαι
419 768 474 836 ἐπὶ
482 775 598 855 κλίνης
609 769 784 856 στρωμνῆς
795 783 875 855 μου·
896 771 926 836 εἰ
937 761 1034 834 δύσω

64 865 175 939 ῦπνον
191 885 260 950 τοίς
282 863 474 958 ὀφθαλμοῖς
496 897 578 957 μου,
603 869 660 937 καί
683 883 752 948 τοίς
770 862 951 958 βλεφάροις
969 895 1035 956 μου

64 970 273 1058 νυσταγμδν,
298 970 353 1039 καί
372 966 566 1040 ἀνάπαυσιν
582 984 651 1050 τοίς
669 967 848 1059 κροτάφοις
864 996 948 1057 μου,
972 971 1035 1050 ἕως

64 1061 106 1140 οῦ
124 1067 213 1160 εῦρω
231 1067 333 1141 τόπον
355 1074 404 1164 τῷ
425 1077 550 1165 κνρίμ,
574 1067 734 1160 σκήνωμα
757 1073 804 1162 τῷ
822 1071 895 1162 θεῷ
906 1067 1034 1156 Ἰακώβ.

68 1170 145 1241 ἰδοῦ
162 1166 354 1260 ήκούσαμεν
378 1167 486 1258 αύτήν
513 1167 734 1260 ἰνἘφραθά,
759 1167 902 1261 εὕρομεν
929 1166 1036 1258 αύτήν

27 1301 52 1341 10
67 1276 103 1342 ἰν
126 1287 196 1351 τοίς
219 1276 347 1353 πεδίοις
369 1274 430 1341 τοῦ
453 1274 597 1360 δρυμοῦ·
632 1269 894 1360 εἰσελευσόμεθα
926 1278 972 1352 εἰς
995 1268 1036 1340 τά

64 1369 265 1460 σκηνώματα
282 1369 405 1460 αῦτοῦ,
424 1369 701 1462 προσκυνήσομεν
721 1379 768 1453 εἰς
785 1369 845 1442 τόν
861 1368 976 1459 τόπον,
994 1362 1064 1443 οῦο

63 1479 207 1560 ἔστησαν
236 1478 272 1542 οἰ
299 1471 399 1555 πόδες
430 1469 568 1544 αύτοῦ.”
617 1477 669 1544 29.
697 1471 763 1542 εἷθ’
792 1475 866 1560 ἕξής
890 1473 1035 1559 ἐπιλέγει

47 1568 197 1651 ,“ἓ’νεκεν
215 1576 329 1662 Δαβίδ
351 1576 411 1644 τοῦ
439 1573 564 1645 δούλου
587 1594 666 1662 σου,
693 1571 737 1663 μή
763 1569 974 1664 άποστρίψης
997 1569 1034 1643 τό

63 1671 244 1765 πρόσωπον
260 1679 321 1744 τοῦ
339 1680 486 1764 Χριστοῦ
503 1696 575 1746 σου.
609 1671 718 1765 ύμοσε
732 1672 847 1765 κύριος
860 1675 907 1767 τῷ
919 1675 1036 1764 Λαβίδ

25 1803 50 1843 15
64 1771 246 1864 άλήθειαν,
270 1776 327 1845 καλ
345 1772 385 1846 ού
402 1776 447 1866 μή
465 1772 616 1867 άθετήση
635 1773 747 1845 αὐτόν.
781 1778 816 1845 ἐκ
829 1779 959 1867 καρποῦ
977 1777 1036 1863 της

64 1883 190 1958 κοιλίας
215 1897 277 1947 σου
300 1874 450 1966 θήσομαι
469 1881 523 1948 ἐπλ
541 1876 600 1947 τόν
616 1874 745 1968 θρόνον
768 1871 863 1947 σου.”
907 1881 949 1944 30
978 1878 1035 1944 καὶ

65 1980 216 2069 ἐπιφέρει
243 1975 372 2060 τούτοις
401 1981 510 2067 λέγων
530 1976 626 2048 “ἐκεί
650 1981 833 2060 ἐξανατελῦ
864 1979 963 2065 κέρας
988 1980 1035 2069 τῷ

64 2081 190 2167 Δαβλδ,
205 2077 368 2168 ήτοίμασα
382 2077 507 2168 λύχνον
520 2083 568 2173 τῷ
574 2084 706 2173 Χριστῷ
712 2098 793 2169 μου·
808 2075 1035 2169 τοῦςέχθροῦς

65 2175 169 2248 αύτοῦ
188 2178 319 2249 ἐνδύσω
338 2179 518 2271 αἰσχύνην,
544 2182 597 2249 ἰπὶ
623 2180 660 2250 δὲ
679 2176 782 2251 αύτόν
801 2178 979 2266 ἐξανθήσει
997 2176 1034 2248 τό

26 2308 52 2348 νο
65 2277 212 2367 άχίασμά
229 2276 330 2368 μου,”

140 2385 192 2449 31.
211 2379 363 2470 Συνάδει
380 2383 422 2468 τη
439 2377 502 2500 πρό
519 2378 641 2467 ταύτης
665 2374 764 2448 καλ
745 2409 765 2467 η
784 2383 937 2466 παροῦσα
954 2406 1035 2469 προ-

63 2488 201 2569 φητεία,
221 2482 258 2550 ἐκ
275 2479 476 2570 Βηθλεὲμ
442 2509 502 2551 τον
515 2477 827 2601 προκηρνττόμενον
840 2477 924 2549 θεὸν
937 2504 1034 2609 προε-

64 2582 247 2653 λεύσεσθαι
252 2590 497 2705 σημαίνουσμ
546 2586 643 2653 τοῦτο
675 2581 713 2650 δε
743 2570 805 2651 οῦν
828 2575 908 2652 αύτό
932 2582 988 2649 καὶ
1015 2574 1033 2648 ό

63 2686 179 2772 Δαβλδ
196 2678 358 2784 πρότερον
375 2681 474 2773 μετ’
456 2688 590 2772 αχνοιῦν
609 2680 742 2772 εύχεται
759 2682 849 2773 παρά
866 2688 926 2751 τοῦ
947 2685 1033 2753 θεοῦ

26 2810 50 2850 νε
64 2796 207 2872 μαθεῖν,
232 2773 292 2855 εἰτ’
320 2782 499 2875 εὐξάμενος
521 2782 725 2856 παιδεύεται.
763 2789 814 2853 32.
834 2780 1005 2871 ἐπειδή
967 2811 1031 2904 γαρ
1046 2815 1102 2867 μιν)

63 2885 221 2972 τετύχηκε
239 2882 389 2975 χρησμοῦ
406 2890 466 2956 τοῦ
484 2883 567 2976 πρός
585 2883 687 2955 αύτδν
707 2887 744 2954 ἐν
760 2914 805 2978 τφ
793 2889 959 3054 Ψαλμςόὶ
969 2883 1036 3006 φή-

64 3005 184 3066 σαντος
197 2980 258 3056 “gu
276 2989 408 3077 καρποῦ
430 2989 488 3076 τής
506 2993 632 3068 κοιλίας
651 3006 712 3056 σου
737 2984 921 3074 θήσομαι’
905 2987 959 3055 επὶ
977 2983 1035 3054 τόν

63 3084 192 3175 θρόνον
216 3083 312 3175 σου,”
340 3089 397 3158 καί
419 3078 521 3169 αὖθις
541 3085 636 3158 “ἐκεῖ
659 3090 843 3169 ἑξανατελῦ
866 3088 965 3177 κε’ρας
988 3087 1036 3177 τῷ

64 3191 197 3278 Λαβλδ,
221 3186 384 3279 ήτοίμασα
403 3187 527 3279 λύχνον
552 3195 598 3283 τῷ
618 3192 750 3281 Χριστῷ
773 3185 872 3278 μου,”
901 3184 1034 3265 εἰκότως

132 3425 148 3472 2
166 3423 213 3473 Ρε.
228 3425 322 3487 131,1,

789 3498 855 3565 30*
