2326 3818
275 120 462 172 DEMONST.
480 120 614 171 EVANG.
632 120 680 171 VI.
701 122 744 176 122
762 122 802 170 13.
968 117 1029 180 367

56 259 120 331 τόν
139 264 247 330 αίῦνα
263 262 324 329 τοῦ
341 256 501 340 αίῦυος·”
546 262 600 348 ἐφ’
628 253 668 329 δυ
692 253 783 351 αὐτῷ
800 252 817 326 δ
836 255 960 347 πατὴρ,
986 255 1030 338 ὡς

56 358 103 433 δν
119 364 184 453 υίςῦ
200 377 393 451 μουογενεί,
418 363 621 444 καθέζεσθαι
644 356 908 451 παρεκελεύσατο
927 357 1030 428 εἰπών

50 459 188 534 “κοίθαν
212 466 249 533 ἐκ
274 465 393 545 δεξιοῦν
416 458 512 551 μου.”
561 467 591 530 3.
609 466 714 531 ταῦτα
734 457 801 589 γὰρ
827 483 941 550 σαφως
964 458 1029 549 ἤδη

56 563 222 690 πρότερον
236 561 345 633 ἐπὶ’
302 592 406 652 μονον
418 561 713 654 ἆναφέρεσθαιτὸυ
725 560 885 652 ἡμέτερον
893 565 1029 683 σωτῆρα
1043 602 1054 629 ε

30 667 117 740 ιτδυ
133 662 218 737 θεδν
243 662 343 752 λόγου
368 665 636 754 παρεστήσαμεν
670 662 773 734 αῦτδυ
796 662 838 752 δὴ
867 665 929 733 οῦν
951 667 1030 731 τοῦ-

56 762 157 839 τουδ
184 764 303 856 παρεόν
326 774 477 850 θεσπίζει
502 764 598 854 λόγος
628 764 871 855 ἐκπορεύεσθαι
903 769 938 834 ἐκ
968 768 1029 834 τοῦ
1043 795 1095 847 μοι

55 868 161 941 τόπου
179 865 303 955 αῦτοῦ,
326 866 580 956 καταβήσεσθαί
601 897 637 938 τε
656 869 763 938 ἐπί
727 896 766 937 τα
784 865 855 955 ῦψη
873 871 930 956 τῆς
957 871 1026 956 γης.

57 976 87 1042 4.
107 988 186 1042 ποία
211 966 248 1040 δ’
273 964 317 1040 διν
342 982 394 1058 είη
420 973 542 1059 ταῦτα,
567 966 588 1057 ἢ
612 975 718 1060 ῥητῶς
742 967 861 1058 μὲν
826 999 866 1038 τα
890 966 950 1057 ὅρη
968 972 1029 1038 τοῦ

52 1071 187 1162 Ἰσραὴλ
218 1073 274 1141 καί
299 1077 335 1141 οί
356 1073 494 1161 βουνοί,
520 1061 646 1160 περὶ
620 1100 667 1140 ων
690 1078 807 1158 μυρίαι
831 1087 1028 1159 προφητεῖαι

17 1207 43 1247 ιο
55 1181 292 1261 θεσπίζουσαν,
312 1170 399 1260 αῦτη
416 1200 452 1241 τε
464 1170 690 1263 Ἰερουσαλὴμ,
710 1168 815 1240 καὶτὸ
829 1169 923 1241 Σιών
940 1169 1027 1262 όρος,

58 1279 96 1344 ἐν
120 1265 146 1366 ςῦ
169 1271 228 1355 τοὶς
251 1282 408 1355 πλείστας
437 1277 578 1344 ἐποιεῖτο
605 1269 777 1361 διατριβῦς
801 1273 817 1342 δ
844 1271 954 1361 σωτὴρ
972 1277 1028 1342 καὶ

56 1371 172 1463 κῦριος
189 1369 299 1463 ἡμῦυ;
316 1375 447 1446 τούτων
462 1377 498 1445 δὲ
514 1373 707 1466 διαφθορὰν
722 1381 859 1444 ἔσεσθαι
869 1376 924 1442 καὶ
938 1370 1027 1442 ἄπιτ’·
1041 1403 1055 1441 ο

57 1486 153 1546 λειαυ
171 1478 225 1546 ἐπὶ
242 1479 284 1567 τῇ
301 1484 362 1547 τοῦ
372 1479 520 1569 Χριστοῦ
533 1476 671 1570 καθόδῳ
685 1482 846 1559 θεσπίζει.
879 1477 934 1543 καὶ
949 1473 1027 1563 πρό-

59 1584 163 1665 δηλον
181 1575 225 1658 ῦς
242 1576 324 1667 μετοὶ
340 1576 402 1667 τὴν
419 1584 479 1649 τοῦ
494 1585 642 1667 σωτῆρος
655 1573 752 1666 ἡμῶν
765 1586 955 1665 παρουσίαν
972 1579 1027 1644 καί

16 1710 44 1750 15
57 1677 97 1749 τοὶ
122 1675 195 1748 κατ’
220 1677 326 1750 αὐτοῦ
350 1681 575 1770 τετολμημένα
600 1677 641 1749 τοὶ
672 1680 895 1768 προειρημένα
919 1675 1028 1747 πάντα

56 1778 314 1870 πεπολιόρκηται
344 1785 400 1852 καὶ
433 1789 481 1863 είς
513 1779 653 1870 ἐσχάτην
682 1783 821 1868 ἐρημίαν
851 1777 1024 1869 ἐλήλυθεν,

56 1888 84 1953 5.
105 1880 146 1953 οῦ
163 1882 231 1973 μὴν
248 1880 334 1952 ἄλλα
346 1887 403 1954 καὶ
416 1889 451 1954 οί
458 1881 615 1972 ἄρχοντες
628 1888 688 1952 τοῦ
704 1876 878 1951 Ἰουδαίων
892 1888 1026 1969 ἔθνους,

55 1980 76 2071 η’
94 2012 129 2054 τε
147 1982 226 2073 παρ’
248 1983 362 2067 αὐτοῖς
379 1982 416 2054 τό
435 1987 517 2074 πρὶν
535 1986 729 2054 συνεστῶσα
747 1990 913 2071 βασιλεία,
934 1989 1027 2071 ἱερω-

57 2083 144 2172 σῦυη
166 2114 201 2154 τε
226 2088 282 2154 καὶ
307 2086 519 2156 διδασκάλων
537 2091 716 2176 προεδρία,
741 2083 803 2174 ῦρη
829 2092 894 2155 νῦν
912 2112 1028 2173 τροπι-

16 2214 44 2255 20
58 2189 124 2265 κως
147 2182 389 2275 ὀνομαζόμενα,
420 2186 696 2277 σαλευθήσεσθαι
726 2189 879 2275 λέγονται
903 2189 956 2254 ἐπὶ
986 2190 1026 2274 τη

55 2290 118 2356 τοῦ
135 2294 255 2375 κυρίου
274 2288 306 2367 ἐξ
326 2284 482 2376 οὐρανῶν
495 2297 673 2381 παρουσία.
702 2291 757 2357 καὶ
771 2292 868 2358 τοῦτο
888 2289 924 2356 δὲ
938 2285 1026 2368 ὅπως

55 2391 172 2470 τέλους
191 2396 287 2476 ἔτυχε
310 2394 361 2468 τίς
378 2384 441 2458 οῦκ
465 2385 507 2460 δν
530 2390 744 2479 ὁμολογήσειε
767 2387 848 2478 μετδι
872 2386 949 2469 τοῦς
966 2395 1026 2458 τοῦ

56 2495 205 2582 σωτῆρος
222 2483 318 2578 ἡμῶν
333 2485 439 2578 Ἰησοῦ
453 2499 598 2582 Χριστοῦ
616 2492 777 2580 χρόνους,
796 2487 894 2559 πάντ’
917 2494 1026 2560 ἐκεῖνα

54 2595 200 2682 θεωροῦν
224 2587 264 2661 οῦ
288 2589 393 2680 μόνον
417 2596 644 2681 σαλευθέυτα,
672 2589 755 2662 ἄλλα
786 2595 842 2661 καὶ
875 2590 1026 2661 ἐκποδών

14 2697 278 2784 νεγεγενημέυα;
306 2694 457 2776 κοιλοίδες
483 2696 519 2764 δὲ
544 2698 646 2765 είσέτι
670 2701 735 2764 νῦν
761 2691 939 2782 τηκόμεναι
959 2694 1027 2761 εἷεν

55 2791 98 2864 διν
116 2802 153 2864 αί
168 2793 242 2866 ἀντὶ
260 2799 318 2884 τῆς
333 2790 547 2886 Ἰερουσαλὴμ
565 2801 699 2866 καὶτοῦ
718 2794 812 2866 Σιιδυ
826 2793 925 2884 ὅρους
944 2792 1025 2864 κατῦ

56 2902 169 2966 πᾶσαν
185 2895 283 2967 πόλιν
300 2905 510 2968 συνεστῶσαι
525 2896 636 2967 αὐτῶν
650 2900 857 2985 συναγωγαὶ,
876 2895 1024 2985 ἀποθρη-
1040 2924 1091 2972 οῑη

55 3004 175 3069 νοῦσαι
192 3002 248 3070 καί
266 2995 528 3089 ἄποκλαιόμεναι
546 3003 602 3068 καί
621 2993 665 3079 ῦς
690 2997 790 3086 κηρός
810 2994 874 3066 ἀπὸ
893 2996 1025 3083 προσιό-

55 3129 121 3170 που
139 3101 244 3192 πυρός
267 3099 446 3190 τηκόμεναι
471 3101 526 3170 διδ
545 3099 730 3187 λύπηνκαὶ
753 3102 902 3178 πένθους
920 3094 1024 3181 ῦπερ-

13 3231 40 3270 νο
55 3200 179 3291 βολην,
203 3210 261 3291 της
284 3229 320 3271 τε
343 3209 412 3274 τῶν
430 3210 564 3272 οίκείων
583 3206 718 3290 ἐρημίας
743 3203 799 3269 καί
823 3205 879 3286 της
898 3202 1023 3284 μακρᾶς

55 3307 111 3373 καί
129 3308 311 3385 πολυετοῦς
327 3310 480 3385 δουλείας
495 3309 617 3375 ἕνεκεν.
651 3310 680 3372 6.
699 3303 755 3370 καί
768 3299 875 3379 ἄλλως
892 3299 928 3367 δὲ
942 3299 1024 3368 κατὰ

56 3404 210 3476 διάνοιαν
233 3405 254 3495 ἡ
278 3413 338 3476 τοῦ
365 3404 466 3494 λόγου
493 3413 552 3477 τοῦ
576 3412 674 3476 θείου
701 3406 870 3491 ἐπίβασις,
901 3399 963 3471 οῦκ
989 3405 1024 3471 ἐν
