2326 3818
323 128 773 181 οοοοαεο.οτιαο.οα.α
959 126 1022 191 569

56 273 161 350 πικῶς
178 267 237 338 τόν
255 274 425 358 περίγειον
442 265 583 357 κόσμον,
611 274 658 350 εἰς
680 261 752 338 όνὸ
778 264 874 356 λόγος
892 294 1020 357 προφη-
1035 295 1087 347 μοι]
1150 291 1154 300 ·

57 369 144 440 τεύει
170 366 228 439 τόν
252 367 370 458 κύριον
397 370 451 437 ἐπὶ
475 371 617 457 νεφέλης
651 366 779 459 κούφης
802 364 910 457 ἥξειν,
934 367 1022 440 οὕτω

56 468 115 542 τόν
146 475 182 541 ἐκ
212 473 386 560 παρθένου
417 472 473 540 καὶ
503 467 691 559 πνεύματος
720 465 818 558 ἆγίου
849 475 1023 559 ληφθέντα

58 569 150 666 αύτῶ
171 569 356 661 ἄνθρωπον
383 569 629 661 αἰνιττόμενος·
660 579 873 662 χειροποίητα
897 571 935 640 δὲ
960 580 1024 642 Αἰ-

31 672 185 763 εγύπτου
196 671 464 763 1πεισθήσεσθαι,
483 671 524 743 τό
537 677 605 744 τῶν
621 676 733 743 ἐθνῶν
751 669 852 755 ξόανα
869 675 926 741 καὶ
944 671 1023 754 τούς

58 781 95 846 ἐν
113 772 227 856 αὐτοῖς
246 780 425 865 δαίμονας,
445 773 489 857 ῶς
507 764 551 843 αὖ
569 772 670 846 πόλιν
689 781 898 864 Αἰγυπτίους
915 772 1048 862 ἦττον-ο

56 881 196 967 μένους,
214 874 340 960 πάντας
355 875 432 959 τούς
451 874 554 946 παλαι
572 875 735 968 πρότερον
754 880 830 968 περὶ
847 875 908 965 τὴν
929 881 1022 945 εἰδῶ·
1086 954 1088 957 ,

58 986 238 1069 λολατρίαν
265 981 498 1068 ἐπτοημένους,
540 984 569 1048 6.
599 978 687 1066 πλὴν
705 975 789 1049 ἀλλὰ
809 981 864 1048 καί
882 999 1023 1067 σωματι-

57 1085 124 1164 κῶς
141 1084 201 1150 τοῦ
191 1100 361 1206 σῶτηρρς
378 1077 473 1200 ημῶν
488 1081 815 1203 ἐπικαμφθέντος
773 1109 813 1169 τη
828 1087 1025 1168 Αἰγυπτίων

20 1207 44 1246 ιο
57 1181 170 1272 χῶρα,
189 1177 244 1249 ὅτε
262 1209 344 1250 κατα
369 1179 429 1250 τόν
447 1179 596 1313 χρησμόν
614 1177 759 1262 ἄναστάς
783 1179 800 1250 ὁ
822 1177 945 1270 Ἰωσηφ
964 1208 1025 1250 πα·

58 1287 179 1373 ρέλαβε
202 1309 264 1369 την
287 1279 428 1372 Μαριαμ
453 1285 510 1352 καὶ
540 1280 576 1353 τό
603 1289 740 1353 παιδίον
767 1284 822 1351 καὶ
845 1271 953 1369 ηλθεν
979 1289 1026 1361 εἰς

58 1394 251 1471 Αἴγυπτον,
271 1379 453 1513 ρἰπορρητφ
473 1382 614 1473 δυνάμει
637 1387 734 1454 καί’
718 1391 868 1475 ενεργείγ
886 1382 945 1463 τὰς
963 1379 1026 1450 αύ-

58 1483 135 1555 τόθι
159 1483 196 1553 τὸ
222 1486 304 1573 πρὶν
327 1483 482 1566 οἰκούσας
514 1483 662 1574 πονηρός
687 1484 846 1574 δυνάμεις
874 1481 960 1563 εἰκός
984 1479 1025 1553 ού

58 1589 183 1676 μικρῶς
207 1591 424 1675 κεκινησθαι,
449 1589 505 1656 καί
503 1585 671 1717 μάλιστα
688 1583 744 1656 ὅτε
768 1583 823 1655 δια
848 1614 905 1674 της
930 1587 1027 1672 μετέ-

21 1712 45 1752 15
59 1715 155 1758 πειτα
174 1693 392 1769 διδασκαλίας
411 1684 517 1758 αύτου
538 1696 641 1777 μυρια
660 1686 775 1776 πλήθη
800 1693 869 1756 τῶν
886 1715 947 1775 την
966 1696 1026 1756 Αἰ·

57 1817 187 1912 γυπτογ
210 1787 412 1878 οἰκούντων,
437 1818 495 1877 της
519 1794 587 1860 τῶν
616 1787 824 1879 δαιμόνων’
808 1784 1027 1876 αποφυγόντα

59 1888 319 1980 πλανήσεως,”
302 1919 348 1961 ετι
366 1894 421 1961 καί
446 1895 512 1962 νῦν
528 1889 587 1962 τόν
606 1895 672 1962 τῶν
689 1888 778 1962 ὅλων
794 1889 951 1980 ὁμολογει
966 1887 1027 1978 μό-

59 2021 120 2064 νον
140 1995 264 2063 εἰδέναι
289 1991 382 2064 θεόν.
419 1989 513 2063 τῶδ’
540 1998 577 2064 ἐν
603 2009 672 2075 τοῖς
697 1997 769 2082 ἑξῆς
798 1990 1024 2081 ἐπιλεγόμενα,
1040 2018 1093 2069 μιν)

59 2092 288 2181 αἰνιγματώδη
305 2090 386 2163 όντα
405 2093 558 2175 πλείονός
576 2126 612 2166 τε
631 2094 773 2185 δεόμενα
791 2101 1028 2184 πραγματείας,

20 2221 45 2258 20
61 2189 117 2263 ἐπ’
137 2201 261 2274 οἰκείας
280 2200 399 2282 σχολῆς
419 2193 674 2285 ἐρμηνεύσομεν.

360 2391 440 2464 Ἀπὸ
459 2398 527 2465 τῶν
540 2393 719 2485 Ἀριθμῶν.

136 2543 183 2603 111.
200 2523 459 2618 “ΦησὶΒαλαο“ιμ
472 2527 658 2620 υἰόςΒεῶρ,
674 2532 779 2619 φησὶν
792 2525 809 2599 ό
824 2526 1027 2619 όνθρωποςὸ

62 2629 233 2718 ἀληθινῶς
246 2629 353 2718 ὁρῶν,
372 2634 477 2720 φησίν
495 2627 629 2703 ἀκούων
648 2630 742 2721 λόγια
762 2637 919 2722 ἰσχυροῦ,
938 2629 1027 2710 ὅστις
1044 2652 1055 2690 b

62 2731 181 2819 ὅρασιν
199 2739 282 2804 θεοῦ
298 2734 388 2804 εἶδεν
414 2737 450 2804 ἐν
463 2729 573 2829 ὕπνῳ,
592 2731 901 2824 όποκεκαλυμμένοι
922 2741 957 2806 οἰ
967 2733 1026 2823 ὀφ-

21 2855 48 2896 25
61 2837 185 2923 θαλμοί
200 2833 318 2922 αὐτοῦ,
330 2832 373 2916 ῶς
388 2839 483 2906 καλοὶ
497 2843 533 2906 οἰ
543 2838 630 2908 οἶκοί
642 2860 704 2908 σου
719 2835 847 2924 Ίακιόβ,
863 2843 900 2907 αἰ
906 2841 1030 2926 σκηναί

61 2959 123 3006 σου
136 2935 284 3023 Ἰσραὴλ,
304 2935 383 3006 ῶσεὶ
400 2934 503 3007 νόπαι
518 2937 720 3025 σκιόζουσαι,
735 2940 792 3007 καί
811 2936 855 3019 ῶς
869 2937 1031 3027 παρύὸειξ

60 3059 119 3120 σος
139 3040 191 3107 ἐπὶ
211 3044 384 3127 ποταμῶν,
402 3040 457 3107 καὶ
477 3033 555 3109 ῶσεὶ
573 3042 705 3127 σκηναὶ,
723 3034 762 3120 ῶς
781 3043 880 3127 ἔπηξε
905 3038 1028 3126 κύριος,

63 3133 142 3209 ῶσεί
161 3143 272 3230 κέδροι
298 3136 379 3228 παρ’
405 3137 520 3209 ὕδατα.
561 3138 766 3222 ἐξελεύσεται
793 3138 972 3228 ἅνθρωπος
992 3146 1027 3209 ἐκ

62 3245 123 3311 τοῦ
140 3244 323 3331 σπέρματος
342 3236 465 3327 αύτού,
493 3243 548 3310 καί
566 3239 735 3331 κυριεύσει
755 3244 867 3313 ἐθνῶν
885 3248 1028 3328 πολλῶν,

131 3441 351 3502 ῶῶαπο
