2326 3818
333 113 521 167 οουοαευ.
538 111 674 167 στοας·
691 114 767 166 v111.
788 117 811 170 1.
985 113 1048 177 499

75 251 220 342 Ἐσεβοδν
238 257 274 323 ἔτι
292 253 466 342 Βηθλεὲμ,
484 255 541 321 καὶ
558 251 640 342 μετὰ
657 256 777 323 τούτου
795 252 911 324 Αίλοδυ
930 258 966 323 ἔκ
984 283 1050 342 φυ-

78 362 137 443 λῆς
161 351 363 442 Ζαβουλοδν,
388 361 501 424 ἔπειτα
525 352 674 441 Λαβδιδν
704 357 741 423 ἔκ
766 357 875 442 φυλῆς
896 351 1049 444 Ἐφραίμ,

78 458 134 526 καὶ
153 445 254 536 αὖθις
272 451 426 544 Σαμψοδν
450 457 486 523 ἐκ
509 458 619 543 φυλῆς
636 451 729 542 Δύυ,
759 461 870 524 ἔπειτα
889 453 1050 545 ἀναρχίας
1125 463 1128 470 ’

77 555 190 627 αύτιόν
206 559 388 646 γενομένης
405 553 517 644 ἡγεῖτο
536 551 649 626 αύτῶν
663 552 751 626 Ἠλεὶ
770 553 788 625 ὃ
804 553 912 646 ίερεύς
931 562 968 626 ἐκ
987 587 1050 646 φυ-

51 661 137 747 ελῆς
162 664 255 728 Λευί.
306 662 357 726 28.
382 647 475 728 οὗτοι
504 654 626 739 πάντες
649 660 758 747 κριταὶ
790 665 963 747 κρίναντες
992 657 1051 727 τὸν

71 758 219 849 Ἰσραὴλ,
239 754 301 829 ούκ
319 762 528 848 ἔκδιαδοχῆς
543 752 664 847 Ἰούδα,
684 762 720 828 ἔκ
739 757 912 849 διαφόρων
931 760 968 828 δέ
985 788 1049 847 φυ-

76 865 146 930 λῶν
164 857 310 931 ἄλλοθεν
323 856 421 941 ἄλλος
435 857 629 953 γενόμενος·
658 860 713 930 καλ
731 856 801 948 ὅγε
814 858 895 949 μετὰ
911 858 1050 942 τούτους

77 969 207 1053 τρύτος
226 959 338 1033 αὐτῶν
351 959 554 1049 βασιλεύσας
569 957 685 1032 Σαούλ
704 966 740 1031 ἔκ
754 965 864 1051 φυλῆς
882 951 1049 1050 ῆνΒευια-

76 1071 144 1154 μίν.
180 1069 232 1134 29.
253 1068 323 1143 τοῖς
341 1054 403 1134 οὖν
419 1061 456 1133 τδ
471 1058 556 1133 “ούκ
583 1065 728 1147 ἐκλείψει
745 1060 858 1153 ἅρχων
882 1067 914 1147 ἔξ
930 1060 1049 1152 Ἰούδα,

39 1197 63 1237 10
76 1162 159 1234 ούδέ
182 1162 366 1253 ἡγούμενος
393 1166 429 1232 έκ
451 1170 520 1234 τοῖν
543 1167 661 1253 μηροδν
684 1161 810 1234 αύτοῦ”
838 1162 898 1253 (ὡς
915 1160 959 1235 δυ
976 1172 1048 1254 οίη-
1062 1194 1117 1245 (ευ)

76 1272 155 1353 θείη
182 1265 246 1354 τις)
282 1267 336 1334 ἐπὶ
361 1263 439 1344 τούς
473 1268 509 1333 ἔκ
536 1268 645 1353 φυλῆς
666 1259 775 1335 Ἰούδα
801 1262 964 1355 ἄρχοντας
994 1269 1049 1336 καὶ

76 1363 284 1455 ἡγουμένους
306 1361 585 1455 ἄνευεχθῆσεται,
609 1365 664 1436 ὅτε
687 1372 866 1456 φαίνονται
891 1363 957 1435 ἀπὸ
982 1373 1050 1438 τῶν

76 1465 207 1557 χρόνων
230 1470 287 1555 τῆς
310 1470 372 1536 τού
390 1462 509 1553 Ἰακοδβ
531 1471 687 1554 τελευτῆς
704 1463 793 1547 ὅλοις
818 1472 926 1538 ἔτεσιν
951 1467 1049 1556 ἔγγύς

76 1594 142 1638 που
160 1573 276 1657 χιλίοις
294 1565 357 1637 ούκ
375 1571 411 1636 ἔκ
428 1567 532 1657 μόνης
545 1572 603 1658 τῆς
617 1565 726 1639 Ἰούδα
739 1573 849 1658 φυλῆς
863 1571 1049 1658 προαχθέν-

38 1700 63 1740 1⁵
75 1696 146 1756 τες,
166 1664 240 1738 ἄλλ’
261 1665 378 1739 ἄλλοτε
397 1671 429 1750 ἔξ
448 1665 566 1759 ἄλλης,
585 1673 680 1759 μέχρι
691 1673 759 1740 τοῖν
771 1672 886 1756 Δαβὶδ
899 1668 1048 1761 χρόνων;

77 1776 108 1839 εί
125 1770 162 1839 δέ
179 1769 261 1858 μετὰ
278 1767 356 1852 τούς
373 1769 552 1852 τοσούτους
570 1768 588 1840 ὁ
606 1772 722 1858 Δαβὶδ
739 1777 825 1841 οἵτε
845 1775 881 1840 ἐκ
898 1775 956 1861 τῆς
974 1770 1049 1843 τού·

75 1899 135 1941 τον
155 1876 312 1962 διαδοχῆς
330 1870 588 1958 βασιλεύσαντες
604 1869 664 1943 τοῦ
679 1868 853 1943 Ἰουδαίων
871 1881 993 1955 ἔθνους
1014 1877 1049 1943 ἔκ

75 1978 186 2062 φυλῆς
197 1972 376 2062 γεγόνασιν
390 1971 519 2063 Ἰούδα,
534 1969 618 2043 ἀλλὰ
630 1973 693 2065 χρῆ
714 1996 753 2045 σε
767 1975 892 2045 είδέυαι
904 1973 955 2044 ὅτι
969 1973 1049 2068 ούδέ

75 2070 165 2154 ὅλοις
183 2080 414 2154 πεντακοσίοις
433 2081 519 2145 ἔτεσι
538 2073 721 2165 διήρκεσαν
738 2066 831 2146 οὗτοι
848 2079 909 2146 τού
927 2074 1049 2158 παντὸς

39 2205 63 2244 νο
77 2181 200 2255 ἔθνους
218 2173 490 2262 βασιλεύσαντες,
509 2172 593 2244 ἀλλὰ
606 2175 721 2264 μόνων
733 2181 853 2264 φυλῶν
867 2183 981 2268 τριῶν,
993 2180 1048 2247 καὶ
1063 2205 1077 2245 ο

75 2272 155 2344 ούδέ
172 2273 261 2344 ὅλων
278 2273 423 2362 τούτων,
448 2273 527 2345 καθ’
549 2272 609 2357 ούς
628 2280 737 2365 ἕτεροί
751 2304 840 2358 τινες
866 2276 1049 2367 ἐτύγχανον

75 2379 134 2445 τοῦ
152 2383 306 2457 πλείονος
330 2382 454 2457 ἔθνους
478 2377 535 2445 καὶ
558 2374 647 2446 ὅλων
670 2406 709 2466 γε
734 2381 831 2448 ἔυυέα
848 2384 969 2466 φυλῶν
987 2377 1049 2466 τῆν

75 2483 251 2565 βασιλείαν
276 2478 457 2558 διέποντες,
499 2482 553 2569 305
576 2476 658 2566 μετδι
682 2476 746 2567 γὰρ
769 2478 832 2566 τῆν
857 2481 920 2547 τού
943 2488 1048 2549 Σολο-

74 2582 184 2666 μῶνος
206 2574 364 2667 τελευτῆν
389 2579 616 2668 διαιρεθέντος
640 2586 700 2651 τοῦ
723 2576 846 2674 παντὸς
872 2585 995 2661 ἔθνους
1014 2583 1047 2663 ἐξ

34 2710 61 2750 ετ
72 2674 201 2770 Ἰούδα,
226 2683 286 2751 τού
311 2683 426 2767 Δαβὶδ
451 2678 599 2770 διύδοχοι
622 2685 742 2771 τριιόν,
769 2680 812 2762 ὡς
839 2689 942 2770 ἔφην,
968 2678 1045 2752 οὐδ’

73 2779 163 2851 ὅλων
185 2784 305 2870 φυλαῖν
330 2783 383 2850 ἐπὶ
407 2786 465 2872 τῆς
491 2778 705 2872 Ἰερουσαλὴμ
731 2787 929 2870 ἐβασίλευον
951 2787 1047 2873 μέχρι

73 2885 131 2967 τῆς
152 2887 198 2961 είς
215 2886 405 2969 Βαβυλῶνα
424 2890 658 2973 αἰχμαλωσίας.
696 2889 746 2955 31.
768 2881 842 2954 κατ’
869 2881 990 2965 αύτούς
1010 2886 1047 2954 δέ

74 2979 211 3062 τούτους
230 2984 284 3051 έττὶ
300 2988 359 3070 τῆς
377 2993 571 3073 Σαμαρείας
589 2983 676 3055 οὕτω
696 2987 901 3075 καλουμένης
920 2984 1047 3068 πόλεως

73 3086 142 3154 τοῖν
161 3085 258 3154 ἔννέα
281 3087 401 3172 φυλῶν
424 3083 605 3174 ἡγούμενοι
622 3083 685 3155 ούκ
704 3091 736 3169 ἔξ
756 3084 884 3174 Ἰούδα,
909 3085 981 3155 ἀλλ’
1013 3089 1045 3169 ἔξ

35 3215 61 3256 το
76 3186 199 3275 ἑτέρων
217 3187 336 3274 φυλαῖν
349 3188 453 3275 ἕτεροι
468 3190 669 3275 διετέλεσαν,
688 3178 737 3258 ὦν
749 3192 879 3278 πρῶτος
892 3177 934 3275 ῆν
948 3185 1045 3276 Ἱερο-
1064 3232 1074 3258 c

75 3285 162 3375 βοδιμ
181 3291 218 3357 ἔκ
235 3289 344 3377 φυλῆς
359 3283 517 3378 Ἐφραῒμ,
535 3290 592 3358 καὶ
609 3292 644 3358 οί
658 3291 802 3377 καθεξῆς
815 3284 897 3377 μετὰ
914 3291 1044 3374 τούτου,

75 3385 119 3469 ὡς
137 3387 216 3477 μηδ’
244 3392 281 3459 έν
304 3403 372 3470 τοῖς
390 3388 513 3476 μεταξύ
531 3386 662 3482 χρόνοις
687 3405 756 3471 τοϊς
774 3386 839 3460 ἇττὸ
856 3393 972 3479 Δαβδδ
991 3393 1043 3459 ἐπὶ

514 3496 516 3503 ’
801 3501 866 3566 32*
