2326 3818
295 139 496 195 4ΒΕΜθΝδΤ.
514 144 647 195 EVANG.
665 144 742 195 VIII.
761 146 786 196 2.
960 142 1023 206 535

56 295 193 355 πλεῖστα
210 281 272 352 ὅσα
290 280 330 352 τά
346 281 468 371 μεταξύ
485 278 761 371 προφητευόμενα
775 286 832 368 τῆς
846 280 1023 371 λειπούσης
1038 309 1051 348 d

56 390 132 474 μιάς
151 382 353 475 ἑβδομάδος,
379 381 420 454 τά
443 381 542 454 λοιπά
560 381 668 453 πάντα
694 380 749 452 διά
766 387 871 472 μέσου
889 388 947 470 τής
965 388 1024 454 τοτ’·

56 491 207 578 χρησμοῦ
238 483 452 577 προρρήσεως
484 487 641 573 εἰρημένα
672 486 884 572 ἐπιτελεῖται,
916 479 938 552 δι’
968 489 1024 554 καὶ

57 587 142 659 αὐτά
164 590 283 658 τοῦτον
309 594 376 676 ἔχει
401 585 461 657 τὸν
485 585 610 675 τρόπον
622 583 727 674 “μετδι
750 584 808 666 τάς
834 584 1022 673 ἑβδομάδας
1038 617 1090 667 [ειη

32 690 115 771 ετδις
127 688 208 760 έπτά
220 690 275 760 καὶ
296 687 455 776 ἑξήκοντα
475 686 537 758 δύο
556 685 878 775 έξολοθρευθήσεται
888 704 1022 776 χρῖσμα,

56 794 113 861 καὶ
131 799 232 879 κρίμα
250 788 313 863 ούκ
330 798 422 860 ἔστιν
440 794 477 860 έν
495 787 594 882 αὐτῷ.
635 791 692 860 καὶ
708 786 769 877 τήν
793 786 892 859 πόλιν
914 791 969 858 καὶ
987 787 1024 858 τὸ

56 890 152 982 άγιον
172 898 352 980 διαφθερεῖ
368 888 432 962 σύν
449 894 495 985 τῷ
512 886 688 984 ἡγουμένῳ
704 893 753 983 τώ
771 891 948 984 ἐρχομένῳ,
968 893 1023 959 καὶ

58 993 296 1083 έκκοπήσονται
321 997 357 1063 έν
380 997 619 1085 κατακλυσμῷ,
642 995 698 1062 καὶ
717 995 778 1073 ἕως
795 997 911 1073 τέλους
929 997 1025 1062 πολέ-

56 1125 121 1183 μου
146 1097 415 1184 συντετμημένου
439 1089 671 1182 άφανισμοϊς.”
716 1099 766 1163 88.
787 1096 843 1163 καὶ
866 1097 969 1164 ταῦτα
989 1095 1025 1163 δὲ

19 1227 44 1265 ιο
58 1202 181 1284 ἐναργῆ
207 1194 267 1284 τήν
290 1203 429 1283 ἔκβασιν
453 1204 569 1283 εἴληφε
591 1193 663 1265 κατ’
697 1190 800 1265 αύτδν
828 1192 1025 1283 Αὔγουστον
1126 1268 1129 1274 ,

57 1299 111 1366 καὶ
125 1295 296 1386 Ἡρώδην,
325 1304 372 1377 εἰς
395 1292 456 1376 οὓς
480 1295 538 1376 τάς
556 1298 797 1386 προειρημένας
823 1294 905 1366 ἑπτά
925 1299 1025 1384 ἑβδο-

56 1397 163 1487 μάδας
180 1403 519 1486 συγκεφαλαιοῦσθαέ
533 1425 653 1487 φαμεν.
684 1392 754 1490 ὁδώ
766 1400 851 1486 γοῦν
865 1399 920 1467 καὶ
936 1396 1024 1479 τάξει

56 1506 115 1569 τοῦ
142 1498 224 1568 κατὰ
255 1496 317 1590 τήν
343 1495 596 1589 ἀρχιερωσύνην
627 1507 805 1588 χρίσματος
832 1501 927 1589 μέχρι
957 1503 1025 1568 τών

51 1599 204 1691 Ἡρώδου
229 1604 284 1671 καὶ
308 1598 509 1688 Αὐγούστου
531 1598 663 1694 χρόνων
687 1603 941 1689 διαρκέσαντος,
968 1603 1025 1688 τής

18 1729 43 1770 15
56 1732 91 1772 τε
118 1708 275 1792 διαδοχῆς
301 1708 368 1773 τών
395 1700 498 1772 πάλαι
524 1695 706 1792 άρχιερέωυ
731 1705 785 1772 ἐπὶ
806 1697 1026 1789 Ἀλέξανδρον

56 1801 114 1873 τὸν
131 1802 294 1894 Ὑρκανοῦ
324 1806 449 1893 πατέρα
480 1811 757 1895 περιγραφείσης,
785 1798 936 1893 Ἡρώδης
967 1802 1026 1872 τὸν

50 1902 214 1991 Ὑρκανὸν
236 1897 369 1978 άνελών
391 1901 502 1976 ούκέτι
527 1921 607 1998 τοῖς,
620 1909 656 1975 έκ
679 1907 832 1993 πατέρων
859 1902 1025 1992 διαδόχοις
1039 1935 1092 1984 (τοι)

57 2010 228 2094 ἐπιτρέψαι
246 2010 375 2095 λέγεται
392 2006 455 2094 τήν
472 2013 700 2097 λειτουργίαν,
727 2003 812 2076 άλλά
836 2031 925 2077 τισιν
943 2002 1026 2094 άσή-

56 2135 129 2194 μοις
147 2110 202 2177 καὶ
229 2105 395 2196 ἀφανέσιν
421 2103 624 2196 άνθρώποις.
670 2114 719 2178 89.
739 2115 837 2178 τοῦτο
865 2109 903 2179 δέ
927 2110 982 2177 καὶ
1008 2107 1026 2177 ὁ

18 2236 44 2274 ιο
56 2206 203 2296 χρησμὸς
225 2206 406 2297 προλαβών
434 2212 614 2278 ἐθέσπισεν
638 2208 743 2278 εἰπών
762 2207 841 2279 “nal
865 2207 947 2298 μετά
969 2208 1027 2288 τάς

58 2306 246 2397 ἑβδομάδας
275 2309 333 2388 τάς
357 2305 439 2378 ἑπτά
469 2311 526 2377 καὶ
552 2306 711 2398 ἑξήκοντα
735 2308 796 2379 δύο
827 2313 1026 2398 ἐξολοθρευ-

55 2409 196 2496 θήσεται
214 2426 353 2498 χρῖσμα,
372 2411 427 2477 καὶ
446 2416 548 2497 κρίμα
566 2407 628 2479 ούκ
646 2416 736 2478 ἔστιν
750 2404 792 2479 Δέν
816 2407 938 2501 αύτῷ.”
974 2416 1023 2479 94),
1093 2420 1096 2427 ’

55 2509 137 2600 ὅπερ
155 2514 271 2599 σαφώς
293 2513 350 2582 καὶ
373 2515 407 2581 οἱ
422 2514 532 2582 λοιποὶ
554 2517 748 2581 τεθείκασιν
772 2506 1025 2598 ἑρμηνευταέὸ

56 2613 118 2700 μὲν
133 2609 270 2693 Ἀκύλας
288 2611 397 2701 φήσας
411 2611 491 2684 “nal
509 2610 590 2702 μετά
603 2609 661 2695 τάς
671 2609 752 2682 ἑπτά
767 2610 955 2702 ἑβδομάδας
969 2614 1025 2680 καὶ

17 2739 42 2780 ει
58 2712 215 2801 ἑξήκοντα
234 2712 296 2785 δύο
322 2713 641 2805 έξολοθρευθήσεται
664 2710 860 2804 ήλειμμέυος
884 2716 939 2783 καὶ
963 2710 1026 2784 ούκ

56 2823 148 2886 ἔστιν
171 2810 299 2908 αύτῷ““
336 2815 354 2884 ὁ
379 2816 417 2886 δὲ
440 2814 620 2905 Σύμμαχος
638 2812 717 2886 “nal
740 2816 821 2906 μετά
845 2814 903 2896 τάς
928 2818 1023 2904 ἕβδο-

55 2913 163 3004 μάδας
186 2915 244 2998 τάς
268 2913 350 2986 ἑπτά
373 2918 430 2985 καὶ
455 2916 614 3008 ἑξήκοντα
633 2916 696 2986 δύο
721 2917 936 3007 έκκοπήσεται
955 2947 1027 3006 χρι-

56 3014 151 3105 στός,
170 3020 226 3087 καὶ
244 3013 304 3106 ούχ
321 3014 461 3107 ὑπάρξει
486 3014 612 3112 αύτώ.”
657 3013 743 3088 ὅθεν
766 3017 907 3108 μάλιστα
925 3030 1054 3104 παρέ-ι

56 3126 205 3188 στασθαί
225 3148 279 3207 μοι
304 3124 398 3188 δοκεῖ
419 3118 550 3208 χριστὸς
581 3116 766 3207 ἡγούμενος
792 3121 877 3189 εἶναι
900 3121 917 3187 ὁ
942 3115 1025 3187 κατά

15 3246 43 3287 το
56 3217 117 3307 τήν
135 3218 298 3309 ήμετέραυ
316 3216 479 3290 άπόδοσιν
498 3223 737 3309 δεδηλωμέυος.
775 3226 824 3289 91.
844 3216 924 3307 μετά
943 3222 1027 3306 γοῦν

124 3456 140 3501 4
158 3454 230 3503 Dan.
244 3457 269 3516 9,
284 3456 326 3502 26.
