2326 3818
77 103 98 163 g
486 88 635 139 EUSEBII

77 245 148 318 ζειν
164 237 221 318 της
239 228 363 318 ἀλόγου
387 227 484 319 χάριν
507 234 666 315 πίστεως,
691 224 824 309 εἰκότως
850 226 971 299 διελόν
987 227 1046 310 τὰς

78 329 160 402 καθ’
180 331 275 420 ἡμῶν
294 330 451 418 διαβολάς
477 332 513 398 ἐν
536 332 577 418 τη
595 332 866 420 Προπαρασκευη
881 336 940 399 τοῦ
958 357 1045 400 παν-

77 430 132 511 τὰς
150 432 252 520 λόγου
278 429 413 520 πρωτην
436 431 498 521 μὲν
522 428 669 518 τὴντῶν
686 434 865 501 πολυθέων
884 433 1045 522 ἐξεθέμην

80 536 205 656 ἐθνων,
214 531 488 619 ἐπεγκαλοόντων
501 526 582 620 ἡμῖν
595 528 645 602 ότι
656 530 697 620 δὴ
710 536 778 603 των
788 539 939 620 πατρίων
951 537 1044 604 θεων

77 630 259 705 ἀποστάται
277 635 496 722 κατέστημεν,
523 635 591 702 ἐπὶ
588 638 682 723 μέγα
706 637 866 755 φαμένων
883 663 918 704 τε
935 632 986 704 ότι
1003 635 1071 705 τοὶι

78 735 235 827 βάρβαρα
265 764 333 805 των
356 732 525 823 Ἐλλήνων
555 733 859 825 προτετιμήκαμεν,
889 764 929 805 τα
960 733 1043 858 παρ’

71 839 236 928 Εβραίοις
260 834 488 926 ἀσπασάμενοι
512 834 624 924 λόγια
668 843 716 906 16.
737 839 900 965 δευτέραν
924 835 1020 907 δέ
984 867 1045 926 την

78 938 189 1012 νότων
200 935 371 1010 Ἰουδαίων
385 946 598 1028 κατηγορίαν,
617 934 663 1008 δι’
683 927 721 1027 ἦς
736 935 847 1008 καὶ’
805 967 899 1009 αντοι
889 939 1047 1022 δόξαιεν

77 1071 119 1111 αν
143 1040 239 1130 ἡμῖν
249 1044 388 1122 ἐνδίκως
413 1035 720 1129 ἐπιμέμφεσθαι,
701 1069 752 1110 οτι
778 1038 819 1165 δίη
842 1057 914 1121 ταῖς
934 1037 1046 1111 αὐτῶν

78 1159 222 1234 γραφαῖς
241 1170 488 1232 καταχρωμένοι
506 1139 547 1211 οὐ
565 1140 624 1212 τόν
641 1138 756 1230 ὅμοιον
779 1139 892 1222 αὐτοῖς
909 1146 1044 1232 μέτιμεν
1060 1168 1085 1206 ιο

76 1250 135 1314 τοῦ
154 1252 230 1331 βίον
248 1243 380 1334 τρόπον.
421 1250 467 1314 17,
487 1240 614 1313 τούτων
634 1239 666 1312 δ’
686 1238 790 1324 οὕτως
805 1239 886 1333 ημῖν
900 1251 1044 1332 διευκρι·

77 1350 232 1436 νημένων
250 1343 332 1437 πρός
357 1346 419 1435 μέν
442 1344 503 1434 τὴν
520 1344 674 1434 πρωτην,
700 1343 744 1425 ὡς
761 1341 834 1416 οἷόν
856 1373 892 1416 τε
909 1335 969 1433 ἦν,
990 1345 1044 1415 διόι

76 1445 1045 1537 τῆςΕὐαγγελικηςΠροπαρασκευηςόιπηντήσαμεν,”Ελλη-

77 1579 133 1632 νες
151 1551 213 1640 μέν
233 1549 319 1619 εἶναι
345 1547 381 1619 τό
405 1551 486 1637 πρὶν
509 1547 771 1638 ὁμολογήσαντες
798 1552 852 1618 καλ
872 1552 904 1631 ἐξ
923 1552 1045 1636 ἐτέρων

78 1656 189 1722 ἐθνῶν
207 1648 247 1721 τά
260 1649 430 1738 Ἐλλήνων
447 1648 710 1739 πεφρονηκότες,
730 1654 766 1719 ἐκ
780 1653 933 1733 πατέρων
950 1678 986 1719 τε
1004 1654 1043 1740 τῇ
1060 1674 1085 1714 15

77 1755 234 1844 πολυθέω
259 1750 368 1842 πλάνη
389 1755 644 1841 δεδουλωμένοι,
663 1750 703 1822 οὐ
722 1750 788 1840 μην
805 1754 917 1841 μέντοι
935 1750 1044 1845 ἀλόγῳ

45 1886 64 1935 1)
79 1858 134 1925 καὶ
152 1851 356 1946 άνεξετάστῳ
375 1851 472 1943 ὁρμῇ,
492 1862 598 1941 κρίσει
614 1855 651 1924 δέ
665 1851 884 1943 καὶσοόφρονι
899 1859 1044 1946 λογισμῷ

77 1961 346 2045 μετατιθέμενοι,
365 1953 427 2043 τήν
444 1982 480 2023 τε
498 1958 573 2042 περὶ
591 1955 630 2023 τά
644 1954 808 2042 Ἐβραίων
826 1954 921 2043 λόγια
940 1979 1046 2026 σπον-

78 2065 98 2128 δ
102 2058 142 2147 ην
161 2060 362 2148 κεκριμένως
376 2055 456 2146 ἡμῖν
470 2058 525 2126 καὶ
540 2053 684 2144 εὐλόγως
698 2059 923 2146 γεγενημένην
941 2085 1044 2147 παρα-

78 2158 266 2247 στήσαντες,
305 2164 353 2228 18.
374 2158 455 2248 πρός
475 2158 512 2228 δέ
529 2157 591 2245 τὴν
610 2161 771 2244 δευτέραν
786 2155 856 2247 ὥρα
873 2164 939 2229 νῦν
956 2157 1044 2248 φρά-
1059 2182 1087 2222 ιο

78 2267 200 2344 ξασθαι
219 2259 328 2330 καὶτὸ
348 2270 463 2330 λεῖπον
483 2263 640 2330 ἐπελθεῖν
659 2264 803 2348 σκέμμα·
831 2267 928 2330 τοῦτο
948 2256 983 2330 δ’
1003 2251 1046 2348 ἦν

78 2363 159 2454 πρὸς
177 2362 254 2444 τούς
274 2366 309 2432 ἐκ
327 2365 522 2451 περιτομῆς,
541 2359 634 2432 οόπω
653 2365 710 2431 καὶ
727 2366 793 2431 νῦν
813 2364 1044 2451 ἐξητασμένον,

78 2470 225 2536 ἐνταῦθα
245 2470 286 2536 δέ
301 2494 367 2534 που
386 2464 469 2534 κατὰ
488 2462 605 2553 καιρὸν
626 2467 661 2533 έν
679 2481 748 2544 τοῖς
766 2466 1045 2552 σπονδαζομένοις

76 2571 133 2654 τῆς
164 2565 392 2654 Εὐαγγελικης
420 2561 634 2646 Ἀποδείξεως
662 2562 1044 2654 ἆναπληρωθησόμενον.

80 2673 128 2737 19.
148 2670 231 2755 φέρε
248 2657 310 2736 οὖν
327 2663 386 2735 τόν
403 2663 561 2736 ἁπάντων
575 2661 746 2737 Ἰουδαίων
763 2695 799 2736 τε
817 2662 1045 2755 καλἘλλήνων
1059 2689 1088 2731 2⁵

77 2769 160 2839 θεόν
185 2766 229 2837 δι’
261 2763 363 2837 αὐτοῦ
394 2772 454 2838 τοῦ
478 2771 624 2856 σωτῆρος
650 2763 744 2857 ἡμῶν
772 2767 1047 2858 ἐπικαλεσάμενοι

78 2877 210 2957 πρῶτον
228 2874 336 2940 ἐκεῖνο
354 2868 630 2958 διασκεψώμεθα,
649 2878 698 2952 τίς
715 2864 733 2939 ό
751 2867 871 2960 τρόπος
888 2868 1047 2960 τυγχάνει

77 2977 134 3061 τῆς
153 2969 231 3041 καθ’
254 2965 339 3059 ἡμᾶς
364 2967 485 3052 αὐτοὺς
509 2978 718 3058 θεοσεβείας·
748 2975 784 3040 ἐν
806 2976 916 3065 ταντῷ
935 2974 971 3042 δέ
990 2975 1045 3040 καλ

76 3081 144 3143 τῶν
165 3075 429 3163 ἐπιζητουμένων
446 3071 605 3143 ἁπάντων
624 3071 829 3163 ἐπιθήσομεν
846 3073 903 3155 τὰς
922 3071 1044 3154 λύσεις.

153 3190 188 3249 11.
217 3186 358 3264 Είρηται
375 3175 437 3264 μὲν
455 3173 520 3264 ἤδη
539 3173 593 3244 καὶ
611 3173 773 3266 πρότερον
792 3179 827 3245 έν
845 3203 885 3265 τη
905 3185 1045 3263 Προπα-
1060 3200 1089 3239 κο

78 3281 227 3365 ρασκευῄ
257 3273 301 3357 ὥς
332 3276 350 3346 ὁ
375 3274 631 3365 Χριστιανισμδς
657 3275 734 3347 οὔτε
753 3271 966 3366 Ἑλληνισμός
996 3285 1045 3358 τίς

78 3381 170 3448 ἐστιν
188 3375 265 3446 οὔτε
279 3376 500 3466 Ἰουδαϊσμός,
519 3385 644 3448 οίκείον
663 3381 703 3448 δέ
717 3407 792 3447 τινα
810 3381 924 3468 φέρων
943 3407 1046 3468 χαρα-
