2326 3818
128 118 192 182 630
532 119 682 170 ευεεοιι

129 279 194 328 σαν
217 254 308 351 αὐτῷ
332 255 508 344 τριάκοντα
532 255 684 348 άργῦρια.
726 259 780 326 καὶ
806 253 872 326 άπό
895 254 968 326 τότε
992 256 1095 346 ἐζήτει

130 356 315 446 εὐκαιρίαν,
333 365 389 430 ἵνα
407 357 510 429 αὐτὸν
528 363 667 453 παραδῷ
685 354 827 439 αῦτοῖς.”
862 353 880 428 ό
899 359 937 428 δὲ
956 362 1095 444 Μάρκος

102 457 205 530 ε”καὶ
220 457 346 542 Ἰούδας
369 459 388 531 ὁ
407 458 617 549 Ἰσκαριώτης
641 457 687 542 εἷς
705 465 773 531 τῶν
791 459 923 530 δώδεκα
940 456 1095 548 άπηλθεν

129 561 211 653 πρὸς
241 562 318 643 τοῦς
349 560 530 653 ἀρχιερεῖς,
565 568 621 632 ἵνα
656 554 759 633 αὐτόν
792 569 932 655 παραδῷ
967 560 1092 647 αὐτοῖς.
1111 591 1131 609 ·

128 669 178 734 28.
210 671 245 735 οί
268 666 305 735 δὲ
328 662 529 746 ἀκούσαντες
553 663 736 754 ἐχάρησαν,
768 666 823 734 καὶ
855 669 1120 752 ἐπηγγείλαντοι

129 764 219 861 αὐτῷ
243 763 405 855 ἀργύριον
430 770 563 836 δοῦναι·
606 768 661 836 καὶ
687 763 790 854 ἐζήτει
814 770 883 844 πῶς
908 761 1014 836 αῦτὸν
1039 765 1095 837 εῦ-

128 876 252 954 καίρως
266 864 434 960 παραδῷ.”
455 863 473 937 ό
488 869 525 937 δὲ
536 871 668 950 Λουκᾶς
681 867 803 957 γράφει
816 869 923 957 λέγων
933 862 1095 955 “είσηλθε

130 970 167 1039 δὲ
185 968 202 1038 ὁ
222 972 378 1050 Σατανᾶς
406 975 454 1050 είς
468 966 599 1039 Ἰούδαν
624 967 683 1040 τόν
707 967 970 1057 ἐπικαλούμενον
991 965 1095 1040 Ἰσκα-

128 1067 264 1161 ριιότην,
282 1066 363 1138 ὄντα
382 1073 417 1139 ἐκ
435 1073 493 1141 τοῦ
511 1067 660 1161 άριθμοῦ
676 1077 744 1141 τάν
761 1069 904 1156 δώδεκα,
923 1072 979 1139 καὶ
992 1067 1096 1142 άπελ-

128 1170 204 1241 θῦν
228 1170 434 1261 συνελάλησε
458 1187 526 1253 τοῖς
549 1169 741 1263 ἀρχιερεῦσι
772 1174 827 1241 καί
853 1178 1094 1261 γραμματεῦσι,
1109 1203 1132 1242 ιο

129 1274 184 1341 καί
211 1288 280 1353 τοῖς
303 1291 497 1362 στρατηγοῖς
522 1279 581 1345 τοῦ
600 1280 710 1365 ίεροῦ,
738 1280 795 1343 ἵνα
825 1270 930 1343 αῦτδν
955 1277 1097 1367 παραδῷ

128 1371 253 1463 αὐτοῖς,
272 1380 327 1446 καὶ
342 1375 524 1466 ἐχάρησαν,
548 1379 603 1446 καί
622 1379 806 1446 συνέθεντο
825 1372 915 1467 αὐτῷ
933 1373 1097 1462 ἀργύριον

129 1481 256 1548 δοῦναι.
293 1481 349 1547 καὶ
368 1477 470 1567 ἐζήτει
489 1474 664 1568 εῦκαιρίαν
685 1480 746 1547 τοῦ
763 1480 973 1562 παραδοῦναι
992 1473 1097 1547 αύτδν

128 1577 242 1659 αῦτυῑς
265 1576 343 1666 άτερ
367 1575 496 1668 ῦχλου.”
534 1586 586 1652 29.
605 1585 710 1651 ταῦτα
728 1577 770 1666 δὴ
789 1567 852 1648 οῦν
871 1574 954 1646 αῦτά
972 1588 1097 1648 θεσπί-

128 1687 228 1764 ζουσα
246 1674 360 1769 ἡμετά
379 1698 491 1769 χεῖρας
508 1680 690 1771 πρόρρησις
709 1682 853 1767 ἐπιλίχει
866 1677 945 1748 “nal
964 1687 993 1748 εί
1012 1687 1095 1750 είσε-
1110 1708 1135 1749 ιι

129 1779 287 1870 πορεύετο
309 1785 371 1852 τοῦ
394 1788 499 1869 ίδεῐν,
523 1781 631 1872 μάτην
655 1779 763 1851 ἐλάλει
787 1779 808 1869 ἡ
834 1787 956 1864 καρδία
979 1777 1096 1869 αύτοῦ,

60 1911 114 1963 (ιιι)
129 1880 319 1972 συνήγαγεν
336 1879 479 1971 άνομίαν
494 1886 611 1977 ἑαυτῷ.
636 1881 846 1970 ἐξεπορεύετο
861 1885 934 1969 ἔξω,
954 1885 1008 1950 καί
1023 1879 1095 1950 ἐλά·

130 1992 179 2052 λει
204 1987 258 2053 ἐπὶ
280 1984 316 2052 τὸ
341 1980 431 2054 αύτό.
477 1982 549 2053 κατ’
579 1987 659 2071 ἐμοῦ
688 1980 882 2071 ἐψιθύριζον
912 1981 1033 2063 πάντες
1063 1989 1097 2052 οί

130 2089 247 2173 ἐχθροί
262 2080 356 2171 μου.”
399 2089 449 2153 30.
477 2082 494 2154 ὁ
513 2088 596 2173 γοῦν
614 2083 796 2174 Σύμμαχος
810 2080 827 2104 “
840 2081 1093 2178 είσερχόμενοςῗ

129 2188 234 2274 φησὶν
246 2179 504 2276 “ἐπισκοπῆσαι,
528 2184 649 2276 μάταια
674 2185 783 2256 ἐλάλει
799 2181 821 2275 ἡ
840 2193 961 2274 καρδία
978 2185 1096 2275 αὐτοῦ,
1109 2214 1135 2256 ιο

129 2283 284 2375 ἥθροιζεν
307 2285 442 2358 άδικίαν
465 2291 582 2379 ἑαυτῇ·
620 2286 831 2378 ἐξερχόμενος
857 2288 895 2356 δὲ
918 2293 981 2370 ἔξω
999 2317 1097 2359 κατε·

129 2387 230 2460 λάλει.
266 2387 486 2479 ὁμοθυμαδὸν
505 2389 700 2477 ἐψιθύριζον
717 2388 789 2459 κατ’
819 2393 899 2478 ἐμοῦ
925 2386 1047 2471 πάντες
1064 2395 1099 2459 οί

129 2495 303 2578 μισοῦντές
320 2488 391 2582 με.”
432 2491 532 2582 μόνος
555 2494 618 2581 μὲν
635 2483 698 2562 οῦν
721 2490 765 2571 ὡς
788 2487 831 2560 άν
856 2487 1022 2579 γνοίριμος
1040 2493 1097 2561 καὶ
1142 2558 1145 2563 ,

129 2591 280 2681 μαθητὴς
304 2591 394 2681 παρά
419 2593 621 2664 διδάσκαλον
651 2592 766 2662 είσιόιν
796 2590 1008 2679 περιεσκόπει
1039 2594 1096 2661 καὶ

130 2693 401 2782 κατεμάνθανεν,
427 2700 526 2764 ἔνδον
545 2697 598 2764 ἐπὶ
621 2699 679 2780 τῆς
705 2696 826 2763 ἑαυτοῦ
850 2699 989 2780 καρδίας
1014 2690 1135 2778 κρῦ-ιε

100 2821 223 2865 ιπτων
246 2791 307 2882 τὴν
330 2793 520 2883 ἐπιβουλήν.
563 2801 614 2865 31.
640 2793 736 2877 ἐξιῦν
767 2795 804 2864 δὲ
827 2791 908 2884 μετά
931 2791 1097 2864 πλειόνων

131 2888 351 2983 όμοθυμαδόν
368 2899 423 2965 καὶ
442 2900 495 2967 ἐπὶ
514 2896 550 2967 τό
569 2893 648 2968 αῦτὸ
668 2893 856 2984 κατελάλει,
875 2912 944 2975 τοῖς
963 2899 1097 2985 ἐχθροῖς

131 2993 313 3082 προδιδούς
336 2994 394 3068 τόν
417 3003 549 3087 σωτῆρα
556 3053 566 3087 ,
591 3002 646 3068 καὶ
664 2996 925 3085 συνταττόμενος
941 3014 1011 3078 τοῖς
1029 3003 1099 3067 τῶν

128 3093 301 3168 Ἰουδαίων
322 3094 462 3189 άρχουσι
486 3099 675 3190 λεληθότως
699 3101 775 3190 περὶ
801 3101 942 3187 ἑτέρων,
970 3094 1011 3168 ού
1029 3095 1098 3187 μὴν

131 3196 215 3269 άλλά
238 3201 293 3269 καί
318 3203 394 3291 περὶ
419 3204 486 3271 τῶν
508 3200 701 3292 χρημάτων,
728 3197 782 3290 ἐφ’
810 3197 859 3281 οἷς
883 3197 1097 3291 παραδώσειν
1111 3226 1136 3266 το

196 3434 214 3480 3
230 3431 318 3485 Mare.
333 3435 374 3496 14,
390 3437 430 3485 10.
534 3439 549 3487 7
567 3437 635 3487 Luc.
649 3438 691 3499 22,
703 3438 728 3487 3.
