2326 3818
91 108 153 172 180
508 110 657 163 EUSEBII

92 252 141 339 δὲ,
155 247 205 320 ότι
222 249 268 339 μὴ
287 249 330 320 δι’
352 248 480 340 ἀπάτης
503 253 637 340 θέλγων
661 247 784 335 αότοός
809 254 865 323 καί
887 250 926 323 τά
949 259 1059 323 οίκεῖα

92 350 330 442 προϊσχόμενος
362 356 572 447 ίξφκειοῦτο,
597 355 766 448 ἐλευθέρῳ
791 355 827 424 δὲ
853 356 909 424 καί
934 350 1060 443 άληθεῑ

62 453 180 549 ιλόγφ
196 454 237 525 τά
262 452 501 545 συμβησόμενα
524 464 712 544 θεσπίζων,
736 453 798 543 τὴν
833 461 964 544 αἵρεσιν
998 460 1056 545 τῆς

92 554 165 627 κατ’
188 554 291 627 αὐτόν
308 564 475 640 πολιτείας
500 564 547 640 είς
566 552 686 638 αὐτοὺς
710 561 896 641 ε’νετίθετο;
921 561 1057 629 τοιαῦτα

93 661 129 730 δὲ
147 651 259 748 ἦνκαὶ
276 657 316 728 τά
335 660 412 745 περὶ
430 662 498 729 των
514 657 706 747 μελλόντων
731 658 786 729 διά
804 656 841 730 τό
867 656 973 747 ὄνομα
997 658 1083 730 ατί-ο

90 768 150 833 τοῦ
175 759 411 849 συμβήσεσθαι
434 756 565 848 αὐτοῖς,
591 764 628 830 ἐν
653 756 703 842 οἷς
721 762 893 849 προλέγων
918 760 1058 850 ἐμαρτύ·

91 890 171 950 ρατο
195 859 244 931 ότι
271 865 327 930 καὶ
352 863 405 930 ἐπὶ
429 859 607 950 ἡγεμονίας
636 859 859 950 άχθήσονται,
883 864 1057 952 καὶμέχρι

91 966 258 1051 βασιλέων
283 960 487 1050 φθάσουσιν,
513 965 569 1033 καὶ
588 971 746 1046 παντοίας
775 962 983 1053 ὑπομενοῦσι
1007 993 1058 1035 τι·

90 1071 229 1155 μωρίας,
250 1061 294 1132 δι’
316 1060 418 1135 οὐδὲν
434 1065 497 1154 μὲν
514 1068 665 1155 φαάλον,
685 1062 766 1137 οὐδὲ
792 1062 840 1136 δι’
868 1067 985 1154 ἑτέραν
1005 1064 1058 1137 εό-

89 1177 190 1256 λογου
215 1165 343 1255 αίτίαν,
369 1163 450 1236 αὐτὸ
476 1169 512 1237 δὲ
530 1171 627 1238 τοῦτο
644 1164 725 1237 ὅλον
745 1165 799 1238 διά
816 1164 853 1237 τό
872 1165 978 1257 ὄνομα
996 1167 1056 1239 αὐ·
1069 1193 1094 1230 1⁰

88 1273 157 1340 τοῦ.
189 1274 237 1339 ῖὸ.
250 1264 267 1338 ὃ
280 1270 335 1339 καὶ
347 1276 438 1339 ἔστιν
453 1277 500 1351 είς
520 1272 621 1355 δεῦρο
634 1273 850 1360 θεωρούντας
862 1268 1058 1360 ἐνεργούμε-

88 1401 149 1441 νου
168 1376 418 1459 καταπλαγῆναι
436 1369 497 1461 τὴν
517 1368 717 1460 πρόρρησιν·
744 1368 765 1459 ἡ
788 1368 853 1461 γάρ
875 1375 935 1441 τοῦ
949 1369 1059 1460 Ἰησοῦ

63 1470 249 1563 «ὀνόματος
266 1471 425 1563 ὁμολογία
442 1470 518 1556 τοός
536 1472 668 1562 θυμοὺς
682 1484 805 1545 εἴωθεν
821 1476 966 1543 ἐκκαίειν
990 1477 1059 1545 τοῖν

90 1573 271 1667 ἀρχόντων.
310 1580 359 1643 79.
387 1569 451 1645 κάν
468 1576 575 1665 μηδὲν
591 1572 655 1662 γάρ
673 1579 806 1662 φαῦλον
822 1565 845 1665 ἦ
867 1578 1058 1664 πεπραγμέ·

89 1706 151 1747 νον
167 1683 213 1768 τῷ
240 1673 299 1745 τόν
326 1674 471 1767 Χριστόν
494 1672 723 1765 ὁμολογοῦντι,
749 1675 946 1761 κολάζουσιν
967 1672 1058 1764 ὅμως
1072 1699 1096 1737 1⁵

87 1776 289 1866 αἰκιζόμενοι
309 1774 364 1846 διά
384 1778 420 1847 τὸ
438 1775 542 1866 όνομα
568 1774 690 1865 αὐτοῦ,
716 1777 760 1859 ὡς
783 1776 919 1848 πάντων
940 1774 1060 1849 άνοσι·

89 1884 223 1969 ουργῶν
251 1882 517 1970 χαλεπωτέρους·
556 1886 586 1948 εί
621 1875 655 1947 δ’
694 1877 883 1969 ἐξομόσαιτό
916 1907 965 1962 τις
996 1880 1060 1969 τὴν

89 1989 338 2071 προσηγορίαν,
362 1983 418 2049 καὶ
445 1976 611 2071 άρνηθείη
636 1979 681 2069 μὴ
706 1981 792 2052 εἶναι
818 1988 885 2051 τῶν
911 1986 1060 2071 Χριστοῦ

88 2086 266 2171 μαθητῶν,
287 2077 422 2169 ἀφεῖται
448 2087 648 2173 παραχρῆμα
678 2081 872 2173 ἐλεύθερος,
896 2076 960 2153 κάν
991 2114 1060 2174 μυ-

88 2192 173 2271 ρίοις
195 2190 308 2274 ἔνοχος
335 2179 510 2274 ἁλίσκηται
539 2183 824 2275 πλημμελήμασιν.
867 2190 918 2253 80.
943 2188 1000 2255 καὶ
1025 2194 1097 2257 τίλθ

88 2316 129 2375 με
150 2284 211 2377 χρὴ
229 2294 334 2377 μυρία
350 2302 555 2377 συναγαγεῖν
572 2286 608 2357 τό
621 2290 691 2358 των
703 2284 898 2358 ἀποστόλων
916 2289 976 2357 τοῦ
993 2310 1059 2359 σω-

88 2393 186 2481 τῆρος
213 2385 309 2481 ἡμῶν
336 2388 538 2481 διαγράφειν
559 2381 643 2479 ἦθος
667 2387 892 2480 πειρώμενον,
912 2383 1060 2477 άρκοόν-

84 2522 155 2565 των
173 2497 228 2563 καὶ
247 2498 315 2564 τῶν
330 2494 515 2582 είρημένων
536 2498 584 2573 είς
604 2489 776 2574 ἀπόδειξιν
795 2494 857 2562 του
884 2494 1059 2580 προκειμέ-

59 2624 167 2679 ονου,
195 2591 244 2676 οἷς
272 2602 319 2664 ἔτι
344 2598 448 2663 ταῦτα
475 2594 637 2679 προσθεὶς
662 2595 716 2663 ἐπὶ
740 2590 777 2663 τό
800 2596 916 2681 ἕτερον
938 2609 1058 2681 στῖφος

88 2704 155 2766 τῶν
174 2702 396 2784 συκοφαντῶν
421 2691 656 2783 μεταβήσομαι.
1070 2711 1097 2753 2⁶

166 2802 216 2865 ⁸1.
245 2805 424 2877 Ματθαίος
441 2790 623 2877 άπόστολος
640 2794 698 2865 τὸν
716 2793 878 2885 πρότερον
901 2802 979 2884 βίον
995 2793 1058 2867 οὐκ

89 2896 154 2967 όιπό
172 2900 295 2987 σεμνῆς
314 2902 486 2988 διατριβῆς
505 2892 655 2989 ὁρμᾶτο,
675 2901 711 2968 ἐκ
735 2898 772 2968 δὲ
797 2926 866 2968 των
889 2926 975 2987 αμφι
998 2925 1058 2977 τας

89 3007 266 3080 τελωνείας
293 3003 350 3070 καὶ
374 3007 566 3083 πλεονεξίας
596 2997 831 3090 σχολαζόντων.
879 3003 975 3071 τοῦτο
999 2994 1060 3069 αό-

92 3104 160 3185 δεὶς
194 3108 263 3173 τῶν
287 3100 532 3205 εόαγγελιστόν
564 3100 749 3191 ἐδήλωσεν,
774 3096 879 3191 οάχό
911 3098 1058 3171 συναπό·

90 3214 203 3286 στολος
222 3201 326 3274 αὐτοῦ
339 3202 513 3293 Ἰωάννης,
532 3199 612 3275 οὐδὲ
629 3208 779 3295 Λουκᾶς,
797 3199 878 3275 οὐδὲ
902 3199 1056 3293 Μάρκος,
1069 3219 1097 3263 ³0

92 3352 190 3362 ---...
195 3357 199 3361 .
204 3354 293 3363 —-

158 3441 191 3487 30
208 3453 234 3488 v.
249 3439 316 3487 Luc.
329 3440 353 3502 5,
367 3441 409 3489 27.
444 3439 529 3488 Mare.
544 3441 569 3503 ἱ),
585 3441 624 3488 14.
