2326 3818
139 122 204 186 320
551 122 720 172 ουεοοα

141 263 320 349 φέρουσαν.
360 259 485 330 διὸκαὶ
504 269 627 350 σοφίαν
648 255 754 348 αὐτήν
777 261 832 328 καὶ
850 262 936 329 θεοῦ
960 256 1070 347 λόγον
1087 264 1121 331 οί

142 375 231 432 θεῖοι
250 364 390 451 χρησμοὶ
408 360 725 452 προσαγορεύουσιν.

113 491 127 529 ο
219 477 265 537 VI.
281 459 424 533 “”Ακουέ
434 492 499 552 μου
512 462 629 551 Ἰαιιῶβ
643 464 698 531 καὶ
711 457 852 551 Ἰσραήλ,
870 454 910 529 ἀν
924 457 992 548 έγῶ
1012 464 1114 533 καλῶ.

143 564 209 651 ἐγῶ
227 573 293 654 είμι
311 569 455 655 πρῶτος,
481 567 535 634 καὶ
555 562 620 653 ἐγῶ
638 571 705 652 είμι
724 569 770 643 είς
788 560 847 632 τὸν
864 565 991 649 αίῶνα,
1019 559 1115 653 καλή

29 684 42 692 “
72 694 127 745 (231)
142 674 213 756 χείρ
231 695 296 755 μου
315 671 519 756 ἐθεμελίωσε
536 666 597 754 τήν
615 672 695 754 γῆν,
714 658 808 750 καλή
830 660 920 745 δεξιά
937 690 1006 750 μου
1028 667 1137 735 ἐστε-ι

142 771 246 857 ρέωσε
263 765 322 837 τὸν
339 764 494 857 οὐρανόν.
537 769 666 836 καλέσω
690 760 829 850 αῶτοῶς,
853 765 909 832 καὶ
933 762 1114 851 στήσονται

141 868 227 958 ἅμα,
246 872 301 936 καὶ
320 866 589 956 συναχθήσονται
608 865 745 953 πάντες,
765 868 820 935 καὶ
842 862 1049 935 ἀκούσονται
1067 874 1114 949 τίς

142 966 256 1048 αὐτοῖς
274 965 451 1056 ἀνήγγειλε
468 972 580 1039 ταῦτα.
624 967 737 1059 κύριος
755 964 894 1056 ἀγαπῶν
918 986 956 1035 σε
976 970 1114 1056 ἐποίησε

141 1070 178 1137 τὸ
195 1067 326 1156 θέλημά
342 1092 405 1140 σου
424 1072 478 1139 ἐπὶ
491 1074 691 1159 Βαβυλῶνα,
709 1075 769 1139 τοῦ
787 1059 864 1157 ἀραι
882 1069 1115 1157 σπέρμαΧαλ-

144 1175 256 1239 δαίων,
291 1169 355 1258 έγῶ
371 1170 513 1259 ἐλάλησα
527 1175 583 1242 καὶ
597 1169 660 1260 έγῶ
676 1169 823 1241 ἐκάλεσα.
851 1166 980 1256 ήγαγον
993 1165 1112 1259 αῶτάν,
1125 1197 1145 1237 ιο

143 1272 197 1338 καὶ
217 1267 377 1342 εάῶθωσα
395 1270 457 1360 τήν
474 1271 555 1343 ὁδὸν
569 1269 682 1343 αὐτοῦ.
716 1270 944 1361 προσαγάγετε
958 1269 1044 1359 πρός
1059 1298 1111 1360 με,

142 1374 197 1441 καὶ
215 1371 380 1443 ἀκούσατε
397 1381 511 1444 ταῦτα.
548 1370 609 1444 οὐκ
627 1369 685 1442 ἀπ’
706 1368 808 1461 ἀρχῆς
827 1376 864 1440 έν
881 1375 998 1461 κρυφῇ
1018 1369 1112 1443 λελά-

142 1484 234 1562 ληκα.
277 1470 377 1562 ήνίκα
403 1479 550 1564 ἐγένετο,
580 1478 650 1545 ἐκεῖ
670 1471 768 1562 ήμην.
818 1474 872 1541 καὶ
903 1476 971 1541 νῦν
995 1471 1111 1564 κύριος

141 1574 255 1665 κάρτος
274 1573 460 1647 ἀπέσταλκέ
475 1605 533 1667 με,
552 1579 608 1646 καὶ
625 1573 662 1645 τὸ
680 1581 812 1662 πνεῦμα
830 1569 966 1642 αὐτοῠ.”

112 1708 125 1746 ο
218 1682 247 1746 2.
265 1673 347 1762 Ὅρα
373 1674 414 1766 δή
439 1681 495 1747 καὶ
518 1682 583 1750 νῦν
605 1683 680 1746 τίνα
703 1673 827 1763 τρόπον
850 1669 868 1743 ὁ
892 1671 1003 1761 φήσας
1022 1670 1144 1763 “ἐγωίι

143 1773 244 1864 είμιὸ
268 1783 413 1867 πρῶτος,
438 1780 493 1848 καὶ
520 1777 584 1865 ἐγῶ
608 1784 674 1866 είμι
700 1784 747 1857 είς
765 1773 824 1845 τὸν
842 1771 985 1862 αίῶνα,”
1011 1773 1111 1865 ὁτήν

141 1883 206 1965 γήν
223 1882 279 1947 καὶ
301 1877 360 1948 τὸν
378 1877 524 1968 οὐρανὸν
543 1876 809 1967 συστησάμενος,
835 1880 985 1966 ἐναργῶς
1003 1874 1111 1959 οὕτως

141 1975 350 2049 ἀπεστάλθαι
373 1977 529 2067 ὁμολογεῖ
547 1973 613 2048 ὑπὸ
637 1985 757 2068 κυρίου
780 1984 917 2067 κυρίου,
945 1972 1036 2047 οὕτω
1054 1977 1113 2049 τὸν

141 2080 266 2166 πατέρα
285 2076 443 2167 συνήθως
463 2082 513 2160 δὶς
531 2077 648 2169 κύριον
662 2077 890 2168 ἀναγορεύων,
909 2073 953 2158 ῶς
967 2073 1011 2149 ἀν
1026 2087 1113 2169 ἔχοις

142 2181 197 2247 καὶ
214 2178 340 2268 ταύτην
363 2179 611 2271 ἀναμφίλεκτον
632 2188 693 2251 ’τοῦ
718 2184 918 2269 ζητουμένου
941 2177 1005 2267 τήν
1028 2208 1147 2271 μαρω

141 2287 270 2369 τυρίαν.
314 2288 344 2352 3.
363 2290 495 2373 πρῶτον
520 2284 556 2352 δέ
575 2279 678 2353 αὐτὸν
703 2281 747 2362 ῶς
767 2286 803 2351 ἐν
825 2297 998 2371 γεννητοῖς
1018 2279 1113 2352 εὐσεὲ

141 2387 209 2470 βῶς
228 2383 314 2455 εἶναι
333 2389 440 2474 λέγει,
459 2383 521 2473 τήν
539 2382 685 2475 άναρχον
703 2386 759 2453 καὶ
777 2382 961 2472 ἀγέννητον
974 2385 1031 2452 καὶ
1049 2381 1114 2474 τήν

140 2485 225 2576 ὑπὲρ
243 2486 280 2557 τὸ
298 2493 431 2577 πρῶτον
449 2483 570 2556 οὐσίαν
588 2483 765 2574 ἀπονέμων
782 2492 828 2577 τῷ
847 2491 955 2574 πατρί.
989 2482 1027 2554 τὸ
1045 2485 1112 2576 γάρ

140 2616 191 2657 τοι
209 2592 341 2675 πρῶτον
358 2585 507 2676 ἀριθμου
525 2594 679 2668 πλείονος
692 2585 837 2675 ήγεῑται,
855 2592 933 2675 τιμή
947 2588 1004 2655 καὶ
1021 2583 1113 2669 τάξει

141 2691 420 2777 προτεταγμένον·
454 2686 535 2778 ὅπερ
563 2686 624 2757 οὐκ
647 2685 689 2759 ἀν
708 2689 761 2757 ἐπὶ
784 2685 844 2757 τοι)
868 2685 991 2777 πατρὸς
1009 2684 1111 2777 ἀρμό·
1125 2713 1149 2755 ει

141 2809 240 2856 σειεν.
277 2793 306 2857 4.
326 2787 366 2858 οὐ
385 2788 447 2877 γάρ
467 2787 508 2877 δή
527 2793 697 2878 γεννητῶν
716 2793 845 2878 πρῶτος
863 2785 881 2859 ὃ
901 2791 954 2858 ἐπὶ
972 2786 1112 2859 πάντων

72 2916 127 2968 [ιιι]
141 2885 239 2975 θεὸς,
260 2891 330 2958 ἐπεὶ
348 2887 428 2978 μηδ’
448 2885 532 2980 ἀρχή
550 2921 599 2973 τις
614 2895 793 2962 ἐπινοεῖται
811 2887 930 2960 αὐτοῦ·
957 2891 1111 2960 ἐπέκεινα

117 3031 127 3057 ε
144 2983 174 3057 δ’
196 2985 238 3059 ἀν
257 3001 307 3079 είη
326 2995 381 3060 καὶ
399 2988 556 3062 ἀνωτάτω
570 2998 629 3062 τοῦ
643 2990 787 3082 πρῶτον,
807 2989 864 3061 ἀτε
880 2990 921 3080 δή
937 2988 1033 3071 αάτὸς
1050 2991 1108 3058 καὶ

141 3089 176 3158 τὸ
196 3095 327 3179 πρῶτον
345 3091 510 3181 γεννήσας
534 3096 589 3163 καλ
612 3093 902 3183 ὑποστησάμενος,
926 3090 1031 3182 μόνον
1049 3095 1109 3162 τοῦ

140 3200 240 3263 θείου
259 3192 359 3282 λόγου
378 3192 512 3266 πάντων
530 3201 598 3266 τῶν
614 3201 786 3284 γεννητῶν
804 3193 938 3285 πρῶτον
951 3200 1107 3286 χρηματί·
1121 3218 1148 3259 οο
