2326 3818
139 111 202 175 324
546 112 695 163 ευεειια

139 250 223 338 λαδή
248 247 306 319 τόν
332 249 435 320 αὑτοῦ
453 254 579 341 πατέρα
610 254 666 320 καὶ
684 249 823 341 ποιητήν
840 259 900 321 τοῦ
917 252 1057 336 παντός.
1097 255 1119 327 ὅ

138 380 176 438 γε
189 348 422 441 μήνἈβραάμ,
436 349 490 421 οἷα
504 350 675 442 προφήτης
689 351 874 441 κατάληψιν
885 361 970 442 έχων
984 350 1117 447 ἀκριβῆ

139 457 198 522 τοῦ
216 462 485 543 χρηματίζοντος,
505 457 579 541 έξής
597 470 665 533 τοῖς
683 467 915 542 προεκτεθεῖσι
932 462 1116 529 ποτνιάται

25 554 30 565 '
138 557 245 643 λε’γων
263 553 330 643 “μή
354 560 585 646 συναπολέσης
609 561 739 625 δίκαιον
762 553 834 644 μετ’
860 553 1024 645 ἀσεβοῦς,
1053 562 1114 631 καὶ

139 664 230 726 ἔσται
252 655 269 725 ὃ
294 663 423 737 δίκαιος
448 654 491 737 ὥς
515 655 532 725 ὁ
557 653 688 745 ἀσεβής.
739 657 797 726 έάν
820 647 881 725 οἶσι
899 657 1137 746 πεντήκοντατ

139 764 262 828 δίκαιοι
286 761 323 827 έν
345 764 385 845 τῇ
409 755 520 844 πόλει,
552 753 686 839 ἀπολεῖς
708 755 845 843 αὐτοός;
876 756 939 828 οὐκ
969 757 1114 849 ἀνήσεις

139 858 246 928 πάντα
270 855 328 926 τόν
351 856 469 943 τόπον,
496 860 609 928 ἕνεκεν
633 863 701 927 τῶν
723 858 929 948 πεντήκοντα
949 866 1112 951 δικαίων;

114 961 297 1048 ομηδαμιός
316 956 358 1025 σὺ
383 957 533 1045 ποιήσεις
557 957 592 1028 τὸ
614 962 703 1049 ῥῆμα
720 965 816 1031 τοῦτο
840 967 899 1031 τοῦ
913 957 1114 1035 ἀποκτείναι

140 1067 270 1128 δίκαιον
287 1054 368 1146 μετά
386 1057 529 1147 ἀσεβοῦς
540 1075 556 1148 ,Α
567 1062 622 1129 καὶ
642 1068 732 1130 ἔσται
749 1059 768 1131 ὁ
787 1068 914 1142 δίκαιος
932 1060 978 1145 ὡς
995 1061 1013 1133 ὁ
1032 1061 1112 1137 ἀσε-

139 1157 209 1246 βής.
245 1163 404 1248 μηδαμως
422 1155 439 1229 ὁ
457 1168 584 1250 κρίνων
602 1165 713 1232 πᾶσαν
729 1161 791 1250 τήν
807 1167 884 1252 γῆν,
902 1161 943 1232 οὐ
958 1163 1111 1253 ποιήσεις
1124 1198 1148 1238 ιο

138 1257 282 1348 κρίσιν.”

213 1367 242 1431 6.
264 1358 428 1451 Ἀγγέλοις
454 1365 495 1452 δή
520 1361 662 1450 φάσκειν
679 1366 802 1451 ταῦτα,
826 1360 847 1451 ή
871 1393 938 1434 τινι
960 1369 1031 1436 των
1048 1370 1112 1437 τοῦ

137 1467 221 1533 θεοῦ
244 1467 465 1552 λειτουργῶν,
491 1460 553 1553 οὐχ
577 1462 720 1553 ήγοῦμαι
747 1467 904 1552 λέγεσθαι
935 1463 1109 1554 ἁρμόζειν·

138 1562 218 1634 οὐδὲ
236 1562 298 1653 γάρ
316 1568 376 1634 τού
393 1563 550 1653 τυχόντος
574 1560 616 1635 ἀν
640 1577 692 1655 είη
710 1563 746 1634 τό
765 1573 893 1654 κρίνειν
915 1569 1029 1637 πᾶσαν
1045 1568 1110 1657 τήν

136 1672 210 1752 γῆν.
253 1661 326 1733 ἀλλ’
355 1661 428 1734 οὐδ’
450 1663 623 1753 ἀγγελοςὸ
649 1669 854 1754 προγραφεὶς
872 1663 1108 1759 ἀνηγόρευται,
1122 1699 1146 1740 ιο

138 1771 297 1853 κρείττων
312 1767 351 1834 δέ
362 1795 410 1848 τις
424 1764 566 1855 ἀγγέλου
580 1763 660 1846 θεός
674 1769 729 1836 καὶ
743 1766 856 1855 κύριος
871 1766 953 1858 πρὸς
966 1776 1007 1856 τῇ
1026 1765 1109 1840 ἀνα-

136 1870 348 1956 γεγραμμένη
368 1873 448 1956 δρυλ·
464 1866 545 1955 μετὰ
562 1870 630 1936 τοῖν
644 1873 742 1937 δυοῖν
754 1871 907 1956 ἀγγέλων
921 1873 957 1938 ἐν
972 1864 1109 1961 ἀνθρω-

138 1995 202 2036 που
221 1965 362 2054 σχήματι
379 1962 502 2053 όραθεί
520 2023 526 2036 .
572 1972 599 2038 7.
619 1965 721 2037 πάλιν
738 1997 776 2056 γε
794 1966 861 2057 μήν
877 1965 958 2039 οὐδὲ
975 1970 1035 2040 τὸν
1054 1974 1110 2043 ἐπὶ

110 2108 120 2134 c
139 2065 276 2137 πάντων
293 2066 376 2136 θεὸν
393 2064 534 2155 ήγητέον
553 2066 608 2136 διὰ
625 2067 754 2139 τούτων
772 2073 967 2158 δηλοῦσθαι.
1005 2099 1110 2160 μετα-

137 2166 274 2254 βάλλειν
297 2167 359 2255 γάρ
383 2166 487 2257 φάναι
510 2167 547 2238 τὸ
566 2181 680 2255 θεῖον,
704 2173 760 2239 καὶ
783 2180 1042 2259 σχηματίζεσθαι
1060 2181 1149 2256 είςεο

137 2266 261 2357 ἀνδρὸς
287 2268 375 2350 εἶδος
397 2272 453 2339 καὶ
476 2269 610 2359 μορφήν
633 2268 695 2339 οὐκ
720 2269 846 2359 εὐαγές.
888 2279 1038 2343 λείπεται
1063 2274 1109 2363 δή

138 2367 241 2439 αὐτόν
259 2369 345 2440 εἶναι
363 2369 421 2441 τόν
438 2376 497 2441 τοῦ
514 2374 599 2442 θεον
615 2370 717 2459 λόγον
732 2369 790 2441 τόν
805 2371 860 2441 διά
870 2377 937 2442 τοῖν
954 2372 1110 2464 πρόσθεν

138 2475 421 2561 τεθεολογημένου
438 2469 627 2561 ὁμολογεῖν·
655 2469 739 2543 ὅθεν
753 2476 852 2542 εἰσέτι
866 2475 921 2542 καὶ
939 2477 1003 2545 νῦν
1017 2475 1111 2562 παρά

138 2591 206 2652 τοῖς
224 2572 465 2661 πλησιοχώροις
483 2568 527 2652 ἀς
545 2569 587 2642 ἀν
605 2585 699 2655 θεῖος
716 2571 734 2642 ὁ
752 2572 852 2655 τόπος
866 2581 913 2656 είς
922 2573 1022 2664 τιμήν
1038 2579 1109 2647 των

139 2671 260 2743 αὐτόθι
290 2679 336 2763 τῷ
355 2671 504 2761 Ἀβραὰμ
536 2675 767 2761 ἐπιφανέντων
787 2674 1027 2765 θρησκεόεται,
1049 2678 1108 2747 καὶ
1121 2706 1148 2747 ετ

137 2779 320 2858 θεωρείταί
333 2801 371 2860 γε
390 2780 436 2853 είς
456 2779 556 2863 δεῦρο
576 2776 780 2863 διαμένουσα
796 2774 817 2863 ή
835 2780 1039 2864 τερέβινθος.
1075 2781 1107 2849 8.

139 2879 174 2942 οί
186 2870 250 2962 γάρ
268 2877 313 2967 τῷ
327 2870 476 2964 Ἀβραάμ
495 2878 770 2964 ε’πιξενωθέντες,
796 2879 852 2946 ἐπὶ
874 2881 1005 2967 γραφῆς
1022 2875 1109 2947 ἀνα-

139 2981 304 3063 κείμενοι,
324 2973 386 3046 δόο
403 2976 465 3064 μὲν
484 2978 712 3067 ἑκατέρωθεν,
738 2981 837 3065 μέσος
857 2977 894 3047 δὲ
911 2973 929 3048 ὁ
947 2983 1108 3066 κρείττων

137 3073 311 3165 ὑπερέχων
334 3084 375 3167 τῇ
398 3081 484 3168 τιμή.
529 3088 579 3165 είη
607 3073 642 3146 δ’
668 3072 712 3148 ἀν
734 3075 752 3146 ὃ
778 3081 1006 3168 δεδηλωμένος
1022 3070 1107 3165 ἡμῖν

111 3175 253 3267 οκόριος
273 3174 390 3265 αὐτὸς,
415 3173 432 3247 ὁ
452 3173 609 3268 ἡμέτερος
627 3176 754 3268 σωτήρ,
778 3173 818 3248 δν
836 3181 891 3248 καὶ
909 3184 945 3248 oc
959 3177 1107 3268 ἀγνῶτες
1121 3210 1148 3252 εο

290 3328 341 3337 —u-

208 3409 225 3456 4
242 3408 310 3459 Gen.
325 3409 364 3472 18,
380 3411 419 3458 93.
