2326 3818
315 110 502 164 υυΜοΝεν.
520 112 653 164 ενεαα.
671 114 705 164 v.
719 115 743 162 ε.
757 116 783 164 3.
970 112 1034 176 305

65 251 320 339 προδηλωθίυτι
338 253 473 344 Χριστῷ
488 251 543 320 καλ
562 258 696 337 βασιλεῖ
717 252 774 319 καὶ
791 258 862 344 θεῷ
880 280 1032 341 νυμφευ-

65 360 203 440 θείσης,
222 348 340 440 κύριόν
357 379 393 421 τε
410 346 513 421 αὐτὸν
530 349 815 441 άναγορενούσης,
842 355 896 421 ἐπὶ
921 352 982 441 τὴν
1001 357 1033 436 ἐξ

67 458 178 524 ἐθνῶν
198 455 394 540 ἐκκλησίαν,
413 451 475 540 την
492 450 650 546 πατρῴαν
667 455 723 522 καλ
737 452 934 542 δαιμονικὴν
953 453 1060 524 ἀπο-ο

64 569 271 646 στραφεῖσαν
283 551 426 647 πλάνην,
441 555 681 643 καθηραμένην
695 582 730 623 τε
744 556 799 622 καὶ
815 560 855 642 τῇ
868 558 927 623 τοῦ
935 563 1033 626 θείου

37 683 50 723 5
65 654 166 744 λόγου
184 661 343 746 κοινωνία
360 658 683 744 καθαρμοσαμένην,
704 650 897 744 άναφὲροιτ’
918 651 960 723 άν
977 659 1034 745 της

64 755 295 847 προσηκούσης
312 754 519 845 τυγχάνοντα
537 754 620 825 κατά
638 754 761 846 σχολην
780 758 964 845 ἑρμηνείας.

140 857 191 925 ΙΙΙ.
205 853 336 930 ’Ἓίπευ
353 855 497 947 ὁκύριος
514 861 559 950 τῷ
578 865 684 950 κυρίῳ
699 887 776 947 μου,
795 855 905 927 κάθου
924 862 959 926 ἐκ
979 864 1030 927 δε·
1045 887 1059 927 d

63 961 143 1042 ξιῶν
166 988 248 1049 μου,
272 961 334 1038 ἕως
357 952 400 1028 άν
423 962 478 1028 θεῖ
500 957 578 1040 τοῦς
604 957 745 1048 ἐχθρούς
768 981 830 1028 σου
847 956 1034 1028 ὑποπόδιον

63 1063 131 1130 τιῦν
153 1062 268 1130 ποδῶν
293 1079 363 1129 σου.
402 1057 530 1149 ῥάβδον
556 1058 730 1147 δυνάμεως
755 1063 965 1142 ἐξαποστελεῑ
982 1085 1034 1130 σοι

24 1189 50 1228 ιο
64 1159 177 1249 κύριος
203 1166 239 1230 ἐκ
263 1159 373 1248 Σιὼν,
406 1162 461 1229 καὶ
493 1158 766 1249 κατακυριεύσας
792 1165 827 1230 ἐν
852 1163 942 1255 μέσῳ
965 1165 1034 1231 τῶν

63 1266 198 1352 ἐχθρῶν
215 1283 287 1330 σου.
331 1257 413 1350 μετά
437 1267 499 1330 σοῦ
525 1257 647 1351 ἡάρχὴ
667 1264 704 1332 ἐν
721 1260 827 1353 ἡμέρᾳ
851 1269 908 1350 τῆς
929 1262 1034 1332 δυνά-

61 1363 149 1452 μεάς
175 1386 255 1450 σου,
283 1366 319 1431 ἐν
342 1380 414 1443 ταῖς
442 1361 649 1451 λαμπρότησι
673 1367 741 1433 τῶν
764 1358 870 1449 άγίων
888 1385 960 1433 σου.
998 1367 1033 1432 ἐκ

62 1462 203 1556 γαστρὸς
221 1460 285 1554 πρὸ
306 1461 480 1552 ἑωσφόρον
497 1461 683 1552 γεγέννηκά
701 1484 747 1533 σε,
793 1461 901 1551 ὤμοσε
919 1463 1033 1548 κύριος

63 1568 119 1636 καλ
143 1564 183 1635 ού
207 1563 533 1654 μεταμεληθήσεται,
565 1562 607 1634 σῦ
633 1562 744 1654 ίερεῦς
770 1572 816 1646 είς
843 1562 902 1634 τόν
926 1571 1033 1634 αίῦνα

23 1693 49 1734 ιε
64 1666 147 1737 κατὰ
164 1663 225 1756 την
242 1665 336 1749 τάξιν
354 1663 597 1755 Μελχισεδέκ.”

139 1773 169 1838 2.
188 1766 313 1858 Κύριος
333 1772 369 1836 ἐκ
388 1770 507 1849 δεξιῶν
524 1788 596 1838 σου.
621 1765 679 1837 τδν
695 1771 827 1856 σωτῆρα
841 1769 896 1836 καὶ
914 1765 1033 1856 κύριον

61 1867 175 1991 ἡμῶν,
200 1866 259 1939 τόν
285 1867 496 1960 πρωτότοκον
519 1866 627 1955 πάσης
651 1876 788 1948 κτίσεως
811 1875 895 1938 θεοῦ
920 1867 1032 1956 λόγον,

61 1968 123 2059 την
146 1969 255 2058 πρδα
234 1973 355 2050 αίῶνος
380 1978 520 2059 σοφίαν,
551 1969 614 2058 τὴν
637 1965 743 2059 άρχην
766 1973 834 2039 τῶν
857 1967 949 2039 δδων
972 1976 1032 2038 τοῦ

61 2078 162 2158 θεοῦ,
181 2070 218 2141 τὸ
236 2069 446 2162 πρωτότοκον
463 2073 518 2140 καὶ
536 2073 713 2194 μονογενὲς
737 2075 796 2141 τοῦ
815 2067 936 2159 πατρὸς
954 2074 1032 2159 γεὐ-
1047 2101 1099 2151 (ειη

24 2201 49 2241 εο
61 2202 162 2299 ηημα,
181 2169 240 2242 τόν
257 2202 297 2263 τη
310 2176 525 2261 τοῦΧριστοῦ
542 2201 729 2261 τιμωμενον
741 2179 959 2263 προσηγορία,
978 2175 1033 2241 καὶ

61 2271 216 2366 ὁπαρύν
238 2271 374 2362 Ψαλμδς
397 2272 514 2362 κύριον
532 2271 710 2360 ἀποκαλεῖ,
738 2272 907 2342 διδάσκων
931 2270 1033 2342 αῦτόν

63 2377 149 2446 εἶναι
168 2373 362 2465 σύνθρονον
378 2373 462 2463 ὁμοῦ
480 2376 536 2443 καὶ
554 2373 631 2444 υίὸν
648 2378 709 2444 τοῦ
723 2376 774 2445 ε’πλ
795 2372 931 2443 πάντων
948 2378 1034 2443 θεοῦ

61 2505 98 2545 τε
117 2480 172 2546 καὶ
186 2483 306 2568 κυρίου
319 2480 387 2546 τῶν
400 2472 500 2563 ὅλων,
520 2473 658 2545 αἰώνιόν
669 2505 704 2545 τε
721 2474 916 2563 τοῦπατρὸς
933 2476 1031 2563 ἱερέα.

63 2582 91 2648 3.
113 2582 244 2669 πρῶτον
264 2576 305 2665 δὴ
323 2569 386 2647 οῦν
406 2580 585 2665 ἐπίστησον
603 2575 647 2657 ὡς
673 2575 739 2666 ἤδη
756 2580 855 2646 τοῦτο
875 2573 1033 2664 δεύτερον

23 2705 49 2745 25
61 2679 211 2768 γέννημα
224 2682 310 2750 θεοῦ
323 2676 596 2770 προσηγόρευται.
622 2681 678 2748 καὶ
697 2680 770 2748 ἐπεὶ
783 2681 868 2748 θεοῦ
881 2705 918 2766 γε
932 2676 1033 2746 πνεύ-

62 2809 139 2868 ματι
164 2778 205 2850 τά
226 2784 284 2870 τῆς
303 2787 505 2871 προφητείας
531 2775 611 2870 ἡμῖν
631 2783 786 2873 είρησθαι
804 2788 1032 2865 πεπίστευται,

61 2877 124 2970 ὅρα
151 2888 183 2950 εί
203 2880 250 3001 μη
272 2880 353 2951 αὐτὸ
378 2879 419 2970 δὴ
437 2881 473 2951 τὸ
493 2885 530 2951 ἐν
547 2885 593 2975 τῷ
601 2880 765 3006 προφήτη
785 2889 927 3003 πηεῦμα
934 2878 1030 2968 άγιον
1046 2910 1098 2962 [1301

62 2984 184 3053 εαυτοῦ
206 2981 324 3113 ηύριον
350 2982 507 3072 δεύτερον
532 2980 613 3071 μετά
636 2982 696 3053 τὸν
712 2987 780 3053 τῶν
803 2978 891 3053 ὅλων
909 2979 1032 3071 άναγο-
1046 3014 1059 3053 b

62 3081 161 3174 ρεύει.
206 3083 303 3154 “είπε
327 3083 391 3174 γάρ
415 3082 588 3174 (φησλυ)’
574 3115 592 3154 ο
616 3082 731 3175 κύριος
760 3113 806 3178 τφ
829 3090 935 3176 κυρίω
942 3113 1030 3206 μορ,

22 3183 172 3255 εοκάθου
198 3192 235 3256 ἐκ
262 3189 381 3268 δεξιων
404 3183 490 3275 μου.’
545 3184 604 3256 τδυ
621 3193 753 3277 πρῶτον
772 3183 907 3276 κύριον,
928 3182 972 3264 ὡς
990 3178 1033 3253 άν

60 3285 210 3357 καθόλου
233 3315 301 3357 των
324 3285 483 3357 ἁπάντων
509 3284 690 3376 δεσπότην,
712 3283 858 3377 Εβραίοι
882 3281 1032 3373 άνεκφω-

59 3386 149 3481 υήτφ
181 3386 364 3478 προσρήσει
395 3394 435 3478 τῇ
469 3387 524 3458 διά
554 3394 622 3459 τῶν
654 3387 827 3480 τεσσάρων
858 3394 1032 3478 στοιχείων

110 3517 251 3553 meamus
271 3519 317 3554 111.
815 3501 863 3564 (ὶῦ
