<?xml version="1.0" encoding="UTF-8"?>
<!DOCTYPE html PUBLIC "-//W3C//DTD XHTML 1.0 Transitional//EN"
    "http://www.w3.org/TR/xhtml1/DTD/xhtml1-transitional.dtd">
<html xmlns="http://www.w3.org/1999/xhtml" xml:lang="en" lang="en">
 <head>
  <title>
</title>
<meta http-equiv="Content-Type" content="text/html;charset=utf-8" />
  <meta name='ocr-system' content='tesseract 3.04.00' />
  <meta name='ocr-capabilities' content='ocr_page ocr_carea ocr_par ocr_line ocrx_word'/>
</head>
<body>
  <div class='ocr_page' id='page_1' title='image "./eusebiicaesarie01dindgoog/eusebiicaesarie01dindgoog_0424.png"; bbox 0 0 2326 3818; ppageno 0'>
   <div class='ocr_carea' id='block_1_1' title="bbox 305 93 1056 184">
    <p class='ocr_par' dir='ltr' id='par_1_1' title="bbox 305 93 1056 184">
     <span class='ocr_line' id='line_1_1' title="bbox 305 93 1056 184; baseline 0.007 -12"><span class='ocrx_word' id='word_1_1' title='bbox 305 121 490 174; x_wconf 78' lang='lat' dir='ltr'><strong>DEMONST.</strong></span> <span class='ocrx_word' id='word_1_2' title='bbox 508 118 642 172; x_wconf 74' lang='grc' dir='ltr'><strong><em>ανλαο.</em></strong></span> <span class='ocrx_word' id='word_1_3' title='bbox 656 123 703 174; x_wconf 82' lang='lat' dir='ltr'><strong><em>VI.</em></strong></span> <span class='ocrx_word' id='word_1_4' title='bbox 718 124 743 174; x_wconf 81' lang='grc' dir='ltr'><strong><em>ν.</em></strong></span> <span class='ocrx_word' id='word_1_5' title='bbox 763 125 787 172; x_wconf 82' lang='lat'><strong><em>3.</em></strong></span> <span class='ocrx_word' id='word_1_6' title='bbox 973 120 1036 184; x_wconf 83' lang='lat'><strong><em>355</em></strong></span> <span class='ocrx_word' id='word_1_7' title='bbox 1053 93 1056 98; x_wconf 64' lang='grc'>’</span> 
     </span>
    </p>
   </div>
   <div class='ocr_carea' id='block_1_2' title="bbox 17 254 1104 3494">
    <p class='ocr_par' dir='ltr' id='par_1_2' title="bbox 64 254 1037 655">
     <span class='ocr_line' id='line_1_2' title="bbox 64 254 1036 351; baseline -0.002 -18"><span class='ocrx_word' id='word_1_8' title='bbox 64 259 86 350; x_wconf 82' lang='grc' dir='ltr'><em>ἡ</em></span> <span class='ocrx_word' id='word_1_9' title='bbox 106 258 287 351; x_wconf 76' lang='grc' dir='ltr'><strong><em>εὐπρέπεια</em></strong></span> <span class='ocrx_word' id='word_1_10' title='bbox 303 265 361 351; x_wconf 81' lang='grc' dir='ltr'><strong><em>της</em></strong></span> <span class='ocrx_word' id='word_1_11' title='bbox 379 257 578 350; x_wconf 87' lang='grc' dir='ltr'><strong><em>ῶραιότητος</em></strong></span> <span class='ocrx_word' id='word_1_12' title='bbox 596 257 708 330; x_wconf 84' lang='grc' dir='ltr'><strong><em>αὐτοῦ.</em></strong></span> <span class='ocrx_word' id='word_1_13' title='bbox 745 254 763 329; x_wconf 91' lang='lat'><em>5</em></span> <span class='ocrx_word' id='word_1_14' title='bbox 781 259 860 343; x_wconf 83' lang='grc' dir='ltr'><strong><em>θεὸς</em></strong></span> <span class='ocrx_word' id='word_1_15' title='bbox 880 265 1036 350; x_wconf 81' lang='grc' dir='ltr'><strong><em>ἐμφανῶς</em></strong></span> 
     </span>
     <span class='ocr_line' id='line_1_3' title="bbox 66 357 1037 453; baseline -0.002 -20"><span class='ocrx_word' id='word_1_16' title='bbox 66 364 156 453; x_wconf 79' lang='grc' dir='ltr'><strong><em>ἥξει,</em></strong></span> <span class='ocrx_word' id='word_1_17' title='bbox 181 358 198 432; x_wconf 90' lang='lat'><em>5</em></span> <span class='ocrx_word' id='word_1_18' title='bbox 222 363 301 445; x_wconf 83' lang='grc' dir='ltr'><strong><em>θεὸς</em></strong></span> <span class='ocrx_word' id='word_1_19' title='bbox 327 358 440 452; x_wconf 76' lang='grc' dir='ltr'><strong><em>ἡμῶν,</em></strong></span> <span class='ocrx_word' id='word_1_20' title='bbox 465 357 585 432; x_wconf 77' lang='grc' dir='ltr'><strong><em>καλοῦ</em></strong></span> <span class='ocrx_word' id='word_1_21' title='bbox 609 358 938 452; x_wconf 84' lang='grc' dir='ltr'><strong><em>παρασιωπήσεται.”</em></strong></span> <span class='ocrx_word' id='word_1_22' title='bbox 981 366 1037 433; x_wconf 79' lang='grc' dir='ltr'><strong><em>καὶ</em></strong></span> 
     </span>
     <span class='ocr_line' id='line_1_4' title="bbox 66 459 1036 555; baseline -0.003 -18"><span class='ocrx_word' id='word_1_23' title='bbox 66 462 145 555; x_wconf 89' lang='grc' dir='ltr'><strong><em>μεθ’</em></strong></span> <span class='ocrx_word' id='word_1_24' title='bbox 176 466 272 554; x_wconf 80' lang='grc' dir='ltr'><strong><em>ἕτερα</em></strong></span> <span class='ocrx_word' id='word_1_25' title='bbox 291 459 460 535; x_wconf 81' lang='grc' dir='ltr'><strong><em>“άκουσον</em></strong></span> <span class='ocrx_word' id='word_1_26' title='bbox 479 462 592 554; x_wconf 85' lang='grc' dir='ltr'><strong><em>(φησί)</em></strong></span> <span class='ocrx_word' id='word_1_27' title='bbox 617 461 695 544; x_wconf 86' lang='grc' dir='ltr'><strong><em>λαός</em></strong></span> <span class='ocrx_word' id='word_1_28' title='bbox 718 492 799 553; x_wconf 93' lang='grc' dir='ltr'><strong><em>μου,</em></strong></span> <span class='ocrx_word' id='word_1_29' title='bbox 825 466 880 534; x_wconf 85' lang='grc' dir='ltr'><strong><em>καὶ</em></strong></span> <span class='ocrx_word' id='word_1_30' title='bbox 904 463 1036 552; x_wconf 75' lang='grc' dir='ltr'><strong><em>λαλήσω</em></strong></span> 
     </span>
     <span class='ocr_line' id='line_1_5' title="bbox 66 560 1036 655; baseline -0.003 -17"><span class='ocrx_word' id='word_1_31' title='bbox 66 568 137 654; x_wconf 82' lang='grc' dir='ltr'><strong><em>σοὶ,</em></strong></span> <span class='ocrx_word' id='word_1_32' title='bbox 152 562 282 655; x_wconf 73' lang='grc' dir='ltr'><strong><em>Ἰσραὴλ</em></strong></span> <span class='ocrx_word' id='word_1_33' title='bbox 289 619 299 654; x_wconf 95' lang='grc'><strong><em>,</em></strong></span> <span class='ocrx_word' id='word_1_34' title='bbox 317 567 373 634; x_wconf 83' lang='grc' dir='ltr'><strong><em>καί</em></strong></span> <span class='ocrx_word' id='word_1_35' title='bbox 393 563 660 654; x_wconf 81' lang='grc' dir='ltr'><strong><em>διαμαρτάρομαί</em></strong></span> <span class='ocrx_word' id='word_1_36' title='bbox 676 587 737 635; x_wconf 91' lang='grc' dir='ltr'><strong><em>σοι.</em></strong></span> <span class='ocrx_word' id='word_1_37' title='bbox 781 560 799 634; x_wconf 87' lang='grc' dir='ltr'>ὁ</span> <span class='ocrx_word' id='word_1_38' title='bbox 824 564 904 646; x_wconf 83' lang='grc' dir='ltr'><strong><em>θεὸς</em></strong></span> <span class='ocrx_word' id='word_1_39' title='bbox 922 563 939 634; x_wconf 87' lang='lat'><em>5</em></span> <span class='ocrx_word' id='word_1_40' title='bbox 957 565 1036 647; x_wconf 87' lang='grc' dir='ltr'><strong><em>θεός</em></strong></span> 
     </span>
    </p>

    <p class='ocr_par' dir='ltr' id='par_1_3' title="bbox 37 663 1064 1164">
     <span class='ocr_line' id='line_1_6' title="bbox 37 663 1034 755; baseline -0.002 -17"><span class='ocrx_word' id='word_1_41' title='bbox 37 690 127 738; x_wconf 73' lang='grc' dir='ltr'><strong><em>οσον</em></strong></span> <span class='ocrx_word' id='word_1_42' title='bbox 147 669 214 754; x_wconf 83' lang='grc' dir='ltr'><strong><em>εἰμὶ</em></strong></span> <span class='ocrx_word' id='word_1_43' title='bbox 232 665 305 753; x_wconf 72' lang='grc' dir='ltr'><strong><em>ἐρῶ.</em></strong></span> <span class='ocrx_word' id='word_1_44' title='bbox 349 663 412 736; x_wconf 86' lang='grc' dir='ltr'><strong><em>οῦκ</em></strong></span> <span class='ocrx_word' id='word_1_45' title='bbox 437 668 490 736; x_wconf 77' lang='grc' dir='ltr'><strong><em>ἐπὶ</em></strong></span> <span class='ocrx_word' id='word_1_46' title='bbox 514 682 587 747; x_wconf 80' lang='grc' dir='ltr'><strong><em>ταῖς</em></strong></span> <span class='ocrx_word' id='word_1_47' title='bbox 604 673 741 746; x_wconf 78' lang='grc' dir='ltr'><strong><em>θυσίαις</em></strong></span> <span class='ocrx_word' id='word_1_48' title='bbox 768 689 830 736; x_wconf 88' lang='grc' dir='ltr'><strong><em>σου</em></strong></span> <span class='ocrx_word' id='word_1_49' title='bbox 849 669 968 755; x_wconf 74' lang='grc' dir='ltr'><strong><em>ἐλέγξω</em></strong></span> <span class='ocrx_word' id='word_1_50' title='bbox 988 690 1034 737; x_wconf 89' lang='grc' dir='ltr'><strong><em>σε.</em></strong></span> 
     </span>
     <span class='ocr_line' id='line_1_7' title="bbox 64 762 1037 856; baseline -0.001 -17"><span class='ocrx_word' id='word_1_51' title='bbox 64 767 104 839; x_wconf 85' lang='grc' dir='ltr'><strong><em>τά</em></strong></span> <span class='ocrx_word' id='word_1_52' title='bbox 125 768 166 837; x_wconf 66' lang='grc' dir='ltr'><strong><em>δὲ’</em></strong></span> <span class='ocrx_word' id='word_1_53' title='bbox 179 762 436 856; x_wconf 77' lang='grc' dir='ltr'><strong><em>ὁλοκαυτώματα</em></strong></span> <span class='ocrx_word' id='word_1_54' title='bbox 461 790 524 838; x_wconf 89' lang='grc' dir='ltr'><strong><em>σου</em></strong></span> <span class='ocrx_word' id='word_1_55' title='bbox 544 766 686 838; x_wconf 87' lang='grc' dir='ltr'><strong><em>ἐνῶπιόν</em></strong></span> <span class='ocrx_word' id='word_1_56' title='bbox 704 797 769 856; x_wconf 91' lang='grc' dir='ltr'><strong><em>μου</em></strong></span> <span class='ocrx_word' id='word_1_57' title='bbox 793 770 857 838; x_wconf 85' lang='grc' dir='ltr'><strong><em>εἰσί</em></strong></span> <span class='ocrx_word' id='word_1_58' title='bbox 878 767 933 838; x_wconf 86' lang='grc' dir='ltr'><strong><em>διά</em></strong></span> <span class='ocrx_word' id='word_1_59' title='bbox 951 797 1037 838; x_wconf 87' lang='grc' dir='ltr'><strong><em>παν-</em></strong></span> 
     </span>
     <span class='ocr_line' id='line_1_8' title="bbox 63 864 1064 959; baseline 0.001 -19"><span class='ocrx_word' id='word_1_60' title='bbox 63 869 127 952; x_wconf 86' lang='grc' dir='ltr'><strong><em>τός.</em></strong></span> <span class='ocrx_word' id='word_1_61' title='bbox 164 864 205 938; x_wconf 87' lang='grc' dir='ltr'><strong><em>οῦ</em></strong></span> <span class='ocrx_word' id='word_1_62' title='bbox 231 869 365 959; x_wconf 77' lang='grc' dir='ltr'><strong><em>δέξομαι</em></strong></span> <span class='ocrx_word' id='word_1_63' title='bbox 393 870 428 939; x_wconf 80' lang='grc' dir='ltr'><strong><em>ἐκ</em></strong></span> <span class='ocrx_word' id='word_1_64' title='bbox 445 873 505 939; x_wconf 90' lang='grc' dir='ltr'><strong><em>τοῦ</em></strong></span> <span class='ocrx_word' id='word_1_65' title='bbox 523 880 618 939; x_wconf 90' lang='grc' dir='ltr'><strong><em>οίκου</em></strong></span> <span class='ocrx_word' id='word_1_66' title='bbox 637 890 699 939; x_wconf 90' lang='grc' dir='ltr'><strong><em>σου</em></strong></span> <span class='ocrx_word' id='word_1_67' title='bbox 717 868 876 959; x_wconf 85' lang='grc' dir='ltr'><em>μόσχους,</em></span> <span class='ocrx_word' id='word_1_68' title='bbox 902 868 979 940; x_wconf 77' lang='grc' dir='ltr'><strong><em>οὐδὲ</em></strong></span> <span class='ocrx_word' id='word_1_69' title='bbox 1001 875 1064 941; x_wconf 71' lang='grc' dir='ltr'><strong><em>ἐκε</em></strong></span> 
     </span>
     <span class='ocr_line' id='line_1_9' title="bbox 64 968 1037 1060; baseline -0.003 -18"><span class='ocrx_word' id='word_1_70' title='bbox 64 976 132 1042; x_wconf 88' lang='grc' dir='ltr'><strong><em>τῶν</em></strong></span> <span class='ocrx_word' id='word_1_71' title='bbox 154 978 321 1060; x_wconf 75' lang='grc' dir='ltr'><strong><em>ποιμνίων</em></strong></span> <span class='ocrx_word' id='word_1_72' title='bbox 344 992 406 1040; x_wconf 89' lang='grc' dir='ltr'><strong><em>σου</em></strong></span> <span class='ocrx_word' id='word_1_73' title='bbox 424 968 674 1060; x_wconf 80' lang='grc' dir='ltr'><strong><em>χιμάρους,ὃ’τι</em></strong></span> <span class='ocrx_word' id='word_1_74' title='bbox 699 969 760 1059; x_wconf 84' lang='grc' dir='ltr'><strong><em>ἐμά</em></strong></span> <span class='ocrx_word' id='word_1_75' title='bbox 784 975 853 1041; x_wconf 84' lang='grc' dir='ltr'><strong><em>ἐστι</em></strong></span> <span class='ocrx_word' id='word_1_76' title='bbox 871 969 1037 1041; x_wconf 82' lang='grc' dir='ltr'><strong><em>πάντατά</em></strong></span> 
     </span>
     <span class='ocr_line' id='line_1_10' title="bbox 64 1070 1034 1164; baseline -0.001 -20"><span class='ocrx_word' id='word_1_77' title='bbox 64 1080 169 1164; x_wconf 88' lang='grc' dir='ltr'><strong><em>θηρία</em></strong></span> <span class='ocrx_word' id='word_1_78' title='bbox 192 1075 254 1142; x_wconf 89' lang='grc' dir='ltr'><strong><em>τοῦ</em></strong></span> <span class='ocrx_word' id='word_1_79' title='bbox 278 1074 425 1161; x_wconf 93' lang='grc' dir='ltr'><strong><em>δρυμοῦ,</em></strong></span> <span class='ocrx_word' id='word_1_80' title='bbox 456 1072 560 1160; x_wconf 82' lang='grc' dir='ltr'><strong><em>κτήνη</em></strong></span> <span class='ocrx_word' id='word_1_81' title='bbox 586 1071 622 1141; x_wconf 80' lang='grc' dir='ltr'><strong><em>ἐν</em></strong></span> <span class='ocrx_word' id='word_1_82' title='bbox 653 1088 722 1155; x_wconf 83' lang='grc' dir='ltr'><strong><em>τοῖς</em></strong></span> <span class='ocrx_word' id='word_1_83' title='bbox 747 1070 839 1161; x_wconf 81' lang='grc' dir='ltr'><strong><em>ὄρεσι</em></strong></span> <span class='ocrx_word' id='word_1_84' title='bbox 865 1075 920 1142; x_wconf 81' lang='grc' dir='ltr'><strong><em>καὶ</em></strong></span> <span class='ocrx_word' id='word_1_85' title='bbox 949 1071 1034 1161; x_wconf 81' lang='grc' dir='ltr'><strong><em>βόες.</em></strong></span> 
     </span>
    </p>

    <p class='ocr_par' dir='ltr' id='par_1_4' title="bbox 25 1168 1035 1673">
     <span class='ocr_line' id='line_1_11' title="bbox 25 1168 1035 1266; baseline 0 -22"><span class='ocrx_word' id='word_1_86' title='bbox 25 1208 51 1246; x_wconf 88' lang='lat'><strong><em>10</em></strong></span> <span class='ocrx_word' id='word_1_87' title='bbox 65 1181 194 1262; x_wconf 80' lang='grc' dir='ltr'><strong><em>ἔγνωκα</em></strong></span> <span class='ocrx_word' id='word_1_88' title='bbox 212 1171 322 1244; x_wconf 90' lang='grc' dir='ltr'><strong><em>πάντα</em></strong></span> <span class='ocrx_word' id='word_1_89' title='bbox 338 1170 378 1242; x_wconf 87' lang='grc' dir='ltr'><strong><em>τά</em></strong></span> <span class='ocrx_word' id='word_1_90' title='bbox 396 1172 522 1261; x_wconf 81' lang='grc' dir='ltr'><strong><em>πετηνά</em></strong></span> <span class='ocrx_word' id='word_1_91' title='bbox 539 1176 599 1243; x_wconf 91' lang='grc' dir='ltr'><strong><em>τοῦ</em></strong></span> <span class='ocrx_word' id='word_1_92' title='bbox 617 1168 781 1262; x_wconf 79' lang='grc' dir='ltr'><strong><em>οὐρανοῦ,</em></strong></span> <span class='ocrx_word' id='word_1_93' title='bbox 801 1176 856 1243; x_wconf 86' lang='grc' dir='ltr'><strong><em>καὶ</em></strong></span> <span class='ocrx_word' id='word_1_94' title='bbox 876 1169 1035 1266; x_wconf 87' lang='grc' dir='ltr'><strong><em>ῶραιότης</em></strong></span> 
     </span>
     <span class='ocr_line' id='line_1_12' title="bbox 64 1272 1034 1364; baseline 0.001 -20"><span class='ocrx_word' id='word_1_95' title='bbox 64 1274 170 1364; x_wconf 81' lang='grc' dir='ltr'><strong><em>ἀγροῦ</em></strong></span> <span class='ocrx_word' id='word_1_96' title='bbox 186 1272 256 1361; x_wconf 84' lang='grc' dir='ltr'><strong><em>μετ’</em></strong></span> <span class='ocrx_word' id='word_1_97' title='bbox 282 1277 362 1363; x_wconf 79' lang='grc' dir='ltr'><strong><em>ἐμοῦ</em></strong></span> <span class='ocrx_word' id='word_1_98' title='bbox 381 1279 479 1345; x_wconf 80' lang='grc' dir='ltr'><strong><em>ἐστίν.</em></strong></span> <span class='ocrx_word' id='word_1_99' title='bbox 514 1272 572 1343; x_wconf 81' lang='grc' dir='ltr'><strong><em>ἐάν</em></strong></span> <span class='ocrx_word' id='word_1_100' title='bbox 585 1272 745 1363; x_wconf 89' lang='grc' dir='ltr'><strong><em>πεινάσω,</em></strong></span> <span class='ocrx_word' id='word_1_101' title='bbox 764 1272 804 1344; x_wconf 86' lang='grc' dir='ltr'><strong><em>οῦ</em></strong></span> <span class='ocrx_word' id='word_1_102' title='bbox 818 1272 864 1364; x_wconf 82' lang='grc' dir='ltr'><strong><em>μη</em></strong></span> <span class='ocrx_word' id='word_1_103' title='bbox 875 1299 927 1344; x_wconf 94' lang='grc' dir='ltr'><strong><em>σοι</em></strong></span> <span class='ocrx_word' id='word_1_104' title='bbox 943 1289 1034 1346; x_wconf 85' lang='grc' dir='ltr'><strong><em>είπω.</em></strong></span> 
     </span>
     <span class='ocr_line' id='line_1_13' title="bbox 64 1372 1032 1466; baseline 0.001 -21"><span class='ocrx_word' id='word_1_105' title='bbox 64 1374 125 1465; x_wconf 81' lang='grc' dir='ltr'><strong><em>ε’μη</em></strong></span> <span class='ocrx_word' id='word_1_106' title='bbox 144 1373 208 1466; x_wconf 76' lang='grc' dir='ltr'><strong><em>γάρ</em></strong></span> <span class='ocrx_word' id='word_1_107' title='bbox 234 1379 326 1446; x_wconf 78' lang='grc' dir='ltr'><strong><em>ἐστιν</em></strong></span> <span class='ocrx_word' id='word_1_108' title='bbox 348 1374 369 1464; x_wconf 78' lang='grc' dir='ltr'>ἡ</span> <span class='ocrx_word' id='word_1_109' title='bbox 395 1377 573 1463; x_wconf 77' lang='grc' dir='ltr'><strong><em>οἰκουμένη</em></strong></span> <span class='ocrx_word' id='word_1_110' title='bbox 598 1378 653 1445; x_wconf 84' lang='grc' dir='ltr'><strong><em>καί</em></strong></span> <span class='ocrx_word' id='word_1_111' title='bbox 679 1372 715 1445; x_wconf 87' lang='grc' dir='ltr'>τὸ</span> <span class='ocrx_word' id='word_1_112' title='bbox 740 1374 903 1464; x_wconf 81' lang='grc' dir='ltr'><strong><em>πλήρωμα</em></strong></span> <span class='ocrx_word' id='word_1_113' title='bbox 922 1373 1032 1463; x_wconf 77' lang='grc' dir='ltr'><strong><em>αὐτῆς.</em></strong></span> 
     </span>
     <span class='ocr_line' id='line_1_14' title="bbox 62 1471 1034 1568; baseline -0.002 -22"><span class='ocrx_word' id='word_1_114' title='bbox 62 1477 108 1566; x_wconf 81' lang='grc' dir='ltr'><strong><em>μὴ</em></strong></span> <span class='ocrx_word' id='word_1_115' title='bbox 133 1473 281 1566; x_wconf 80' lang='grc' dir='ltr'><strong><em>φάγομαι</em></strong></span> <span class='ocrx_word' id='word_1_116' title='bbox 305 1480 385 1566; x_wconf 82' lang='grc' dir='ltr'><strong><em>κρέα</em></strong></span> <span class='ocrx_word' id='word_1_117' title='bbox 409 1475 572 1568; x_wconf 82' lang='grc' dir='ltr'><strong><em>ταῦρων,·</em></strong></span> <span class='ocrx_word' id='word_1_118' title='bbox 592 1471 613 1566; x_wconf 79' lang='grc' dir='ltr'><strong><em>ἢ</em></strong></span> <span class='ocrx_word' id='word_1_119' title='bbox 637 1471 718 1565; x_wconf 84' lang='grc' dir='ltr'><strong><em>αἰμα</em></strong></span> <span class='ocrx_word' id='word_1_120' title='bbox 742 1475 875 1566; x_wconf 79' lang='grc' dir='ltr'><strong><em>τράγων</em></strong></span> <span class='ocrx_word' id='word_1_121' title='bbox 901 1485 1034 1566; x_wconf 83' lang='grc' dir='ltr'><strong><em>πίομαι;</em></strong></span> 
     </span>
     <span class='ocr_line' id='line_1_15' title="bbox 62 1575 1034 1673; baseline -0.002 -25"><span class='ocrx_word' id='word_1_122' title='bbox 62 1581 175 1649; x_wconf 87' lang='grc' dir='ltr'><strong><em>θῦσον</em></strong></span> <span class='ocrx_word' id='word_1_123' title='bbox 192 1580 240 1671; x_wconf 75' lang='grc' dir='ltr'><strong><em>τῷ</em></strong></span> <span class='ocrx_word' id='word_1_124' title='bbox 255 1583 326 1673; x_wconf 81' lang='grc' dir='ltr'><strong><em>θεῶ</em></strong></span> <span class='ocrx_word' id='word_1_125' title='bbox 344 1586 472 1650; x_wconf 89' lang='grc' dir='ltr'><strong><em>θυσίαν</em></strong></span> <span class='ocrx_word' id='word_1_126' title='bbox 491 1580 661 1665; x_wconf 80' lang='grc' dir='ltr'><strong><em>αἰνέσεως,</em></strong></span> <span class='ocrx_word' id='word_1_127' title='bbox 680 1579 736 1647; x_wconf 86' lang='grc' dir='ltr'><strong><em>καί</em></strong></span> <span class='ocrx_word' id='word_1_128' title='bbox 751 1575 875 1659; x_wconf 88' lang='grc' dir='ltr'><strong><em>άπόδος</em></strong></span> <span class='ocrx_word' id='word_1_129' title='bbox 893 1583 938 1671; x_wconf 81' lang='grc' dir='ltr'><strong><em>τῷ</em></strong></span> <span class='ocrx_word' id='word_1_130' title='bbox 957 1576 1034 1660; x_wconf 77' lang='grc' dir='ltr'><strong><em>ὑψί-</em></strong></span> 
     </span>
    </p>

    <p class='ocr_par' dir='ltr' id='par_1_5' title="bbox 24 1676 1034 1864">
     <span class='ocr_line' id='line_1_16' title="bbox 24 1676 1034 1772; baseline 0.001 -24"><span class='ocrx_word' id='word_1_131' title='bbox 24 1709 49 1749; x_wconf 83' lang='lat'><strong><em>15</em></strong></span> <span class='ocrx_word' id='word_1_132' title='bbox 63 1702 130 1772; x_wconf 81' lang='grc' dir='ltr'><strong><em>στῳ</em></strong></span> <span class='ocrx_word' id='word_1_133' title='bbox 148 1676 206 1759; x_wconf 82' lang='grc' dir='ltr'><strong><em>τοίς</em></strong></span> <span class='ocrx_word' id='word_1_134' title='bbox 225 1677 325 1770; x_wconf 81' lang='grc' dir='ltr'><strong><em>εὐχάς</em></strong></span> <span class='ocrx_word' id='word_1_135' title='bbox 344 1702 423 1768; x_wconf 88' lang='grc' dir='ltr'><strong><em>σου,</em></strong></span> <span class='ocrx_word' id='word_1_136' title='bbox 442 1681 498 1749; x_wconf 90' lang='grc' dir='ltr'><strong><em>καί</em></strong></span> <span class='ocrx_word' id='word_1_137' title='bbox 518 1678 713 1750; x_wconf 84' lang='grc' dir='ltr'><strong><em>ἐπικάλεσαί</em></strong></span> <span class='ocrx_word' id='word_1_138' title='bbox 728 1709 769 1769; x_wconf 92' lang='grc' dir='ltr'><strong><em>με</em></strong></span> <span class='ocrx_word' id='word_1_139' title='bbox 784 1684 820 1749; x_wconf 85' lang='grc' dir='ltr'><strong><em>ἐν</em></strong></span> <span class='ocrx_word' id='word_1_140' title='bbox 835 1678 941 1771; x_wconf 79' lang='grc' dir='ltr'><strong><em>ἡμέρᾳ</em></strong></span> <span class='ocrx_word' id='word_1_141' title='bbox 959 1687 1034 1749; x_wconf 88' lang='grc' dir='ltr'><strong><em>θλί-</em></strong></span> 
     </span>
     <span class='ocr_line' id='line_1_17' title="bbox 63 1778 186 1864; baseline -0.024 -57"><span class='ocrx_word' id='word_1_142' title='bbox 63 1778 186 1864; x_wconf 39' lang='lat' dir='ltr'><strong><em>mma„</em></strong></span> 
     </span>
    </p>

    <p class='ocr_par' dir='ltr' id='par_1_6' title="bbox 62 1878 1035 2175">
     <span class='ocr_line' id='line_1_18' title="bbox 137 1878 1034 1973; baseline -0.003 -21"><span class='ocrx_word' id='word_1_143' title='bbox 137 1888 167 1953; x_wconf 83' lang='lat'><strong><em>3.</em></strong></span> <span class='ocrx_word' id='word_1_144' title='bbox 187 1882 375 1955; x_wconf 80' lang='grc' dir='ltr'><strong><em>Κάνταῦθα</em></strong></span> <span class='ocrx_word' id='word_1_145' title='bbox 388 1880 409 1971; x_wconf 79' lang='grc' dir='ltr'><em>ἡ</em></span> <span class='ocrx_word' id='word_1_146' title='bbox 424 1891 503 1952; x_wconf 88' lang='grc' dir='ltr'><strong><em>θεία</em></strong></span> <span class='ocrx_word' id='word_1_147' title='bbox 518 1880 699 1973; x_wconf 85' lang='grc' dir='ltr'><strong><em>πρόρρησις</em></strong></span> <span class='ocrx_word' id='word_1_148' title='bbox 711 1888 826 1970; x_wconf 81' lang='grc' dir='ltr'><strong><em>σαφῶς</em></strong></span> <span class='ocrx_word' id='word_1_149' title='bbox 839 1878 922 1951; x_wconf 82' lang='grc' dir='ltr'><strong><em>θεὸν</em></strong></span> <span class='ocrx_word' id='word_1_150' title='bbox 932 1885 1034 1969; x_wconf 85' lang='grc' dir='ltr'><strong><em>ἐμφα-</em></strong></span> 
     </span>
     <span class='ocr_line' id='line_1_19' title="bbox 62 1981 1035 2072; baseline 0 -20"><span class='ocrx_word' id='word_1_151' title='bbox 62 1988 128 2065; x_wconf 84' lang='grc' dir='ltr'><strong><em>νῶς</em></strong></span> <span class='ocrx_word' id='word_1_152' title='bbox 147 1982 239 2072; x_wconf 78' lang='grc' dir='ltr'><strong><em>ἥξειν</em></strong></span> <span class='ocrx_word' id='word_1_153' title='bbox 255 1990 423 2071; x_wconf 81' lang='grc' dir='ltr'><strong><em>θεσπίζει,</em></strong></span> <span class='ocrx_word' id='word_1_154' title='bbox 442 1983 503 2054; x_wconf 89' lang='grc' dir='ltr'><strong><em>οῦκ</em></strong></span> <span class='ocrx_word' id='word_1_155' title='bbox 521 1981 623 2054; x_wconf 81' lang='grc' dir='ltr'><strong><em>άλλον</em></strong></span> <span class='ocrx_word' id='word_1_156' title='bbox 640 1981 661 2072; x_wconf 77' lang='grc' dir='ltr'><strong><em>ἢ</em></strong></span> <span class='ocrx_word' id='word_1_157' title='bbox 678 1982 738 2054; x_wconf 87' lang='grc' dir='ltr'><strong><em>τὸν</em></strong></span> <span class='ocrx_word' id='word_1_158' title='bbox 755 1988 813 2052; x_wconf 88' lang='grc' dir='ltr'><strong><em>τοῦ</em></strong></span> <span class='ocrx_word' id='word_1_159' title='bbox 832 1986 916 2053; x_wconf 86' lang='grc' dir='ltr'><strong><em>θεοῦ</em></strong></span> <span class='ocrx_word' id='word_1_160' title='bbox 935 1981 1035 2070; x_wconf 74' lang='grc' dir='ltr'><strong><em>λόγον</em></strong></span> 
     </span>
     <span class='ocr_line' id='line_1_20' title="bbox 64 2081 1034 2175; baseline 0.003 -24"><span class='ocrx_word' id='word_1_161' title='bbox 64 2088 219 2171; x_wconf 86' lang='grc' dir='ltr'><strong><em>δηλοῦσα,</em></strong></span> <span class='ocrx_word' id='word_1_162' title='bbox 245 2086 301 2154; x_wconf 84' lang='grc' dir='ltr'><strong><em>καὶ</em></strong></span> <span class='ocrx_word' id='word_1_163' title='bbox 313 2083 350 2153; x_wconf 83' lang='grc' dir='ltr'><strong><em>τὸ</em></strong></span> <span class='ocrx_word' id='word_1_164' title='bbox 366 2097 472 2154; x_wconf 90' lang='grc' dir='ltr'><strong><em>αἰτιον</em></strong></span> <span class='ocrx_word' id='word_1_165' title='bbox 487 2086 525 2154; x_wconf 72' lang='grc' dir='ltr'><strong><em>δὲ</em></strong></span> <span class='ocrx_word' id='word_1_166' title='bbox 537 2089 595 2174; x_wconf 78' lang='grc' dir='ltr'><strong><em>τῆς</em></strong></span> <span class='ocrx_word' id='word_1_167' title='bbox 610 2094 797 2175; x_wconf 89' lang='grc' dir='ltr'><strong><em>παρουσίας</em></strong></span> <span class='ocrx_word' id='word_1_168' title='bbox 811 2081 915 2155; x_wconf 89' lang='grc' dir='ltr'><strong><em>αῦτοῦ</em></strong></span> <span class='ocrx_word' id='word_1_169' title='bbox 934 2088 1034 2174; x_wconf 83' lang='grc' dir='ltr'><strong><em>σαφέ-</em></strong></span> 
     </span>
    </p>

    <p class='ocr_par' dir='ltr' id='par_1_7' title="bbox 20 2175 1062 2681">
     <span class='ocr_line' id='line_1_21' title="bbox 20 2175 1062 2274; baseline 0 -19"><span class='ocrx_word' id='word_1_170' title='bbox 20 2216 47 2255; x_wconf 85' lang='lat'><strong><em>20</em></strong></span> <span class='ocrx_word' id='word_1_171' title='bbox 62 2209 164 2254; x_wconf 92' lang='grc' dir='ltr'><strong><em>στατα</em></strong></span> <span class='ocrx_word' id='word_1_172' title='bbox 178 2194 398 2273; x_wconf 91' lang='grc' dir='ltr'><strong><em>παρίστησιν,</em></strong></span> <span class='ocrx_word' id='word_1_173' title='bbox 418 2175 520 2268; x_wconf 88' lang='grc' dir='ltr'><strong><em>αῦθις</em></strong></span> <span class='ocrx_word' id='word_1_174' title='bbox 534 2184 595 2273; x_wconf 80' lang='grc' dir='ltr'><strong><em>τὴν</em></strong></span> <span class='ocrx_word' id='word_1_175' title='bbox 609 2191 728 2274; x_wconf 80' lang='grc' dir='ltr'><strong><em>κλῆσιν</em></strong></span> <span class='ocrx_word' id='word_1_176' title='bbox 742 2193 952 2274; x_wconf 86' lang='grc' dir='ltr'><strong><em>σημαίνουσα</em></strong></span> <span class='ocrx_word' id='word_1_177' title='bbox 966 2194 1033 2255; x_wconf 91' lang='grc' dir='ltr'><strong><em>τῶν</em></strong></span> <span class='ocrx_word' id='word_1_178' title='bbox 1048 2226 1062 2265; x_wconf 67' lang='grc' dir='ltr'><strong><em>η</em></strong></span> 
     </span>
     <span class='ocr_line' id='line_1_22' title="bbox 62 2283 1033 2375; baseline 0.003 -21"><span class='ocrx_word' id='word_1_179' title='bbox 62 2284 144 2354; x_wconf 79' lang='grc' dir='ltr'><strong><em>καθ’</em></strong></span> <span class='ocrx_word' id='word_1_180' title='bbox 171 2283 250 2375; x_wconf 81' lang='grc' dir='ltr'><strong><em>ὅλης</em></strong></span> <span class='ocrx_word' id='word_1_181' title='bbox 274 2290 332 2373; x_wconf 78' lang='grc' dir='ltr'><strong><em>της</em></strong></span> <span class='ocrx_word' id='word_1_182' title='bbox 359 2289 554 2375; x_wconf 81' lang='grc' dir='ltr'><strong><em>οἰκουμένης</em></strong></span> <span class='ocrx_word' id='word_1_183' title='bbox 581 2288 701 2358; x_wconf 86' lang='grc' dir='ltr'><strong><em>ἐθνῶν.</em></strong></span> <span class='ocrx_word' id='word_1_184' title='bbox 747 2283 929 2358; x_wconf 76' lang='grc' dir='ltr'><strong><em>“ε’κάλεσε”</em></strong></span> <span class='ocrx_word' id='word_1_185' title='bbox 949 2292 1033 2375; x_wconf 78' lang='grc' dir='ltr'><strong><em>γοῦν</em></strong></span> 
     </span>
     <span class='ocr_line' id='line_1_23' title="bbox 61 2381 1033 2478; baseline 0.002 -24"><span class='ocrx_word' id='word_1_186' title='bbox 61 2410 144 2476; x_wconf 84' lang='grc' dir='ltr'><strong><em>φησι</em></strong></span> <span class='ocrx_word' id='word_1_187' title='bbox 164 2381 248 2476; x_wconf 77' lang='grc' dir='ltr'><strong><em>“τὴν</em></strong></span> <span class='ocrx_word' id='word_1_188' title='bbox 272 2389 336 2475; x_wconf 77' lang='grc' dir='ltr'><strong><em>γῆν</em></strong></span> <span class='ocrx_word' id='word_1_189' title='bbox 360 2382 424 2455; x_wconf 84' lang='grc' dir='ltr'><strong><em>ῦπὸ</em></strong></span> <span class='ocrx_word' id='word_1_190' title='bbox 449 2382 622 2457; x_wconf 87' lang='grc' dir='ltr'><strong><em>άνατολῶν</em></strong></span> <span class='ocrx_word' id='word_1_191' title='bbox 648 2383 745 2475; x_wconf 78' lang='grc' dir='ltr'><strong><em>ἡλίου</em></strong></span> <span class='ocrx_word' id='word_1_192' title='bbox 764 2392 819 2457; x_wconf 83' lang='grc' dir='ltr'><strong><em>καὶ</em></strong></span> <span class='ocrx_word' id='word_1_193' title='bbox 838 2391 931 2478; x_wconf 83' lang='grc' dir='ltr'><strong><em>μέχρι</em></strong></span> <span class='ocrx_word' id='word_1_194' title='bbox 954 2395 1033 2458; x_wconf 90' lang='grc' dir='ltr'><strong><em>δυσ-</em></strong></span> 
     </span>
     <span class='ocr_line' id='line_1_24' title="bbox 60 2483 1033 2579; baseline 0.003 -23"><span class='ocrx_word' id='word_1_195' title='bbox 60 2485 166 2577; x_wconf 85' lang='grc' dir='ltr'><strong><em>μῶν.”</em></strong></span> <span class='ocrx_word' id='word_1_196' title='bbox 209 2485 343 2579; x_wconf 82' lang='grc' dir='ltr'><strong><em>σφόδρα</em></strong></span> <span class='ocrx_word' id='word_1_197' title='bbox 367 2488 405 2557; x_wconf 71' lang='grc' dir='ltr'><strong><em>δὲ</em></strong></span> <span class='ocrx_word' id='word_1_198' title='bbox 431 2483 627 2569; x_wconf 75' lang='grc' dir='ltr'><strong><em>ἀκολούθως</em></strong></span> <span class='ocrx_word' id='word_1_199' title='bbox 653 2486 735 2577; x_wconf 81' lang='grc' dir='ltr'><strong><em>μετὰ</em></strong></span> <span class='ocrx_word' id='word_1_200' title='bbox 753 2488 815 2576; x_wconf 80' lang='grc' dir='ltr'><strong><em>τὴν</em></strong></span> <span class='ocrx_word' id='word_1_201' title='bbox 834 2491 1033 2579; x_wconf 82' lang='grc' dir='ltr'><strong><em>ἐπιφάνειαν</em></strong></span> 
     </span>
     <span class='ocr_line' id='line_1_25' title="bbox 61 2585 1033 2681; baseline 0.001 -22"><span class='ocrx_word' id='word_1_202' title='bbox 61 2586 166 2659; x_wconf 89' lang='grc' dir='ltr'><strong><em>αῦτοῦ</em></strong></span> <span class='ocrx_word' id='word_1_203' title='bbox 190 2595 246 2659; x_wconf 87' lang='grc' dir='ltr'><strong><em>καί</em></strong></span> <span class='ocrx_word' id='word_1_204' title='bbox 269 2587 352 2678; x_wconf 78' lang='grc' dir='ltr'><strong><em>μετὰ</em></strong></span> <span class='ocrx_word' id='word_1_205' title='bbox 375 2585 437 2679; x_wconf 84' lang='grc' dir='ltr'><strong><em>την</em></strong></span> <span class='ocrx_word' id='word_1_206' title='bbox 460 2595 579 2680; x_wconf 77' lang='grc' dir='ltr'><strong><em>κλῆσιν</em></strong></span> <span class='ocrx_word' id='word_1_207' title='bbox 605 2596 672 2659; x_wconf 89' lang='grc' dir='ltr'><strong><em>τῶν</em></strong></span> <span class='ocrx_word' id='word_1_208' title='bbox 697 2593 809 2661; x_wconf 80' lang='grc' dir='ltr'><strong><em>ἐθνῶν</em></strong></span> <span class='ocrx_word' id='word_1_209' title='bbox 834 2590 895 2681; x_wconf 78' lang='grc' dir='ltr'><strong><em>τὴν</em></strong></span> <span class='ocrx_word' id='word_1_210' title='bbox 914 2601 1033 2680; x_wconf 88' lang='grc' dir='ltr'><strong><em>παραί-</em></strong></span> 
     </span>
    </p>

    <p class='ocr_par' dir='ltr' id='par_1_8' title="bbox 19 2688 1033 3188">
     <span class='ocr_line' id='line_1_26' title="bbox 19 2688 1033 2782; baseline -0.001 -20"><span class='ocrx_word' id='word_1_211' title='bbox 19 2721 46 2762; x_wconf 76' lang='grc' dir='ltr'><strong><em>νε</em></strong></span> <span class='ocrx_word' id='word_1_212' title='bbox 60 2712 157 2780; x_wconf 86' lang='grc' dir='ltr'><strong><em>τησιν</em></strong></span> <span class='ocrx_word' id='word_1_213' title='bbox 180 2696 237 2780; x_wconf 80' lang='grc' dir='ltr'><strong><em>τῆς</em></strong></span> <span class='ocrx_word' id='word_1_214' title='bbox 264 2688 346 2761; x_wconf 84' lang='grc' dir='ltr'><strong><em>κατῦ</em></strong></span> <span class='ocrx_word' id='word_1_215' title='bbox 369 2691 428 2761; x_wconf 86' lang='grc' dir='ltr'><strong><em>τὸν</em></strong></span> <span class='ocrx_word' id='word_1_216' title='bbox 452 2693 605 2772; x_wconf 77' lang='grc' dir='ltr'><strong><em>Μωσέως</em></strong></span> <span class='ocrx_word' id='word_1_217' title='bbox 632 2690 736 2782; x_wconf 87' lang='grc' dir='ltr'><strong><em>νόμον</em></strong></span> <span class='ocrx_word' id='word_1_218' title='bbox 759 2696 1033 2782; x_wconf 82' lang='grc' dir='ltr'><strong><em>σωματικωτέρας</em></strong></span> 
     </span>
     <span class='ocr_line' id='line_1_27' title="bbox 60 2789 1033 2885; baseline 0.001 -24"><span class='ocrx_word' id='word_1_219' title='bbox 60 2800 212 2883; x_wconf 88' lang='grc' dir='ltr'><strong><em>λατρείας</em></strong></span> <span class='ocrx_word' id='word_1_220' title='bbox 232 2790 399 2881; x_wconf 88' lang='grc' dir='ltr'><strong><em>διδάσκει,</em></strong></span> <span class='ocrx_word' id='word_1_221' title='bbox 418 2789 439 2884; x_wconf 79' lang='grc' dir='ltr'><strong><em>ἣ</em></strong></span> <span class='ocrx_word' id='word_1_222' title='bbox 457 2794 512 2863; x_wconf 86' lang='grc' dir='ltr'><strong><em>καί</em></strong></span> <span class='ocrx_word' id='word_1_223' title='bbox 528 2791 612 2882; x_wconf 80' lang='grc' dir='ltr'><strong><em>αῦτη</em></strong></span> <span class='ocrx_word' id='word_1_224' title='bbox 625 2797 741 2876; x_wconf 82' lang='grc' dir='ltr'><strong><em>τέλους</em></strong></span> <span class='ocrx_word' id='word_1_225' title='bbox 759 2802 854 2885; x_wconf 80' lang='grc' dir='ltr'><strong><em>ἔτυχε</em></strong></span> <span class='ocrx_word' id='word_1_226' title='bbox 872 2792 954 2882; x_wconf 82' lang='grc' dir='ltr'><strong><em>μετά</em></strong></span> <span class='ocrx_word' id='word_1_227' title='bbox 971 2793 1033 2882; x_wconf 82' lang='grc' dir='ltr'><strong><em>τὴν</em></strong></span> 
     </span>
     <span class='ocr_line' id='line_1_28' title="bbox 58 2892 1029 2984; baseline 0 -21"><span class='ocrx_word' id='word_1_228' title='bbox 58 2901 118 2964; x_wconf 89' lang='grc' dir='ltr'><strong><em>τοῦ</em></strong></span> <span class='ocrx_word' id='word_1_229' title='bbox 135 2900 220 2964; x_wconf 88' lang='grc' dir='ltr'><strong><em>θεοῦ</em></strong></span> <span class='ocrx_word' id='word_1_230' title='bbox 246 2892 347 2982; x_wconf 82' lang='grc' dir='ltr'><strong><em>λόγου</em></strong></span> <span class='ocrx_word' id='word_1_231' title='bbox 372 2902 419 2976; x_wconf 84' lang='grc' dir='ltr'><strong><em>εἰς</em></strong></span> <span class='ocrx_word' id='word_1_232' title='bbox 442 2892 569 2976; x_wconf 78' lang='grc' dir='ltr'><strong><em>πάντας</em></strong></span> <span class='ocrx_word' id='word_1_233' title='bbox 594 2893 798 2984; x_wconf 78' lang='grc' dir='ltr'><strong><em>ἀνθρώπους</em></strong></span> <span class='ocrx_word' id='word_1_234' title='bbox 822 2894 1029 2982; x_wconf 83' lang='grc' dir='ltr'><strong><em>ἐπιφάνειαν.</em></strong></span> 
     </span>
     <span class='ocr_line' id='line_1_29' title="bbox 58 2994 1032 3087; baseline 0 -24"><span class='ocrx_word' id='word_1_235' title='bbox 58 3000 88 3065; x_wconf 77' lang='lat'><strong><em>4.</em></strong></span> <span class='ocrx_word' id='word_1_236' title='bbox 110 2999 142 3078; x_wconf 82' lang='grc' dir='ltr'><strong><em>ἐξ</em></strong></span> <span class='ocrx_word' id='word_1_237' title='bbox 162 2999 292 3067; x_wconf 79' lang='grc' dir='ltr'><strong><em>ἐκείνου</em></strong></span> <span class='ocrx_word' id='word_1_238' title='bbox 318 2994 381 3083; x_wconf 80' lang='grc' dir='ltr'><strong><em>γάρ</em></strong></span> <span class='ocrx_word' id='word_1_239' title='bbox 408 3024 458 3064; x_wconf 90' lang='grc' dir='ltr'><strong><em>τοι</em></strong></span> <span class='ocrx_word' id='word_1_240' title='bbox 485 2998 540 3066; x_wconf 82' lang='grc' dir='ltr'><strong><em>καὶ</em></strong></span> <span class='ocrx_word' id='word_1_241' title='bbox 568 3002 615 3077; x_wconf 84' lang='grc' dir='ltr'><strong><em>εἰς</em></strong></span> <span class='ocrx_word' id='word_1_242' title='bbox 642 3003 743 3087; x_wconf 85' lang='grc' dir='ltr'><strong><em>δεῦρο</em></strong></span> <span class='ocrx_word' id='word_1_243' title='bbox 770 2997 945 3083; x_wconf 78' lang='grc' dir='ltr'><strong><em>κέκληνται</em></strong></span> <span class='ocrx_word' id='word_1_244' title='bbox 969 2998 1032 3082; x_wconf 77' lang='grc' dir='ltr'><strong><em>μὲν</em></strong></span> 
     </span>
     <span class='ocr_line' id='line_1_30' title="bbox 58 3094 1031 3188; baseline -0.003 -21"><span class='ocrx_word' id='word_1_245' title='bbox 58 3095 179 3178; x_wconf 84' lang='grc' dir='ltr'><strong><em>πάντες</em></strong></span> <span class='ocrx_word' id='word_1_246' title='bbox 205 3104 240 3168; x_wconf 83' lang='grc' dir='ltr'><strong><em>οἰ</em></strong></span> <span class='ocrx_word' id='word_1_247' title='bbox 262 3099 315 3168; x_wconf 79' lang='grc' dir='ltr'><strong><em>ἐπὶ</em></strong></span> <span class='ocrx_word' id='word_1_248' title='bbox 333 3094 440 3184; x_wconf 89' lang='grc' dir='ltr'><strong><em>πάσης</em></strong></span> <span class='ocrx_word' id='word_1_249' title='bbox 464 3102 521 3185; x_wconf 80' lang='grc' dir='ltr'><strong><em>τῆς</em></strong></span> <span class='ocrx_word' id='word_1_250' title='bbox 539 3101 737 3187; x_wconf 80' lang='grc' dir='ltr'><strong><em>οἰκουμένης</em></strong></span> <span class='ocrx_word' id='word_1_251' title='bbox 756 3095 948 3188; x_wconf 87' lang='grc' dir='ltr'><strong><em>άνθρωποι,</em></strong></span> <span class='ocrx_word' id='word_1_252' title='bbox 975 3099 1031 3165; x_wconf 78' lang='grc' dir='ltr'><strong><em>καὶ</em></strong></span> 
     </span>
    </p>

    <p class='ocr_par' dir='ltr' id='par_1_9' title="bbox 17 3194 1104 3494">
     <span class='ocr_line' id='line_1_31' title="bbox 17 3194 1031 3290; baseline -0.002 -22"><span class='ocrx_word' id='word_1_253' title='bbox 17 3229 44 3269; x_wconf 78' lang='grc' dir='ltr'><strong><em>3ο</em></strong></span> <span class='ocrx_word' id='word_1_254' title='bbox 59 3196 168 3270; x_wconf 86' lang='grc' dir='ltr'><strong><em>πάντα</em></strong></span> <span class='ocrx_word' id='word_1_255' title='bbox 186 3198 225 3269; x_wconf 84' lang='grc' dir='ltr'><strong><em>τίι</em></strong></span> <span class='ocrx_word' id='word_1_256' title='bbox 239 3198 304 3269; x_wconf 86' lang='grc' dir='ltr'><strong><em>άπὸ</em></strong></span> <span class='ocrx_word' id='word_1_257' title='bbox 323 3194 495 3269; x_wconf 87' lang='grc' dir='ltr'><strong><em>άνατολῶν</em></strong></span> <span class='ocrx_word' id='word_1_258' title='bbox 513 3201 567 3269; x_wconf 85' lang='grc' dir='ltr'><strong><em>καί</em></strong></span> <span class='ocrx_word' id='word_1_259' title='bbox 586 3203 682 3290; x_wconf 78' lang='grc' dir='ltr'><strong><em>μέχρι</em></strong></span> <span class='ocrx_word' id='word_1_260' title='bbox 698 3203 836 3287; x_wconf 88' lang='grc' dir='ltr'><strong><em>δυσμῶν</em></strong></span> <span class='ocrx_word' id='word_1_261' title='bbox 856 3205 948 3286; x_wconf 82' lang='grc' dir='ltr'><strong><em>ἔθνη.</em></strong></span> <span class='ocrx_word' id='word_1_262' title='bbox 975 3201 1031 3267; x_wconf 81' lang='grc' dir='ltr'><strong><em>πέ-</em></strong></span> 
     </span>
     <span class='ocr_line' id='line_1_32' title="bbox 58 3297 1030 3392; baseline -0.001 -22"><span class='ocrx_word' id='word_1_263' title='bbox 58 3328 183 3371; x_wconf 89' lang='grc' dir='ltr'><strong><em>παυται</em></strong></span> <span class='ocrx_word' id='word_1_264' title='bbox 199 3302 234 3371; x_wconf 73' lang='grc' dir='ltr'><strong><em>δὲ</em></strong></span> <span class='ocrx_word' id='word_1_265' title='bbox 248 3304 303 3371; x_wconf 86' lang='grc' dir='ltr'><strong><em>καί</em></strong></span> <span class='ocrx_word' id='word_1_266' title='bbox 317 3299 507 3391; x_wconf 80' lang='grc' dir='ltr'><strong><em>καθῄρηται</em></strong></span> <span class='ocrx_word' id='word_1_267' title='bbox 524 3299 545 3389; x_wconf 82' lang='grc' dir='ltr'><em>ἡ</em></span> <span class='ocrx_word' id='word_1_268' title='bbox 559 3298 641 3370; x_wconf 78' lang='grc' dir='ltr'><strong><em>κατιί</em></strong></span> <span class='ocrx_word' id='word_1_269' title='bbox 657 3297 840 3380; x_wconf 83' lang='grc' dir='ltr'><strong><em>Ἰουδαίους</em></strong></span> <span class='ocrx_word' id='word_1_270' title='bbox 853 3309 1030 3392; x_wconf 84' lang='grc' dir='ltr'><strong><em>θρησκεία,</em></strong></span> 
     </span>
     <span class='ocr_line' id='line_1_33' title="bbox 57 3399 1104 3494; baseline 0.002 -22"><span class='ocrx_word' id='word_1_271' title='bbox 57 3399 141 3472; x_wconf 83' lang='grc' dir='ltr'><strong><em>κατά</em></strong></span> <span class='ocrx_word' id='word_1_272' title='bbox 162 3401 225 3490; x_wconf 80' lang='grc' dir='ltr'><strong><em>την</em></strong></span> <span class='ocrx_word' id='word_1_273' title='bbox 249 3403 368 3492; x_wconf 81' lang='grc' dir='ltr'><strong><em>καινὴν</em></strong></span> <span class='ocrx_word' id='word_1_274' title='bbox 394 3400 563 3492; x_wconf 84' lang='grc' dir='ltr'><strong><em>διαθήκην</em></strong></span> <span class='ocrx_word' id='word_1_275' title='bbox 586 3405 646 3472; x_wconf 90' lang='grc' dir='ltr'><strong><em>τοῦ</em></strong></span> <span class='ocrx_word' id='word_1_276' title='bbox 669 3401 887 3492; x_wconf 79' lang='grc' dir='ltr'><strong><em>εῦαγγελικοῦ</em></strong></span> <span class='ocrx_word' id='word_1_277' title='bbox 906 3403 1029 3494; x_wconf 77' lang='grc' dir='ltr'><strong><em>κηρῦν-</em></strong></span> <span class='ocrx_word' id='word_1_278' title='bbox 1043 3447 1104 3494; x_wconf 49' lang='lat' dir='ltr'>Q</span> 
     </span>
    </p>
   </div>
   <div class='ocr_carea' id='block_1_3' title="bbox 798 3514 869 3580">
    <p class='ocr_par' dir='ltr' id='par_1_10' title="bbox 798 3514 869 3580">
     <span class='ocr_line' id='line_1_34' title="bbox 798 3514 869 3580; baseline 0.014 -1"><span class='ocrx_word' id='word_1_279' title='bbox 798 3514 869 3580; x_wconf 54' lang='lat'><strong><em>23*</em></strong></span> 
     </span>
    </p>
   </div>
   <div class='ocr_carea' id='block_1_4' title="bbox 0 0 1168 3818">
    <p class='ocr_par' dir='ltr' id='par_1_11' title="bbox 0 0 1168 3818">
     <span class='ocr_line' id='line_1_35' title="bbox 0 0 1168 3818; baseline 0 1"><span class='ocrx_word' id='word_1_280' title='bbox 0 0 1168 3818; x_wconf 95' lang='lat' dir='ltr'><strong><em> </em></strong></span> 
     </span>
    </p>
   </div>
  </div>
 </body>
</html>
