2326 3818
146 142 209 206 202
552 145 701 196 Ευεεευ

146 280 354 364 ἀκολούθους
380 281 553 371 ἐκτήσατο,
582 282 767 372 ἐμπνεύσας
794 279 905 362 αύτοῖς
936 282 1113 373 δυνάμεως

145 392 259 470 θείας,
277 386 397 473 μένους
415 413 450 454 τε
468 388 522 454 καλ
541 382 690 471 θάρσους
710 382 895 472 ἐμπλήσας,
922 388 977 453 καὶ
997 383 1039 473 δή
1057 384 1113 456 οἷά

145 513 193 564 τις
212 481 346 573 άληθῶς
370 489 455 556 θεοῦ
477 484 573 575 λόγος
591 488 646 555 καὶ
665 483 763 565 αὐτὸς
782 483 878 571 θεός,
903 485 1112 573 τηλικούτου

145 586 329 676 θαυμάτων
365 585 517 676 ποιητής,
556 590 684 676 νοερών
720 583 842 668 αύτούς
874 589 928 655 καὶ
967 592 1111 675 λογικῶν

145 693 262 776 ψυχῶν
300 687 466 775 θηρευτὰς
503 687 663 775 ποιήσας,
702 694 801 777 ἔργον
836 717 872 758 τε
909 692 1038 770 ἐπιθείς
1069 694 1136 781 τῇε

144 795 241 879 φωνή
280 793 320 878 τῇ
351 786 368 813 “
381 795 495 875 δεῦτε,
527 786 746 859 ἀκολουθεῖτέ
778 818 851 877 μοι,
883 791 938 858 καὶ
981 790 1109 879 ποιήσω

143 893 229 978 ὑμᾶς
241 885 344 969 ἁλιεῖς
359 885 568 978 άνθρώπῳν”
583 888 729 980 φησάση,
749 888 833 978 ὁμοῦ
847 917 881 959 τε
897 888 1035 978 ἐργάτας
1053 895 1109 963 καὶ

91 1022 130 1073 με]
147 988 367 1070 διδασκάλους
391 987 513 1070 αὐτούς
536 986 709 1078 εὐσεβείας
735 989 1019 1080 ἀπειργασμένους
1043 991 1109 1081 ήδη

145 1093 199 1160 καὶ
220 1098 265 1171 είς
284 1089 392 1160 πάντα
409 1089 448 1161 τά
467 1098 551 1180 ἐθνη
571 1094 784 1181 διεπέμπετο,
810 1091 957 1183 κήρυκας
974 1089 1109 1163 άναδεί-

116 1196 200 1274 οξας
224 1197 280 1279 τής
306 1188 410 1262 αῦτοῦ
430 1199 654 1273 διδασκαλίας.
697 1199 726 1264 9,
746 1196 802 1262 καὶ
825 1203 874 1276 τίς
893 1189 954 1263 οῦκ
976 1189 1020 1263 άν
1039 1197 1108 1277 ἐξε-
1122 1224 1148 1264 εο

144 1291 253 1381 πλάγη
277 1297 332 1363 καὶ
357 1291 540 1382 ήπίστησεν
564 1290 606 1363 άν
631 1293 763 1374 εἰκότως
786 1299 830 1387 τῳ
855 1290 1031 1388 παραδόξῳ
1050 1303 1110 1367 τοῦ

143 1393 327 1484 θαύματος,
345 1394 400 1465 ὅτε
417 1397 532 1483 μηδεὶς
550 1396 611 1484 μέν
629 1399 696 1465 τῶν
713 1393 846 1465 πώποτε
862 1401 898 1465 ἐν
915 1394 1109 1483 ἀνθρώποις

109 1516 113 1531 “
143 1500 333 1586 γενομένων
358 1500 548 1584 διαφανῦν,
574 1496 618 1584 μή
642 1495 816 1583 βασιλεῦς,
844 1494 889 1585 μή
912 1501 1109 1587 νομοθέτης,

143 1598 187 1687 μή
206 1597 406 1686 φιλόσοφος,
425 1595 469 1686 μή
480 1594 621 1686 Ἕλλην,
641 1596 686 1686 μὴ
704 1596 890 1685 βάρβαρος,
909 1597 1061 1668 τοιοῦτόν
1078 1629 1109 1669 τι

145 1701 337 1786 διανοηθεὶς
363 1703 558 1785 ἱστορεῖται,
582 1694 657 1766 ἀλλ’
683 1695 756 1767 οὐδ’
780 1706 826 1778 είς
845 1706 1035 1787 φαντασίαν
1055 1704 1110 1770 ἐλ-
1123 1728 1148 1768 1⁵

142 1796 217 1868 θῦν
234 1802 294 1869 τοῦ
310 1806 562 1889 παραπλησίου;
581 1795 752 1887 άγαπητὸν
769 1797 832 1887 γάρ
853 1797 981 1892 ἑκάστῳ
999 1791 1059 1888 ήν,
1079 1809 1112 1872 εί

142 1902 197 1969 καὶ
217 1902 269 1969 ἐπί
287 1898 391 1988 μόνης
415 1907 472 1986 τῆς
491 1908 614 1979 οίκείας
638 1904 697 1988 γής
715 1898 751 1968 τό
775 1907 900 1970 οίκεῖον
919 1898 1110 1991 ἐπάγγελμα

142 2000 382 2088 συνεστήσατο,
402 2003 457 2068 καί
474 1999 550 2081 τοῦς
569 2004 676 2081 καλῶς
695 2008 784 2090 ἔχειν
801 2005 967 2089 φανέντας
986 2002 1110 2090 νόμους

142 2095 205 2170 κάν
224 2097 278 2188 ἐφ’
300 2100 374 2180 ἐνὸς
386 2106 445 2170 τοῦ
459 2109 585 2171 οίκείου
600 2108 721 2183 ἔθνους
735 2107 897 2190 κρατῦναι
911 2098 979 2183 οἷός
996 2130 1032 2172 τε
1050 2095 1109 2191 ἦν·
1158 2150 1161 2155 ·

74 2199 159 2284 (ιεοιδ
179 2202 216 2270 δέ
234 2203 339 2291 μηδὲν
362 2201 490 2291 θνητόν
514 2206 567 2272 καλ
592 2200 810 2293 άνθριόπινον
835 2207 1029 2290 διανοηθεὶς
1046 2203 1109 2292 ῦρα
1123 2234 1149 2275 κο

144 2310 175 2371 εί
191 2302 235 2392 μή
255 2302 297 2384 ὡς
316 2301 451 2392 άληθῶς
468 2308 554 2375 θεοῦ
563 2303 664 2374 πάλιν
678 2303 845 2394 προήκατο
860 2304 989 2394 φωνήν,
1009 2301 1110 2376 αύτο-

141 2408 226 2487 λεξεὶ
245 2404 355 2494 φήσας
374 2423 441 2487 τοῖς
460 2405 702 2487 εὐτελεστάτοις
721 2411 861 2486 ἐκείνοις
875 2404 979 2476 αὐτοῦ
996 2420 1109 2497 μαθη-

140 2523 211 2587 ταῖς
225 2505 470 2598 ηπορευθέντες
482 2507 715 2597 μαθητεύσατε
733 2506 841 2578 πάντα
858 2506 898 2576 τά
917 2506 1033 2596 έθνη.”
1056 2514 1106 2579 10.

140 2610 196 2676 καὶ
214 2612 296 2696 πῶς,
316 2608 411 2678 εἶπον
428 2604 470 2676 άν
487 2615 522 2677 οί
537 2611 684 2696 μαθηταὶ
700 2611 748 2700 ’τῳ
767 2607 957 2701 διδασκάλῳ
975 2608 1109 2691 πάντως

141 2734 206 2776 που
225 2707 502 2796 ἀποκρινάμενοι,
521 2705 617 2777 τοῦθ’
637 2704 719 2798 ήμῖν
737 2715 828 2779 ἐσται
847 2708 1010 2796 δυνατόν;
1036 2715 1107 2792 πῶς
1120 2736 1148 2777 ει

139 2804 203 2894 γάρ
218 2803 401 2897 Ῥωμαίοις,
421 2813 519 2898 φέρε,
544 2808 746 2898 κηρύξομεν;
765 2815 834 2893 ποῦς
855 2812 891 2879 δέ
909 2818 1107 2898 Αἰγυπτίοις

142 2907 450 2998 διαλεχθησόμεθα;
470 2918 549 3002 τοίῳ
568 2912 604 2979 δὲ
623 2908 814 3000 χρησόμεθα
839 2913 923 2995 λέξει
941 2910 1107 3002 πρόςἝλ-

141 3017 260 3097 ληνας,
285 3008 405 3102 ἄνδρες
428 3016 468 3102 τή
486 3010 612 3101 Σύρων
631 3015 848 3102 ἐντραφέντες
872 3012 959 3104 μόνη
986 3014 1105 3100 φανῇς

141 3115 190 3180 11.
210 3113 343 3202 Πέρσας
368 3114 404 3182 δέ
426 3115 482 3181 καὶ
506 3109 714 3205 Ἀρμενίους,
740 3118 796 3184 καὶ
820 3122 1024 3201 Χαλδαίους,
1050 3115 1106 3182 καὶ

140 3211 297 3302 Σκύθας,
322 3216 378 3283 καὶ
393 3209 533 3303 Ἰνδούς,
559 3217 614 3284 καὶ
640 3226 673 3285 εί
686 3244 760 3286 τινα
778 3216 958 3308 βαρβάρων
976 3218 1105 3304 γένοιτο
1119 3241 1145 3283 ιο

139 3361 342 3372 -——..,——-..

207 3446 239 3494 23
256 3445 356 3499 Matth.
370 3447 411 3509 τε,
425 3449 465 3498 19.
