2326 3818
140 141 203 205 518
549 140 699 191 Ευωιοιι

135 284 255 371 μέτρον
279 284 347 351 τῶν
371 281 524 370 πατέρων
542 273 661 368 ῦμῶν”
681 280 858 369 εἰρημένον
874 273 940 348 ὑπὸ
963 282 1025 350 τοῦ
1041 300 1107 349 σω·

135 388 233 472 τῆρος
250 377 345 472 ἡμῶν
362 380 443 471 πρὸς
461 379 539 462 τοῦς
566 385 602 450 ἐκ
620 387 798 471 περιτομῆς
825 383 880 449 καί
906 378 961 449 διὰ
978 379 1108 452 τοῦτων

135 485 225 574 οίμαι
239 492 475 576 παρίστασθαι.
504 486 556 552 ἐπὶ
570 481 634 571 γὰρ
648 487 705 570 τῆς
719 478 792 552 κατ’
814 478 918 552 αῦτοῦ
931 490 1107 573 τολμηθεί·

135 609 195 676 σης
208 589 269 655 τοῦ
282 585 455 656 Ἰουδαίων
469 593 591 666 ἔθνους
607 588 785 672 ἐπιβουλῆς
800 585 1026 672 συνετελέσθη
1045 580 1108 655 αῦ-

134 685 235 776 τῶνῆ
250 686 394 776 ἁμαρτία
412 681 501 775 καλῆ
516 685 597 775 πρὸς
616 682 675 754 τὸν
696 685 780 756 θεὸν
793 685 875 755 κατα
889 683 948 754 τὸν
962 681 1129 757 Ἀκῦλανι

134 789 258 860 ιἰθεσία
281 792 373 868 τέλος
399 797 523 876 εἴληφε.
573 793 624 856 20.
644 786 746 856 πάλαι
770 787 832 874 μὲν
855 783 918 875 μῦρ
944 785 1108 877 πρότερον

135 900 256 980 έφερεν
285 885 408 970 αῦτοῦς
430 885 451 976 ῆ
477 892 538 959 τοῦ
563 894 648 958 θεοῦ
674 895 891 977 μακροθυμία
917 896 1022 977 μυρία
1045 886 1107 959 ὅσα

82 980 90 996 ¹
135 997 409 1080 πλημμελοῦντας
437 990 501 1079 πρὸ
528 995 586 1078 τῆς
612 993 672 1060 τοῦ
698 994 846 1080 σωτῆρος
864 985 960 1078 ῆμῶν
979 1017 1107 1079 παρου-

107 1100 227 1178 οσίας,
252 1090 364 1181 ῶσπερ
388 1083 449 1163 οῦν
469 1090 522 1162 διὰ
541 1096 609 1162 τῶν
626 1095 841 1181 προφητικῶν
867 1088 1107 1163 ἀποδείκνυται

136 1193 261 1282 λόγων·
289 1193 378 1282 πλῆν
395 1190 470 1263 ἀλλ’
490 1191 602 1280 ῶσπερ
622 1196 676 1263 ἐπὶ
693 1198 761 1262 τῶν
775 1191 876 1262 πάλαι
894 1191 957 1280 τῆν
969 1197 1036 1281 γῆν
1049 1200 1106 1283 τῆς
1119 1218 1140 1260 ιι

136 1299 332 1385 ἐπαγγελίας
350 1295 534 1366 οίκοῦντων
552 1292 753 1383 ἀλλοφύλων
768 1304 878 1383 είρητο
896 1299 941 1386 τῷ
957 1288 1106 1386 Ἀβραὰμ

129 1395 248 1468 “οῦπω
266 1397 330 1486 γὰρ
348 1392 648 1486 ἆναπεπλῆρωνται
668 1402 705 1466 αί
729 1394 886 1484 ἁμαρτίαι
909 1401 977 1465 τῶν
990 1394 1108 1486 Ἀμορ-

135 1497 276 1586 ραίων,”
303 1502 360 1568 καί
387 1506 418 1568 εί
434 1501 572 1588 μηδέπω
591 1489 677 1586 ῆσαν
702 1500 1015 1586 ἐκπεπληρωμέναι,
1044 1495 1108 1568 οῦκ

133 1598 320 1688 ῆλαῦνοντό
344 1627 396 1669 πω
419 1605 454 1670 οί
464 1599 653 1691 Ἀμορραίοι
677 1603 734 1687 τῆς
752 1600 906 1693 πατρῴας
929 1601 1007 1687 γῆς,
1035 1603 1109 1670 ἐπεὶ

137 1703 175 1770 δὲ
193 1700 439 1791 ἐπληρώθησαν
457 1708 494 1771 αί
508 1697 664 1791 ἁμαρτίαι
678 1699 801 1789 αὐτῶν,
819 1705 1003 1787 τηνικαῦτα
1020 1699 1108 1771 πῶν·
1120 1726 1144 1768 ιι

134 1831 188 1885 τες
197 1802 500 1892 ἐξωλοθρεύθησαν
515 1805 568 1871 ἐπὶ
581 1807 649 1873 τῶν
658 1801 767 1890 Ἰησοῦ
780 1808 840 1872 τοῦ
846 1805 1021 1882 Μωυσέως
1036 1810 1109 1872 δια·

136 1905 237 1993 δόχον
261 1903 408 1995 χρόνων·
444 1901 531 1974 οῦτω
556 1905 612 1972 καὶ
637 1905 689 1972 ἐπὶ
708 1911 768 1972 τοῦ
787 1908 950 1991 προτέρου
974 1901 1108 1992 νοήσεις

135 2013 233 2074 λαοῦ·
262 2006 410 2098 έωςμδν
426 2002 490 2092 γὰρ
508 2000 570 2073 οῦκ
589 2008 793 2094 ἐπληροῦντο
816 2003 928 2074 αὐτῶν
946 2011 985 2073 αιρ
999 2001 1110 2095 ἆμαρ-

135 2112 218 2194 τίαι,
243 2101 264 2193 ῆ
282 2109 343 2175 τοῦ
365 2110 449 2175 θεοῦ
468 2104 571 2196 ἆνοχῆ
589 2109 645 2176 καὶ
664 2115 880 2197 μακροθυμία
904 2115 1025 2195 έφιρεν
1044 2104 1110 2177 αῦ-

69 2237 124 2288 (εω)
138 2204 236 2295 τοῦς,
265 2215 312 2289 είς
341 2207 544 2298 ἐπιστροφὴν
569 2206 724 2278 ἑκάστοτε
749 2210 1025 2299 προσκαλουμένη
1051 2207 1147 2283 διὰτί

133 2315 201 2381 τῶν
226 2313 424 2401 προφητῶν·
460 2312 531 2381 ἐπεὶ
556 2311 593 2380 δὲ
611 2309 694 2380 κατὰ
710 2309 773 2398 τῆν
797 2309 963 2398 σωτήριον
987 2308 1111 2400 φωνῆν

135 2411 333 2502 ἐπλήρωσαν
350 2412 388 2482 τὸ
405 2417 527 2503 μέτρον
550 2416 619 2482 τῶν
635 2414 790 2503 πατέρων
808 2407 935 2499 αὐτῶν,
962 2407 1050 2481 οῦτω
1071 2410 1105 2482 δ’

134 2509 176 2584 ῶν
194 2513 303 2585 πάντα
321 2517 535 2603 συναχθέντα
553 2514 636 2583 κατὰ
653 2512 689 2583 τὸ
709 2510 789 2582 αῦτδ
807 2510 866 2582 τδν
886 2520 1025 2601 ἔσχατον
1043 2512 1111 2583 αῦ-

133 2633 202 2697 τοῑς
220 2614 457 2703 κατειργάσατο
481 2611 642 2700 ὄλεθρον,
669 2611 781 2701 ῶσπερ
799 2604 862 2683 οῦν
887 2612 988 2683 πάλιν
1006 2613 1110 2700 αὐτὸς

134 2713 152 2784 ὁ
178 2716 291 2804 κῦριος
315 2711 411 2804 ῆμῶν
437 2713 588 2784 διδάσκει
613 2716 719 2802 λέγων
740 2711 832 2785 “πο”ιν
856 2712 938 2804 αἷμα
962 2718 1148 2804 ἐκχυθδννσ

134 2812 199 2884 ῦπὸ
213 2821 398 2905 καταβολῆς
409 2815 547 2906 κόσμου,
559 2812 624 2886 νἰπδ
638 2814 885 2906 αἴματος”Αβελ
897 2821 957 2887 τοῦ
972 2823 1111 2890 δίκαίου

136 2919 197 2998 έως
215 2923 537 3009 αἵματοςΖαχαρίον,
556 2914 648 3005 ῆξειν
667 2921 720 2988 ἐπὶ
733 2917 794 3007 τῆν
807 2917 928 3006 γενεὰν
945 2917 1108 3007 ταῦτην.”

135 3023 186 3088 21.
205 3016 241 3089 τδ
265 3025 349 3108 γοῦν
375 3029 514 3110 ἔσχατον
539 3016 697 3091 ἁπάντων
714 3018 771 3100 τὰς
796 3035 908 3109 χεῖρας
933 3024 1112 3108 ἐπιβαλεῖν

135 3128 182 3213 τῷ
200 3125 264 3217 υίῶ
281 3126 341 3192 τοῦ
358 3126 443 3194 θεοῦ
460 3119 683 3210 τολμήσαντες
696 3117 877 3192 “ἐτέλεσαν
889 3119 951 3208 τῆν
960 3118 1112 3194 ἀθεσίαν

136 3225 192 3291 καὶ
207 3227 404 3295 ἐτελείωσαν
417 3221 478 3312 τῆν
493 3226 623 3294 ἑαυτῶν
636 3217 823 3313 ἆμαρτίαν”
839 3220 922 3292 κατὰ
936 3220 997 3310 τῆν
1010 3220 1109 3294 Ἀκῦ-
1124 3251 1150 3291 ω

137 3367 338 3380 Q*

157 3532 160 3537 Ι
202 3453 237 3502 12
256 3453 377 3519 Gen.15,
394 3458 434 3509 16.
539 3462 574 3510 '25
592 3458 691 3509 Matth.
705 3459 747 3520 23,
760 3457 801 3507 35.
