2326 3818
134 108 197 170 206
536 107 686 157 EUSEBH

137 252 168 330 ἐξ
187 243 333 334 άνάγκης
351 242 544 335 ἀνατρέχειν
563 242 751 334 ἐκβιάζομαι
766 247 819 314 ἐπὶ
837 244 897 333 την
915 251 975 315 τοῦ
992 251 1108 316 αι’τίου

137 346 286 436 ζήτησιν,
306 349 360 417 καί
380 355 620 436 συνομολογεῖν
643 344 688 435 μὴ
711 345 819 427 άλλως
843 341 964 426 αῦτοῦς
982 375 1106 436 κεκρα-

135 453 269 537 τηκέναι
287 455 346 519 τοῦ
361 447 565 538 τολμήματος
583 445 771 539 ἢθειοτέριγ
792 449 847 516 καὶ
862 444 946 537 ὑπὲρ
965 445 1105 537 ἅνθρω-

136 578 200 620 πον
237 548 378 638 δυνάμει
414 553 470 619 καὶ
500 557 660 641 συνεργίᾳ
696 555 755 619 τοῦ
790 547 958 637 φήσαντος
991 544 1103 629 αὐτοῖς

130 646 384 741 ’μαθητεύσατε
408 649 517 721 πάντα
539 649 579 720 τά
604 659 688 739 ἔθνη
713 654 817 742 ἐντῷ
841 646 980 738 ὀνόματί
996 646 1099 738 μον.”
1117 680 1139 719 τ.

135 758 185 822 23.
206 758 303 822 τοῦτο
322 750 353 822 δ’
381 742 443 820 οῦν
462 749 565 821 είποδν
585 754 792 837 ἐπισυνῆψεν
816 753 1033 839 ἐπαγγελίαν,
1053 750 1097 820 δι’

135 844 173 943 ἧς
188 862 326 943 ἔμελλον
337 856 534 941 ἐπιθαρρεῖν
547 854 602 921 καί
616 850 799 942 προθύμως
815 850 1001 922 ἐπιδιδόναι
1015 859 1103 940 σφᾶς

135 951 257 1034 αῦτοῦς
275 968 343 1035 τοῖς
362 955 654 1043 παρηγγελμένοις.
691 955 774 1042 φησὶ
793 958 877 1040 γοῦν
895 948 1008 1034 αὐτοῖς
1021 947 1102 1022 “nal

108 1084 121 1122 ο
136 1054 211 1123 ίδοῦ
231 1051 294 1140 ἐγώ
312 1049 394 1142 μεθ’
413 1049 510 1143 ὑμῶν
528 1061 594 1142 είμι
612 1052 720 1136 πάσας
737 1053 794 1133 τάς
812 1048 947 1142 ἡμέρας,
966 1057 1027 1135 ἕως
1044 1057 1103 1140 της

136 1163 327 1235 συντελείας
345 1157 406 1239 τοῦ
423 1150 571 1236 αίοῖνος.”
608 1153 764 1226 ἀλλὰκαὶ
782 1153 970 1242 πνεύματος
988 1152 1103 1236 αὐτοῖς
1116 1189 1149 1227 ιο·

137 1259 317 1344 ἐμπνεῦσαι
335 1261 464 1344 λέγεται
491 1264 607 1344 θείου,
634 1253 717 1325 άλλά
742 1257 797 1325 καί
824 1254 969 1344 δύναμιν
989 1253 1104 1337 αὐτοῖς

135 1365 256 1428 ε”νθεον
274 1360 328 1427 καὶ
347 1355 612 1444 παραδοξοποιόν
626 1359 852 1445 πεποιηκέναι,
871 1356 944 1426 τοτὲ
958 1356 1020 1444 μέν
1038 1355 1103 1446 φή-

136 1480 195 1539 σας
208 1457 349 1548 “λάβετε
373 1463 506 1548 πνεῦμα
529 1455 665 1548 ἅγιον,”
702 1458 774 1529 τοτὲ
802 1459 838 1527 δὲ
857 1453 1104 1528 εἰπών”άοθε-

134 1563 276 1640 νοῦντας
294 1559 515 1649 θεραπεύετε,
541 1557 684 1650 λεπροῦς
702 1567 914 1649 καθαρίζετε,
942 1565 1104 1647 δαίμονας

81 1681 120 1732 [90]
137 1659 327 1748 ἐκβάλλετε·
348 1659 479 1750 δωρεάν
497 1659 643 1747 ἐλάβετε,
663 1658 796 1750 δωρεάν
815 1657 923 1729 δότε.”
950 1665 1000 1729 24.
1021 1682 1103 1730 συν·
1116 1691 1142 1732 15

134 1765 213 1851 ορᾷς
238 1768 415 1851 τοιγαροῦν
441 1763 497 1831 καὶ
524 1757 622 1842 αῦτὸς
649 1759 738 1842 ὅπως
764 1759 967 1852 κεκράτηκεν
998 1755 1015 1829 ὁ
1050 1758 1101 1832 δι’

134 1859 247 1930 αὐτῶν
264 1860 378 1950 λόγος,
398 1866 469 1932 ἐπεὶ
487 1863 542 1930 καὶ
561 1860 706 1950 αῦτῶνὴ
725 1867 840 1950 βίβλος
858 1868 926 1932 τῶν
938 1859 1103 1950 Πράξεων

135 1961 272 2055 σννῳδά
289 1961 416 2044 τούτοις
441 1964 496 2032 καί
516 1961 682 2051 σύμφωνα
705 1979 878 2052 μαρτυρεῖ·
908 1969 992 2033 ἔνθα
1011 1967 1122 2032 ίστο-.

134 2067 271 2147 ροῦνται
296 2067 351 2131 καὶ
376 2063 472 2133 αὐτοὶ
495 2066 535 2153 τη
557 2067 624 2133 των
647 2063 847 2154 παραδόξων
877 2067 1027 2154 ἐνεργείᾳ
1053 2061 1097 2132 δι’

133 2159 293 2250 ὀνόματος
310 2167 369 2234 τοῦ
383 2162 490 2252 Ἰησοῦ
517 2162 598 2254 πρὸς
626 2163 737 2235 αὐτῶν
767 2167 1002 2253 ἐπιτελουμένη
1021 2159 1142 2245 τούςέο

65 2291 119 2344 (τεο)
134 2261 300 2353 παρόντας
318 2268 373 2335 καὶ
391 2266 467 2346 τοῦς
477 2270 670 2354 θεωμένους
686 2270 850 2353 ἐκπλῆξαι.
877 2270 928 2334 25.
950 2268 1102 2353 ἐξέπλητ-

132 2393 191 2433 τον
214 2364 293 2456 γάρ,
320 2362 363 2449 ῦς
388 2368 492 2454 εἰκὸς,
517 2365 572 2436 διά
596 2375 663 2438 τῶν
681 2375 788 2458 έργων
811 2364 888 2447 τοῦς
906 2371 1101 2456 θεωμένους

133 2464 310 2559 πρότερον·
346 2466 415 2539 εἶθ’
441 2467 545 2550 οὕτως
569 2467 766 2558 προθῦμονς
788 2468 879 2558 εἶχον
903 2464 1025 2548 αῦτοῦς
1045 2471 1100 2538 ἐπὶ

132 2567 168 2637 τό
197 2580 435 2654 φιλοπευστείν
460 2577 509 2650 τίς
536 2568 608 2638 ποτ’
638 2560 681 2658 ἦν
707 2560 803 2650 οὗτος
827 2559 870 2638 οῦ
892 2571 935 2657 τῇ
958 2565 1100 2658 δυνάμει

132 2670 188 2737 καὶ
207 2678 412 2760 προσηγορίᾳ
430 2668 466 2740 τό
484 2673 599 2757 θαῦμα
617 2673 768 2758 γέγονεν·
797 2669 869 2739 εἶτα
883 2666 1098 2752 διδάσκοντες
1111 2705 1141 2747 25

132 2766 292 2857 ηὕρισκον
308 2773 350 2858 τη
367 2778 477 2840 πίστει
495 2768 689 2858 φθάνοντας
702 2770 763 2859 τὴν
776 2767 856 2861 παρ’
877 2767 990 2840 αὐτῶν
1004 2776 1098 2840 διδα-

133 2877 281 2939 σκαλίαν.
323 2875 375 2939 26.
395 2869 435 2941 οῦ
459 2869 522 2960 γάρ
549 2887 616 2953 τοῖς
640 2870 750 2959 λόγοις
775 2873 987 2960 πεισθέντες,
1012 2869 1098 2942 ιἰλλά

131 2985 199 3050 τοῖς
218 2976 325 3061 ἔργοις
344 2975 679 3063 προκαταληφθέντες
703 2971 822 3064 ῥηίδιον
845 2975 1018 3044 ἐποιοῦντο
1035 2971 1098 3060 τὴν

132 3074 169 3140 έν
192 3089 260 3153 τοῖς
291 3071 400 3160 λόγοις
432 3072 595 3144 διάθεσιν.
645 3078 796 3162 λέγονται
819 3076 902 3162 γοῦν
926 3072 992 3162 ἥδη
1010 3074 1096 3156 τινές

132 3406 163 3452 10
185 3339 441 3453 85Matth.28,19.
523 3340 656 3391 .91b.20.
750 3342 782 3391 13
799 3341 843 3391 δο.
857 3342 899 3403 20,
913 3341 955 3392 22.
990 3340 1092 3391 Matth.

164 3441 170 3465 ,
203 3443 208 3454 .
