2326 3818
133 112 176 175 96
543 110 692 162 mmm

136 247 330 332 ὑποθέσεως
354 253 583 340 προφητειῶν,
606 266 678 332 ταῖς
702 257 960 336 παρατεθείσαις
978 279 1103 338 μαρτυ-

136 349 509 441 ρίαιςᾶρκεσθησόμεθα
516 351 661 422 καὶκατὰ
673 350 792 439 καιρὸν
803 341 903 434 αῦθις
916 347 1103 440 ἀναλαβόν-

107 487 122 527 d
135 483 188 535 τες
196 457 441 544 έξομαλίσομεν,
454 449 634 544 ήγοῦμενοι
647 455 728 537 τέως
742 455 896 537 δαψιλέσι
911 469 983 536 ταῖς
995 456 1103 536 λέξεσι

136 559 192 626 καὶ
208 573 281 637 ταῖς
304 551 369 625 ἀπὸ
392 554 520 627 τούτων
543 563 742 644 μαρτυρίαις
765 557 960 644 κεχρημένοι
980 559 1103 637 ίκανῶς

135 653 387 747 ἀποδεδειχέναι
404 657 511 746 μηδὲν
528 657 630 726 πλέον
648 664 736 746 ἔχειν
749 659 932 740 Ἰουδαίους
950 659 1019 727 τῶν
1036 666 1130 728 λοι-ο

136 762 209 829 πῶν
229 763 350 830 ἐθνῶν.
383 765 433 827 30.
455 768 521 827 εἴτε
535 754 599 847 γὰρ
614 760 673 847 τῆς
686 760 746 828 τοῦ
758 763 941 847 θεοφιλοῦς
956 754 1104 849 Ἀβραδιμ

137 856 291 948 εὐλογίας
317 858 440 949 μόνους
467 855 588 940 αὐτούς
614 882 719 948 φασιν
744 859 829 931 εἶναι
847 857 1029 941 κοινωνοῦς
1048 861 1104 931 διὰ

135 961 172 1031 τὸ
192 965 224 1044 ἐξ
243 959 347 1031 αὐτοῦ
365 957 522 1049 κατάγειν
538 958 576 1030 τό
593 963 704 1049 γένος·
732 957 883 1032 ἀλλὰκαὶ
901 978 969 1044 τοῖς
988 968 1105 1033 ἔθνεσι

136 1066 194 1151 τής
219 1072 293 1151 ίσης
317 1065 367 1155 τῶ,
376 1059 525 1152 Ἀβραὰμ
547 1058 588 1133 οῦ
606 1060 731 1152 μόνον,
758 1061 841 1133 ἀλλὰ
859 1066 915 1133 καὶ
932 1067 979 1157 τῷ
994 1059 1106 1135 Ἰσαόικ

137 1166 252 1258 καὶτῷ
267 1161 384 1252 Ἰακῶβ
397 1159 551 1252 εῦλογίας
563 1162 770 1252 μεταδώσειν
782 1163 992 1253 ἐπήγγελται,
1012 1171 1105 1256 διαρ-
1118 1186 1144 1229 1⁰

137 1262 245 1355 ρήδην
264 1263 553 1356 εῦλογηθήσεσθαι
571 1260 692 1355 ὁμοίως
710 1263 823 1348 αῦτοϊς
834 1265 944 1337 πάντα
961 1267 1002 1337 τδι
1019 1275 1105 1356 ἔθνη

137 1368 324 1458 προειπῶν,
350 1369 404 1438 καλ
423 1362 489 1438 ῦπὸ
506 1375 588 1456 μίαν
605 1370 661 1438 καὶ
678 1368 740 1456 τήν
765 1364 871 1456 αῦτήν
889 1365 1106 1458 εὐφροσύνην

136 1487 205 1552 τοῖς
222 1479 397 1560 μακαρίοις
416 1471 472 1539 καὶ
488 1473 663 1560 θεοφιλέσι
681 1472 738 1540 καὶ
750 1467 790 1539 τό
804 1468 903 1540 λοιπὰ
922 1478 1007 1560 ἔθνη
1025 1466 1106 1542 ῶνα·

137 1571 340 1662 καλούμενος
372 1570 454 1641 κατὰ
484 1570 520 1641 τὸ
545 1567 786 1661 “εῦφρόνθητε
816 1580 901 1661 ἔθνη
934 1572 1016 1662 μετὰ
1046 1575 1108 1645 τοῦ

137 1678 223 1745 λαοῦ
241 1669 382 1744 αῦτοῦ”’
424 1677 475 1741 31.
494 1676 551 1742 καὶ
564 1669 744 1762 ’δόρχοντες
767 1676 858 1744 λαῶν
882 1672 1107 1764 συνήχθησαν
1120 1692 1145 1736 1⁶

84 1807 126 1857 (σοι
138 1773 219 1864 μετὰ
236 1779 296 1845 τοῦ
308 1777 394 1845 θεοῦ
407 1771 554 1863 Ἀβραάμ
565 1771 594 1806 ·”
623 1786 688 1845 εἴτε
703 1776 757 1845 ἐπὶ
768 1781 922 1867 βασιλείᾳ
933 1778 995 1846 τοῦ
1009 1784 1107 1866 θεοῦ,

138 1875 182 1958 ῶς
200 1873 243 1947 &v
262 1873 365 1946 αὐτοῦ
388 1874 561 1964 γεγονότες
585 1878 723 1965 κληρος,
747 1875 986 1966 φρυάττονται·
1022 1875 1108 1949 ἀλλὰ

137 1980 194 2047 καὶ
215 1982 268 2048 ἐπὶ
286 1975 394 2048 πάντα
412 1975 452 2046 τδι
470 1976 568 2047 λοιπὰ
581 1984 665 2066 ἔθνη
684 1977 899 2067 βασιλεύσειν
915 1973 933 2048 ό
950 1978 1030 2060 θεὸς
1047 1992 1107 2053 θε·

138 2085 284 2163 σπίζεται
303 2074 442 2148 “staats
468 2077 549 2169 γὰρ,
574 2080 696 2169 φησὶν,
724 2083 761 2151 έν
784 2096 853 2161 τοῖς
876 2087 1030 2169 ἔθνεσιν,
1055 2080 1107 2155 ὅτι

138 2176 252 2268 κύριος
272 2177 508 2269 έβασίλευσε·”
558 2186 609 2252 32.
629 2183 684 2251 καὶ
707 2180 809 2255 πόλιν
827 2177 1070 2271 “ἐβασίλενσεν
1087 2179 1146 2256 (3²0

139 2280 218 2362 θεὸς
238 2284 290 2352 ἐπὶ
308 2279 473 2353 πάντατὰ
491 2291 577 2371 ἔθνη
586 2280 610 2314 ·”
640 2294 706 2354 είτε
725 2286 777 2354 ἐπὶ
789 2281 825 2354 τό
845 2289 1034 2374 ἱερουργεῖν
1051 2289 1108 2359 καὶ

138 2387 184 2477 τῷ
202 2387 274 2478 θεῷ
291 2382 465 2473 λατρεύειν
484 2388 668 2475 έξειλέχθαι
685 2383 807 2468 αῦτοῦς
825 2401 937 2475 φαῖεν,
958 2390 1109 2461 δεικτέον

138 2481 183 2569 ῶς
200 2488 336 2568 καὶτοῖς
349 2496 465 2559 ἔθνεσι
481 2494 540 2576 τής
555 2481 659 2576 λσηςό
679 2486 775 2576 λόγος
786 2486 993 2576 μεταδώσειν
1004 2487 1110 2578 έπήγ·

139 2597 251 2677 γελται
274 2597 457 2678 θεραπείας
481 2591 589 2676 λέγων
603 2583 621 2612 “
628 2591 782 2677 ἐνέγκατε
800 2595 846 2685 τῷ
864 2597 970 2683 κυρίῳ
989 2595 1027 2660 αί
1042 2608 1109 2662 πα-

112 2692 228 2778 ετριαῖ
251 2693 318 2759 τῶν
343 2692 474 2777 ἐθνῶν,
500 2691 653 2777 ἐνέγκατε
671 2694 718 2784 τῷ
734 2698 840 2784 κυρίῳ
860 2689 961 2775 δόξαν
978 2695 1035 2763 καὶ
1052 2722 1104 2764 τι·
1120 2709 1146 2753 ¹⁵

139 2788 215 2877 μήν.
252 2787 352 2879 ῦρατε
370 2796 510 2879 θυσίας,
529 2792 586 2860 καὶ
604 2791 844 2882 είσπορεῦεσθε
863 2800 910 2879 είς
926 2790 985 2876 τοὶς
1002 2791 1109 2878 αῦλῦς

140 2886 280 2960 αῦτοῦ.”
329 2896 379 2962 33.
405 2887 454 2973 οἷς
483 2890 599 2963 καὶτὸ
629 2890 718 2984 παρῶ
741 2899 787 2987 τῷ
801 2890 920 2988 Ἡσαΐᾳ
944 2894 1108 2982 συνάψεις

142 2989 255 3079 λόγιον
278 2990 314 3062 τό
338 2998 452 3082 φήσαν
469 2992 585 3066 “ἒσται
602 2993 845 3086 θυσιαστήριον
867 3001 914 3092 τῷ
937 3006 1046 3093 κυρίῳ
1071 3003 1109 3071 ἐν

141 3091 233 3188 χῶριγ
253 3092 444 3184 Αἰγύπτου,
464 3155 470 3166 .
493 3155 499 3167 .
521 3155 527 3167 .
550 3154 556 3166 .
583 3100 638 3166 καί
662 3095 847 3186 γνῶσονται
873 3103 908 3169 οί
928 3097 1108 3188 Αἰγύπτιοι

1004 3206 1022 3239 Χ

210 3363 451 3428 υωαῶῶ
584 3364 773 3427 μῶσο
899 3368 1107 3428 υὴῶῶ

142 3428 333 3492 κῶας
438 3431 627 3492 ιωωω.
732 3434 941 3497 μῶσο
