2326 3818
318 107 757 163 DEMONST.EVANG.H.3.
967 111 1031 174 105

57 278 129 342 ρων
148 245 192 319 δι’
216 243 258 336 ἣν
276 254 388 319 αἰτίαν
411 243 533 331 αὐτοὺς
552 243 742 340 ὠνόμασεν,
769 249 786 320 ὁ
805 248 905 333 αὐτός
924 254 1027 343 παρέ-

57 374 159 440 στησε
176 353 379 441 παραχρῆμα
393 346 498 420 είποδν
509 347 571 420 “αί
581 349 645 443 γὰρ
659 367 766 443 χείρες
780 349 877 443 ὑμῶν
891 352 1027 443 πλήρεις

57 447 232 542 αλματος.”
269 457 319 522 60.
341 452 396 522 καὶ
414 443 516 535 αὖθις
534 451 572 522 δὲ
589 447 719 541 ὑποβὰς
744 455 832 543 λέγει
845 448 929 543 “τήν
947 451 1028 526 οἶνο-

56 561 139 646 μίαν
151 550 266 625 αὐτῶν
279 551 324 635 ὡς
338 551 505 645 Σοδόμων
517 550 720 644 ἆνήγγειλαν
739 558 794 624 καί
812 554 1025 645 ἐνεφάνισαν.
1041 584 1057 624 ε

30 654 136 728 εοόαλ
166 658 207 748 τή
230 659 322 746 ψυχή
352 653 482 746 αὐτῶν,
515 653 600 727 διότι
631 655 874 745 ἐβουλεύσαντο
899 656 1028 747 βουλήν

57 755 211 850 πονηρὰν
228 753 310 828 καθ’
332 759 478 847 ἑαυτῶν,
497 756 649 842 εἰπόντες
667 756 717 830 ὅτι
736 757 882 851 δήσομεν
900 757 958 830 τόν
978 767 1026 830 δί-

58 889 175 950 καιον,
195 856 246 931 ότι
266 857 470 952 δύσχρηστος
488 854 570 950 ἡμῖν
595 857 723 933 ἐστιυ·”
766 866 816 932 61.
837 866 1028 953 σαφέστατα

58 959 195 1053 αἵματός
219 990 309 1043 τινος
332 963 388 1032 καλ
414 959 488 1044 ἑνός
508 968 641 1034 δικαίου
663 966 871 1055 μεμνημένος
891 968 1028 1053 ἐπιβου-

58 1068 135 1154 λῆς,
162 1071 252 1146 τίνος
277 1064 314 1133 δὲ
338 1060 403 1155 δρα
422 1059 443 1152 ή
467 1068 526 1135 τοῦ
545 1067 692 1156 σωτήρος
710 1063 806 1155 ήμοὶυ
820 1062 929 1156 Ἰησοῦ
948 1077 1029 1157 Χρι-

18 1193 45 1234 ιο
59 1170 159 1254 στου,
185 1163 231 1235 δι’
259 1160 300 1237 δν
323 1168 380 1236 καί
402 1160 482 1255 μεθ’
507 1162 548 1237 δν
565 1161 697 1238 ἅπαντα
719 1171 888 1257 μετήλθον
906 1164 1032 1253 αὐτοὺς

57 1267 99 1338 τὰ
117 1269 401 1360 προηγορευμένα.

314 1434 373 1520 λζ’.
416 1439 486 1507 Τοῦ
503 1433 607 1507 αὐτοῦ
621 1431 769 1507 Ἡσαΐου.
815 1534 820 1542 ι

135 1574 185 1641 62.
205 1567 286 1662 “Τή
309 1571 346 1641 δὲ
370 1566 477 1665 ήμὲρᾳ
502 1574 613 1662 ἐκείνη
640 1568 818 1661 ἐπιλόμφει
841 1568 859 1641 ὁ
884 1567 963 1652 θεός
992 1574 1031 1641 ἐν
1137 1600 1140 1604 ·

58 1675 166 1763 βουλῇ
184 1669 266 1763 μετὰ
290 1670 388 1763 δόξης
407 1675 461 1744 ἐπὶ
478 1677 535 1765 τής
553 1675 631 1765 γῆς,
656 1677 724 1745 τοῦ
742 1668 877 1757 ὑψῶσαι
895 1675 950 1743 καὶ
969 1677 1032 1744 τοῦ

19 1800 45 1842 15
60 1771 197 1859 δοξάσαι
221 1773 258 1846 τὸ
288 1775 515 1866 καταλειφθὲν
541 1778 603 1848 τοι]
625 1771 771 1868 Ἰσραήλ,
795 1778 851 1845 καὶ
877 1782 967 1846 ἔσται
991 1775 1030 1844 τὸ

58 1877 286 1968 καταλειφθὲν
309 1881 370 1949 τοι]
384 1873 514 1970 Ἰσραήλ
539 1881 577 1950 ἐν
595 1875 709 1967 Σιών,
735 1879 790 1948 καί
813 1876 850 1948 τό
875 1885 1028 1947 καταλει-

57 1979 149 2069 φθὲν
169 1982 205 2051 ἐν
223 1973 452 2070 Ἰερουσαλήμ·
484 1978 573 2070 δι’γιοι
599 1977 827 2070 κληθήσονται
847 1976 971 2061 πάντες
996 1984 1031 2049 oi

59 2083 243 2172 γραφέντες
259 2089 306 2163 είς
324 2079 412 2170 ζωήν
431 2089 478 2165 είς
493 2077 742 2172 Ἱερονσαλήμ.”
1042 2109 1091 2158 (τοι

135 2186 185 2255 63
211 2185 280 2253 Καὶ
308 2191 344 2253 τί
329 2179 403 2253 ίδ’
429 2179 472 2253 διν
503 2187 633 2273 γένοιτο
658 2182 694 2253 τό
719 2183 945 2273 καταλειφθὲν
968 2187 1029 2253 τοῦ

17 2311 44 2352 ιο
54 2279 185 2373 Ἰσραήλ
203 2282 303 2366 αὐτὸς
319 2279 336 2352 ὁ
355 2282 528 2374 προφήτης
543 2282 747 2375 διεσάφησεν
766 2279 902 2354 είπων“
905 2312 1029 2364 παντες

58 2389 93 2455 οί
108 2386 292 2474 γραφέντες
307 2390 354 2466 εἰς
357 2383 583 2514 Ἰερουσαλήμ
601 2387 657 2455 καὶ
672 2414 703 2455 οι
696 2381 929 2475 κληθέντες”
909 2381 1025 2473 αγιοι.”

57 2492 108 2569 τίς
126 2515 190 2557 ουν
206 2481 291 2577 αὕτη
309 2480 330 2577 ή
347 2483 466 2579 ήμερα,
486 2477 557 2578 ἕνη
575 2481 758 2571 δοξασιιν
742 2516 760 2556 ο
774 2482 854 2567 θεός
869 2482 954 2556 ual‘
936 2484 1029 2568 υψοό·

58 2610 131 2660 σειν
148 2617 184 2658 το
172 2588 430 2679 καταλειφθὲν
455 2591 515 2660 τοῦ
533 2587 663 2682 Ἰσραήλ
687 2591 743 2660 καί
766 2617 843 2670 τους
862 2597 1028 2677 κληθησο-

57 2693 178 2780 μένους
195 2689 312 2780 ἁγίους
337 2693 393 2762 ααλ
410 2694 686 2783 γραφησομένονς
712 2697 759 2774 είς
781 2689 901 2781 ζωήν
887 2692 1028 2779 λέγεται,

18 2817 45 2859 25
58 2789 286 2883 ἀναδραμόντι
312 2816 367 2866 σοι
388 2791 451 2883 τήν
473 2789 556 2914 δλήν
579 2798 637 2885 τής
667 2796 848 2914 περικοπής
872 2791 1029 2882 διήγησιν

59 2896 162 3014 δήλου
180 2900 280 2966 ἔσται,
318 2901 368 2965 64.
389 2890 462 2965 ἐν’
443 2899 529 2987 αρχῇ
546 2923 725 2987 τοιγαρουυ
742 2899 799 2985 τῆς
817 2891 896 2983 ὅλης
906 2901 928 2982 β
931 2901 1060 2982 ίβλουο

58 2993 119 3085 τήν
143 2994 226 3067 κατὰ
248 3000 306 3087 τής
326 2995 491 3078 Ἰουδαίας
518 2999 573 3068 καί
598 2994 682 3067 κατὰ
702 2990 916 3088 Ιερουσαλήμ
943 2994 1028 3066 ίδών

57 3094 175 3188 ὅρασιν
192 3094 210 3169 ὁ
226 3097 419 3224 προφήτης,
442 3099 498 3168 καὶ
523 3096 578 3168 δια
602 3104 769 3169 πλείστων
791 3093 1027 3186 ολπαριθμησιλ-

57 3228 156 3289 μενος
178 3204 239 3271 τοῦ
268 3197 391 3283 παντὸς
405 3197 581 3272 Ἰουδαίων
604 3208 727 3282 ἔθνους
754 3228 794 3270 τα
820 3194 1029 3286 ἀσεβήματα,

126 3434 297 3498 ευαμε
401 3435 560 3500 εφομ.
666 3431 850 3499 παρετ
