2326 3818
337 151 522 202 DEMONST.
538 151 669 200 EVANG.
687 151 748 203 VII.
766 153 790 200 l.
980 150 1042 211 441

76 287 96 378 ῆ
115 289 216 359 πάλαι
235 287 418 379 σεμνοτάτη
437 287 543 359 αὐτού
562 289 603 377 δῆ
621 294 680 358 τού
705 292 798 376 ίερού
816 285 928 359 αύτων
946 286 1043 378 ἀγιά-

76 414 196 479 σματος
217 387 302 478 ὥρα,
331 393 385 459 καί
414 398 445 458 εί
461 390 506 479 μῆ
525 388 762 480 εἰδωλολάτραι
779 386 964 477 ἀκάθαρτοι
982 389 1043 462 άν-

77 499 172 583 δρες,
199 497 234 561 οἵ
255 520 289 561 τε
308 495 458 581 πολέμιοι
476 487 587 560 αὐτῶν
610 489 691 578 μετά
717 496 836 580 βέλους
855 496 910 561 καὶ
929 493 1043 575 τοξεύ-

75 623 176 682 ματος
195 591 410 680 ἐπελθόντες,
435 589 495 661 ύπ’
516 588 622 662 αύτού
645 620 683 679 γε
700 599 760 662 τοῦ
778 600 898 682 κυρίου
917 621 1043 683 παρορ-

49 725 61 764 5
75 698 238 784 μηθέντες
254 698 289 764 ἐκ
302 699 359 783 τῆς
377 692 567 783 ἀλλοδαπῆς
582 693 798 783 ἐληλύθασιν,
809 693 1043 765 ἀνεπαύσαντό

75 824 110 866 τε
129 801 166 867 ἐν
183 813 255 877 ταῖς
273 795 394 886 χάραις
412 794 523 873 αὑτων
542 794 650 866 πάντα
667 795 769 866 τόπον
788 799 844 865 καὶ
861 794 968 878 πάσας
985 796 1043 878 τάς

75 897 187 979 πόλεις
211 897 323 968 αὐτῶν
348 896 648 987 ίδιοποιησάμενοι·
683 901 737 967 καί
763 906 919 987 ἔμπαλιν,
945 907 976 968 εί
998 899 1069 987 μῆι

75 999 141 1070 ἀπὸ
160 1003 281 1089 χέρσου
299 1003 354 1069 καὶ
373 996 524 1088 ἀκάνθης
542 1003 599 1086 τῆς
618 1002 698 1089 πρὶν
712 998 897 1089 ἀγεωργίας
914 1000 968 1069 διά
986 1008 1044 1088 τῆς

74 1107 134 1170 τοῦ
159 1108 306 1192 σωτῆρος
329 1100 424 1190 ῆμοόν
447 1107 665 1181 διδασκαλίας
683 1101 912 1189 μεταβαλόντα
936 1101 1044 1171 πάντα

38 1233 63 1271 10
76 1201 116 1271 τά
135 1210 181 1282 είς
200 1200 303 1270 αὐτόν
322 1200 562 1270 πεπιστευκότα
582 1209 665 1289 ἔθνη
679 1200 740 1290 τῆν
754 1199 877 1289 εὐσεβῆ
892 1206 945 1272 καὶ
962 1198 1044 1274 κατά

76 1301 158 1372 θεὸν
182 1301 320 1390 λογικῆν
343 1301 510 1390 ἀπείληφε
534 1311 781 1391 καρποφορίαν·
816 1306 873 1372 καὶ
899 1309 953 1374 ἐπὶ
971 1303 1044 1374 τού-

75 1433 160 1490 τοις,
180 1412 211 1472 εί
227 1401 272 1492 μῆ
290 1400 479 1492 ὀφθαλμοῖς
497 1403 556 1474 τόν
573 1404 717 1491 Χριστὸν
741 1403 868 1486 ἰδόντες
892 1402 953 1474 ούκ
972 1411 1046 1474 ἐπί-

76 1527 239 1591 στευσαν,
264 1509 319 1574 καὶ
345 1503 561 1587 διδάσκοντος
585 1503 789 1585 ἀκούσαντες
815 1515 845 1576 εί
867 1505 912 1594 μῆ
937 1505 1046 1596 παρῆ-

76 1629 220 1695 κουσαν,
245 1609 301 1675 καὶ
320 1614 351 1676 εί
367 1604 412 1695 μῆ
429 1604 469 1675 τά
493 1607 591 1675 λοιπά
609 1611 666 1694 τῆς
685 1616 889 1695 προφητείας
909 1612 1045 1695 ἐναργέ-

38 1737 62 1775 15
76 1732 177 1777 στατα
202 1711 316 1789 τέλους
347 1705 489 1797 τυχόντα
517 1706 582 1777 ἀπὸ
606 1712 674 1778 των
702 1707 833 1798 χρόνων
854 1708 964 1796 Ἰησού
987 1716 1046 1778 τοῦ

75 1813 223 1899 σωτῆρος
240 1806 335 1898 ῆμῶν
355 1816 536 1899 δείκνυται,
553 1805 618 1879 οὐκ
635 1807 743 1898 ἀνείη
762 1808 861 1891 αὐτὸς
879 1810 896 1880 ὁ
915 1838 1048 1898 προφη-

76 1911 262 2000 τευόμενος.
299 1917 349 1982 92.
371 1919 402 1981 εί
419 1913 455 1981 δέ
474 1915 529 1980 καὶ
546 1915 680 2004 τυφλῷ,
708 1910 751 1992 όές
775 1935 875 2000 φασι,
903 1919 988 1999 δῆλα
1006 1911 1047 1982 τά

76 2021 143 2083 τῶν
170 2014 279 2102 λόγων
304 2011 570 2102 ἀποτελέσματα,
604 2010 666 2083 ούκ
692 2012 809 2083 ἀλλοτε
841 2009 861 2102 ῆ
888 2012 953 2082 ἀπὸ
979 2017 1047 2083 των

76 2113 207 2202 χρόνων
224 2121 283 2202 τῆς
302 2118 498 2200 ἐπιφανείας
521 2113 625 2184 αὐτοῦ
647 2120 909 2204 πεπληρωμένα,
934 2126 969 2184 τί
985 2115 1075 2206 χρῆᾱ

37 2241 63 2280 εο
78 2212 194 2283 λοιπὸν
220 2219 275 2283 καὶ
299 2218 376 2302 περὶ
404 2221 462 2302 τῆς
490 2219 526 2284 ἐκ
553 2220 727 2303 παρθένου
754 2221 915 2302 γενέσεως
942 2216 1046 2286 αύτού
1062 2237 1115 2289 [2031

76 2314 269 2404 ἀμφιβόλως
297 2324 401 2404 ἔχειν,
429 2318 504 2403 οὐχὶ
532 2317 569 2384 δέ
596 2315 784 2404 εὐγνώμονι
811 2322 957 2411 λογισμῷ
982 2315 1046 2386 ἀπό

76 2421 144 2486 τῶν
164 2421 264 2486 είσέτι
277 2420 341 2486 νύν
355 2414 534 2504 ὁρωμένων
549 2419 605 2484 καὶ
622 2414 684 2504 τῆν
696 2415 865 2505 καταρχὴν
875 2422 943 2486 τῶν
961 2445 1047 2504 πρα-

77 2516 212 2607 γμάτων
230 2523 450 2602 πιστοῦσθαι;
476 2512 630 2608 όριόμενα
655 2519 691 2587 δὲ
711 2520 810 2588 είσέτι
828 2521 893 2587 νύν
910 2525 986 2586 τίνα
1004 2514 1047 2588 ἀν

77 2631 128 2708 είη
153 2616 225 2688 ἀλλ’
253 2616 273 2707 ῆ
299 2618 319 2709 ῆ
339 2617 512 2690 Ἰουδαίων
537 2627 584 2701 είς
603 2615 705 2689 αὐτὸν
723 2616 875 2708 ἀπιστία,
901 2623 1048 2709 ἐναργῶς

37 2746 63 2785 εε
77 2722 159 2792 κατά
184 2719 242 2792 τόν
266 2724 415 2813 χρησμὸν
438 2725 654 2812 πληρουμένη
677 2721 736 2792 τὸν
754 2719 926 2810 φάσκοντα
939 2719 1047 2810 “ἀκοῆ

76 2820 255 2910 ἀκούσετε,
274 2827 330 2892 καλ
348 2823 388 2893 οὐ
405 2820 450 2912 μῆ
469 2827 603 2912 συνῆτε,
624 2826 678 2893 καί
698 2827 877 2911 βλέποντες
895 2827 1047 2910 βλέψετε,

77 2925 132 2992 καὶ
159 2921 200 2991 ού
227 2923 272 3011 μῆ
300 2930 406 3012 ἴδητε
440 2930 490 2993 93.
511 2923 686 3013 ἐπαχύνθη
712 2924 776 3013 γάρ
804 2921 824 3013 ῆ
849 2931 971 3015 καρδία
988 2929 1048 2995 τού
1078 2971 1080 2975 ⁷

78 3029 162 3095 λαοῦ
180 3021 336 3111 τούτου,”
356 3029 411 3095 καὶ
428 3023 449 3113 ῆ
468 3033 644 3114 πολιορκία
668 3030 726 3113 τῆς
741 3021 973 3116 Ἰερουσαλὴμ,
992 3029 1048 3093 καὶ

77 3131 138 3197 τού
161 3126 263 3197 πάλαι
287 3123 400 3196 αύτῶν
424 3124 626 3216 ἀγιάσματος
649 3125 853 3216 ῆπαντελῆς
872 3127 1047 3214 έρῆμωσις,
1114 3122 1117 3127 ’

39 3247 64 3290 ³⁰
77 3232 144 3299 τεόν
162 3257 198 3298 τε
209 3226 412 3316 ἀλλοφύλων
426 3230 538 3297 ἐθνῶν
552 3230 607 3298 ἐπὶ
618 3232 676 3316 τῆς
689 3227 798 3318 χώρας
812 3225 922 3298 αύτων
937 3234 1048 3296 κατοί-
