<?xml version="1.0" encoding="UTF-8"?>
<!DOCTYPE html PUBLIC "-//W3C//DTD XHTML 1.0 Transitional//EN"
    "http://www.w3.org/TR/xhtml1/DTD/xhtml1-transitional.dtd">
<html xmlns="http://www.w3.org/1999/xhtml" xml:lang="en" lang="en">
 <head>
  <title>
</title>
<meta http-equiv="Content-Type" content="text/html;charset=utf-8" />
  <meta name='ocr-system' content='tesseract 3.04.00' />
  <meta name='ocr-capabilities' content='ocr_page ocr_carea ocr_par ocr_line ocrx_word'/>
</head>
<body>
  <div class='ocr_page' id='page_1' title='image "./eusebiicaesarie01dindgoog_0216.png"; bbox 0 0 2326 3818; ppageno 0'>
   <div class='ocr_carea' id='block_1_1' title="bbox 344 133 1053 200">
    <p class='ocr_par' dir='ltr' id='par_1_1' title="bbox 344 133 1053 200">
     <span class='ocr_line' id='line_1_1' title="bbox 344 133 1053 200; baseline 0.023 -16"><span class='ocrx_word' id='word_1_1' title='bbox 344 133 794 191; x_wconf 73' lang='grc' dir='ltr'><em>οεωοαευ.ανεωο.ιυ,α</em></span> <span class='ocrx_word' id='word_1_2' title='bbox 993 135 1053 200; x_wconf 83' lang='grc'><em>155</em></span> 
     </span>
    </p>
   </div>
   <div class='ocr_carea' id='block_1_2' title="bbox 31 263 1118 3312">
    <p class='ocr_par' dir='ltr' id='par_1_2' title="bbox 79 263 1080 669">
     <span class='ocr_line' id='line_1_2' title="bbox 157 263 1052 365; baseline 0.002 -22"><span class='ocrx_word' id='word_1_3' title='bbox 157 279 208 343; x_wconf 85' lang='grc'><em>66.</em></span> <span class='ocrx_word' id='word_1_4' title='bbox 249 277 360 343; x_wconf 82' lang='grc' dir='ltr'><em>Ταῦτα</em></span> <span class='ocrx_word' id='word_1_5' title='bbox 391 270 422 342; x_wconf 90' lang='grc' dir='ltr'><em>δ’</em></span> <span class='ocrx_word' id='word_1_6' title='bbox 459 263 522 343; x_wconf 85' lang='grc' dir='ltr'><em>οὑν</em></span> <span class='ocrx_word' id='word_1_7' title='bbox 545 271 585 344; x_wconf 89' lang='grc' dir='ltr'><em>τά</em></span> <span class='ocrx_word' id='word_1_8' title='bbox 615 281 701 363; x_wconf 82' lang='grc' dir='ltr'><em>ἔθνη</em></span> <span class='ocrx_word' id='word_1_9' title='bbox 736 277 793 344; x_wconf 81' lang='grc' dir='ltr'><em>καὶ</em></span> <span class='ocrx_word' id='word_1_10' title='bbox 827 273 845 344; x_wconf 86' lang='grc' dir='ltr'><em>δ</em></span> <span class='ocrx_word' id='word_1_11' title='bbox 880 275 1052 365; x_wconf 76' lang='grc' dir='ltr'><strong><em>προφήτης</em></strong></span> 
     </span>
     <span class='ocr_line' id='line_1_3' title="bbox 81 368 1080 467; baseline -0.002 -22"><span class='ocrx_word' id='word_1_12' title='bbox 81 372 216 467; x_wconf 75' lang='grc' dir='ltr'><strong><em>ᾐνίξατο</em></strong></span> <span class='ocrx_word' id='word_1_13' title='bbox 235 374 341 446; x_wconf 73' lang='grc' dir='ltr'><em>είποδν</em></span> <span class='ocrx_word' id='word_1_14' title='bbox 354 368 434 445; x_wconf 79' lang='grc' dir='ltr'><em>“διά</em></span> <span class='ocrx_word' id='word_1_15' title='bbox 451 377 549 445; x_wconf 77' lang='grc' dir='ltr'><em>τοῦτο</em></span> <span class='ocrx_word' id='word_1_16' title='bbox 574 371 673 458; x_wconf 82' lang='grc' dir='ltr'><em>αὐτὸς</em></span> <span class='ocrx_word' id='word_1_17' title='bbox 703 375 946 466; x_wconf 74' lang='grc' dir='ltr'><em>κληρονομήσει</em></span> <span class='ocrx_word' id='word_1_18' title='bbox 970 387 1080 448; x_wconf 67' lang='grc' dir='ltr'><em>πολ-ε</em></span> 
     </span>
     <span class='ocr_line' id='line_1_4' title="bbox 80 471 1048 566; baseline 0.001 -18"><span class='ocrx_word' id='word_1_19' title='bbox 80 472 177 559; x_wconf 86' lang='grc' dir='ltr'><em>λοάς”</em></span> <span class='ocrx_word' id='word_1_20' title='bbox 197 480 254 547; x_wconf 80' lang='grc' dir='ltr'><em>καὶ</em></span> <span class='ocrx_word' id='word_1_21' title='bbox 278 478 423 566; x_wconf 73' lang='grc' dir='ltr'><em>ἐπιλέγει</em></span> <span class='ocrx_word' id='word_1_22' title='bbox 443 471 522 546; x_wconf 66' lang='lat' dir='ltr'><em>“nal</em></span> <span class='ocrx_word' id='word_1_23' title='bbox 539 481 608 546; x_wconf 80' lang='grc' dir='ltr'><em>τῶν</em></span> <span class='ocrx_word' id='word_1_24' title='bbox 625 483 773 566; x_wconf 74' lang='grc' dir='ltr'><em>ἰσχυρῶν</em></span> <span class='ocrx_word' id='word_1_25' title='bbox 790 496 898 566; x_wconf 86' lang='grc' dir='ltr'><em>μεριεῑ</em></span> <span class='ocrx_word' id='word_1_26' title='bbox 915 478 1048 549; x_wconf 82' lang='grc' dir='ltr'><em>σκῦλα.”</em></span> 
     </span>
     <span class='ocr_line' id='line_1_5' title="bbox 79 574 1051 669; baseline 0.001 -20"><span class='ocrx_word' id='word_1_27' title='bbox 79 581 148 649; x_wconf 77' lang='grc' dir='ltr'><em>τοῖν</em></span> <span class='ocrx_word' id='word_1_28' title='bbox 165 577 229 666; x_wconf 86' lang='grc' dir='ltr'><em>γάρ</em></span> <span class='ocrx_word' id='word_1_29' title='bbox 249 576 428 667; x_wconf 78' lang='grc' dir='ltr'><em>δυνάμεων</em></span> <span class='ocrx_word' id='word_1_30' title='bbox 445 583 514 648; x_wconf 81' lang='grc' dir='ltr'><em>τῶν</em></span> <span class='ocrx_word' id='word_1_31' title='bbox 540 574 791 669; x_wconf 81' lang='grc' dir='ltr'><em>άντικειμέυων,</em></span> <span class='ocrx_word' id='word_1_32' title='bbox 811 588 848 650; x_wconf 82' lang='grc' dir='ltr'><em>αἳ</em></span> <span class='ocrx_word' id='word_1_33' title='bbox 863 578 966 651; x_wconf 88' lang='grc' dir='ltr'><em>πάλαι</em></span> <span class='ocrx_word' id='word_1_34' title='bbox 983 584 1051 650; x_wconf 74' lang='grc' dir='ltr'><em>τῶν</em></span> 
     </span>
    </p>

    <p class='ocr_par' dir='ltr' id='par_1_3' title="bbox 40 671 1051 1180">
     <span class='ocr_line' id='line_1_6' title="bbox 40 671 1051 772; baseline -0.001 -21"><span class='ocrx_word' id='word_1_35' title='bbox 40 708 66 750; x_wconf 76' lang='grc' dir='ltr'><em>ι·</em></span> <span class='ocrx_word' id='word_1_36' title='bbox 80 683 193 751; x_wconf 80' lang='grc' dir='ltr'><em>ἐθνῶν</em></span> <span class='ocrx_word' id='word_1_37' title='bbox 211 671 333 769; x_wconf 84' lang='grc' dir='ltr'><em>ῆρχον,</em></span> <span class='ocrx_word' id='word_1_38' title='bbox 352 676 409 761; x_wconf 90' lang='grc' dir='ltr'><em>τάς</em></span> <span class='ocrx_word' id='word_1_39' title='bbox 426 676 640 771; x_wconf 84' lang='grc' dir='ltr'><em>ὑποχειρίους</em></span> <span class='ocrx_word' id='word_1_40' title='bbox 658 678 845 772; x_wconf 78' lang='grc' dir='ltr'><em>ῥυσάμενος</em></span> <span class='ocrx_word' id='word_1_41' title='bbox 858 681 978 770; x_wconf 85' lang='grc' dir='ltr'><em>ψυχάς,</em></span> <span class='ocrx_word' id='word_1_42' title='bbox 997 678 1051 751; x_wconf 83' lang='grc' dir='ltr'><em>οἷα</em></span> 
     </span>
     <span class='ocr_line' id='line_1_7' title="bbox 81 780 1048 873; baseline 0.001 -21"><span class='ocrx_word' id='word_1_43' title='bbox 81 780 123 870; x_wconf 90' lang='grc' dir='ltr'><em>δή</em></span> <span class='ocrx_word' id='word_1_44' title='bbox 148 810 225 852; x_wconf 93' lang='grc' dir='ltr'><em>τινα</em></span> <span class='ocrx_word' id='word_1_45' title='bbox 260 784 367 852; x_wconf 83' lang='grc' dir='ltr'><em>σκὺλα</em></span> <span class='ocrx_word' id='word_1_46' title='bbox 398 799 467 863; x_wconf 87' lang='grc' dir='ltr'><em>τοίς</em></span> <span class='ocrx_word' id='word_1_47' title='bbox 502 789 636 864; x_wconf 73' lang='grc' dir='ltr'><em>οἰκείοις</em></span> <span class='ocrx_word' id='word_1_48' title='bbox 672 786 839 872; x_wconf 78' lang='grc' dir='ltr'><em>διένειμεν</em></span> <span class='ocrx_word' id='word_1_49' title='bbox 873 795 1048 873; x_wconf 74' lang='grc' dir='ltr'><em>μαθηταῖς.</em></span> 
     </span>
     <span class='ocr_line' id='line_1_8' title="bbox 79 878 1050 973; baseline 0.002 -20"><span class='ocrx_word' id='word_1_50' title='bbox 79 888 130 954; x_wconf 82' lang='grc'><em>63,</em></span> <span class='ocrx_word' id='word_1_51' title='bbox 159 880 212 954; x_wconf 86' lang='grc' dir='ltr'><em>διά</em></span> <span class='ocrx_word' id='word_1_52' title='bbox 229 905 334 972; x_wconf 83' lang='grc' dir='ltr'><em>φησιν</em></span> <span class='ocrx_word' id='word_1_53' title='bbox 351 881 369 954; x_wconf 85' lang='grc' dir='ltr'><em>ὃ</em></span> <span class='ocrx_word' id='word_1_54' title='bbox 384 878 521 966; x_wconf 82' lang='grc' dir='ltr'><em>Ἡσαΐας</em></span> <span class='ocrx_word' id='word_1_55' title='bbox 539 886 617 973; x_wconf 84' lang='grc' dir='ltr'><em>περὶ</em></span> <span class='ocrx_word' id='word_1_56' title='bbox 635 881 837 956; x_wconf 77' lang='grc' dir='ltr'><em>αὑτάν“καί</em></span> <span class='ocrx_word' id='word_1_57' title='bbox 853 881 1050 973; x_wconf 79' lang='grc' dir='ltr'><em>εὐφρανθή-</em></span> 
     </span>
     <span class='ocr_line' id='line_1_9' title="bbox 79 979 1048 1075; baseline 0 -19"><span class='ocrx_word' id='word_1_58' title='bbox 79 1006 196 1056; x_wconf 88' lang='grc' dir='ltr'><em>σονται</em></span> <span class='ocrx_word' id='word_1_59' title='bbox 206 982 351 1056; x_wconf 75' lang='grc' dir='ltr'><em>ἐνώπιόν</em></span> <span class='ocrx_word' id='word_1_60' title='bbox 363 1007 426 1056; x_wconf 89' lang='grc' dir='ltr'><em>σου</em></span> <span class='ocrx_word' id='word_1_61' title='bbox 435 979 476 1055; x_wconf 82' lang='grc' dir='ltr'><em>δυ</em></span> <span class='ocrx_word' id='word_1_62' title='bbox 487 984 612 1074; x_wconf 87' lang='grc' dir='ltr'><em>τρόπον</em></span> <span class='ocrx_word' id='word_1_63' title='bbox 624 990 658 1055; x_wconf 88' lang='grc' dir='ltr'><em>οί</em></span> <span class='ocrx_word' id='word_1_64' title='bbox 669 983 897 1075; x_wconf 78' lang='grc' dir='ltr'><em>διαιρούμενοι</em></span> <span class='ocrx_word' id='word_1_65' title='bbox 913 983 1048 1056; x_wconf 81' lang='grc' dir='ltr'><em>σκὺλα.”</em></span> 
     </span>
     <span class='ocr_line' id='line_1_10' title="bbox 80 1081 1049 1180; baseline 0 -23"><span class='ocrx_word' id='word_1_66' title='bbox 80 1089 137 1157; x_wconf 85' lang='grc' dir='ltr'><em>καὶ</em></span> <span class='ocrx_word' id='word_1_67' title='bbox 160 1081 178 1156; x_wconf 86' lang='grc' dir='ltr'><em>δ</em></span> <span class='ocrx_word' id='word_1_68' title='bbox 203 1084 383 1180; x_wconf 77' lang='grc' dir='ltr'><em>ψαλμριδδς</em></span> <span class='ocrx_word' id='word_1_69' title='bbox 396 1081 414 1111; x_wconf 85' lang='lat'><strong><em>“</em></strong></span> <span class='ocrx_word' id='word_1_70' title='bbox 425 1115 446 1156; x_wconf 95' lang='grc' dir='ltr'><em>κ</em></span> <span class='ocrx_word' id='word_1_71' title='bbox 459 1085 539 1175; x_wconf 82' lang='grc' dir='ltr'><em>’ριος</em></span> <span class='ocrx_word' id='word_1_72' title='bbox 558 1084 659 1158; x_wconf 82' lang='grc' dir='ltr'><em>δάσει</em></span> <span class='ocrx_word' id='word_1_73' title='bbox 677 1091 766 1178; x_wconf 80' lang='grc' dir='ltr'><em>ῥῆμα</em></span> <span class='ocrx_word' id='word_1_74' title='bbox 783 1104 853 1170; x_wconf 81' lang='grc' dir='ltr'><em>τοῖς</em></span> <span class='ocrx_word' id='word_1_75' title='bbox 877 1086 1049 1176; x_wconf 83' lang='grc' dir='ltr'><em>εὐαγγελι-</em></span> 
     </span>
    </p>

    <p class='ocr_par' dir='ltr' id='par_1_4' title="bbox 41 1183 1051 1462">
     <span class='ocr_line' id='line_1_11' title="bbox 41 1183 1051 1278; baseline 0.004 -21"><span class='ocrx_word' id='word_1_76' title='bbox 41 1218 66 1258; x_wconf 86' lang='lat'><em>10</em></span> <span class='ocrx_word' id='word_1_77' title='bbox 80 1190 226 1277; x_wconf 77' lang='grc' dir='ltr'><em>ζομέυοις</em></span> <span class='ocrx_word' id='word_1_78' title='bbox 245 1185 387 1277; x_wconf 76' lang='grc' dir='ltr'><em>δυνάμει</em></span> <span class='ocrx_word' id='word_1_79' title='bbox 405 1191 522 1278; x_wconf 85' lang='grc' dir='ltr'><em>πολλῆ.</em></span> <span class='ocrx_word' id='word_1_80' title='bbox 564 1183 582 1258; x_wconf 84' lang='grc' dir='ltr'><em>δ</em></span> <span class='ocrx_word' id='word_1_81' title='bbox 601 1186 760 1275; x_wconf 82' lang='grc' dir='ltr'><em>βασιλεὺς</em></span> <span class='ocrx_word' id='word_1_82' title='bbox 784 1193 853 1260; x_wconf 75' lang='grc' dir='ltr'><em>τῶν</em></span> <span class='ocrx_word' id='word_1_83' title='bbox 873 1189 1051 1278; x_wconf 86' lang='grc' dir='ltr'><em>δυνάμεων</em></span> 
     </span>
     <span class='ocr_line' id='line_1_12' title="bbox 79 1283 1049 1381; baseline 0 -21"><span class='ocrx_word' id='word_1_84' title='bbox 79 1293 139 1360; x_wconf 86' lang='grc' dir='ltr'><em>τοὺ</em></span> <span class='ocrx_word' id='word_1_85' title='bbox 166 1285 356 1379; x_wconf 85' lang='grc' dir='ltr'><em>άγαπητοῦ,</em></span> <span class='ocrx_word' id='word_1_86' title='bbox 380 1293 420 1381; x_wconf 85' lang='grc' dir='ltr'><em>τῆ</em></span> <span class='ocrx_word' id='word_1_87' title='bbox 445 1283 621 1378; x_wconf 77' lang='grc' dir='ltr'><em>ὑραιότητι</em></span> <span class='ocrx_word' id='word_1_88' title='bbox 651 1296 711 1361; x_wconf 79' lang='grc' dir='ltr'><em>τοῦ</em></span> <span class='ocrx_word' id='word_1_89' title='bbox 745 1301 841 1361; x_wconf 87' lang='grc' dir='ltr'><em>οίκου</em></span> <span class='ocrx_word' id='word_1_90' title='bbox 877 1293 1049 1362; x_wconf 79' lang='grc' dir='ltr'><em>διελέσθαι</em></span> 
     </span>
     <span class='ocr_line' id='line_1_13' title="bbox 79 1387 214 1462; baseline 0 -2"><span class='ocrx_word' id='word_1_91' title='bbox 79 1387 214 1462; x_wconf 59' lang='lat' dir='ltr'><em>numa?</em></span> 
     </span>
    </p>

    <p class='ocr_par' dir='ltr' id='par_1_5' title="bbox 155 1491 1078 1581">
     <span class='ocr_line' id='line_1_14' title="bbox 155 1491 1078 1581; baseline -0.003 -18"><span class='ocrx_word' id='word_1_92' title='bbox 155 1498 206 1563; x_wconf 83' lang='lat'><em>68.</em></span> <span class='ocrx_word' id='word_1_93' title='bbox 237 1491 386 1574; x_wconf 81' lang='grc' dir='ltr'><em>Εἰκότως</em></span> <span class='ocrx_word' id='word_1_94' title='bbox 408 1496 588 1581; x_wconf 74' lang='grc' dir='ltr'><em>τοιγαροῦν</em></span> <span class='ocrx_word' id='word_1_95' title='bbox 618 1496 674 1562; x_wconf 87' lang='grc' dir='ltr'><em>καὶ</em></span> <span class='ocrx_word' id='word_1_96' title='bbox 707 1496 857 1563; x_wconf 83' lang='grc' dir='ltr'><em>ἐνταῦθα</em></span> <span class='ocrx_word' id='word_1_97' title='bbox 889 1496 966 1580; x_wconf 81' lang='grc' dir='ltr'><em>περὶ</em></span> <span class='ocrx_word' id='word_1_98' title='bbox 989 1498 1049 1563; x_wconf 82' lang='grc' dir='ltr'><em>τοῦ</em></span> <span class='ocrx_word' id='word_1_99' title='bbox 1065 1522 1078 1560; x_wconf 78' lang='grc' dir='ltr'><em>ο</em></span> 
     </span>
    </p>

    <p class='ocr_par' dir='ltr' id='par_1_6' title="bbox 31 1589 1049 1689">
     <span class='ocr_line' id='line_1_15' title="bbox 31 1589 1049 1689; baseline -0.002 -24"><span class='ocrx_word' id='word_1_100' title='bbox 31 1684 35 1689; x_wconf 19' lang='grc' dir='ltr'><strong>Δ</strong></span> <span class='ocrx_word' id='word_1_101' title='bbox 79 1599 226 1684; x_wconf 81' lang='grc' dir='ltr'><em>Χριστοῦ</em></span> <span class='ocrx_word' id='word_1_102' title='bbox 251 1617 358 1685; x_wconf 84' lang='grc' dir='ltr'><em>φησιν</em></span> <span class='ocrx_word' id='word_1_103' title='bbox 373 1589 452 1664; x_wconf 77' lang='grc' dir='ltr'><em>“διά</em></span> <span class='ocrx_word' id='word_1_104' title='bbox 470 1597 567 1665; x_wconf 79' lang='grc' dir='ltr'><em>τοῦτο</em></span> <span class='ocrx_word' id='word_1_105' title='bbox 591 1591 691 1677; x_wconf 81' lang='grc' dir='ltr'><em>αὐτὸς</em></span> <span class='ocrx_word' id='word_1_106' title='bbox 707 1591 948 1684; x_wconf 81' lang='grc' dir='ltr'><em>κληρονομήσει</em></span> <span class='ocrx_word' id='word_1_107' title='bbox 967 1604 1049 1664; x_wconf 91' lang='grc' dir='ltr'><em>πολ-</em></span> 
     </span>
    </p>

    <p class='ocr_par' dir='ltr' id='par_1_7' title="bbox 40 1692 1050 2193">
     <span class='ocr_line' id='line_1_16' title="bbox 40 1692 1049 1786; baseline 0.001 -21"><span class='ocrx_word' id='word_1_108' title='bbox 40 1723 66 1766; x_wconf 87' lang='lat'><em>15</em></span> <span class='ocrx_word' id='word_1_109' title='bbox 79 1696 170 1786; x_wconf 82' lang='grc' dir='ltr'><em>λοὺς,</em></span> <span class='ocrx_word' id='word_1_110' title='bbox 185 1698 242 1767; x_wconf 85' lang='grc' dir='ltr'><em>καὶ</em></span> <span class='ocrx_word' id='word_1_111' title='bbox 259 1703 327 1766; x_wconf 76' lang='grc' dir='ltr'><em>τῶν</em></span> <span class='ocrx_word' id='word_1_112' title='bbox 345 1698 496 1784; x_wconf 72' lang='grc' dir='ltr'><em>ἰσχυρῶν</em></span> <span class='ocrx_word' id='word_1_113' title='bbox 519 1711 630 1784; x_wconf 85' lang='grc' dir='ltr'><em>μεριεί</em></span> <span class='ocrx_word' id='word_1_114' title='bbox 651 1692 788 1767; x_wconf 85' lang='grc' dir='ltr'><em>σκὺλα.”</em></span> <span class='ocrx_word' id='word_1_115' title='bbox 811 1695 865 1765; x_wconf 87' lang='grc' dir='ltr'><em>διά</em></span> <span class='ocrx_word' id='word_1_116' title='bbox 890 1712 988 1766; x_wconf 80' lang='grc' dir='ltr'><em>ποῖον</em></span> <span class='ocrx_word' id='word_1_117' title='bbox 1012 1698 1049 1766; x_wconf 76' lang='grc' dir='ltr'><em>δὲ</em></span> 
     </span>
     <span class='ocr_line' id='line_1_17' title="bbox 77 1787 1050 1888; baseline -0.003 -19"><span class='ocrx_word' id='word_1_118' title='bbox 77 1804 174 1869; x_wconf 82' lang='grc' dir='ltr'><em>τοῦτο</em></span> <span class='ocrx_word' id='word_1_119' title='bbox 201 1795 304 1868; x_wconf 91' lang='grc' dir='ltr'><em>πάλιν</em></span> <span class='ocrx_word' id='word_1_120' title='bbox 334 1800 408 1888; x_wconf 79' lang='grc' dir='ltr'><em>ἑξῆς</em></span> <span class='ocrx_word' id='word_1_121' title='bbox 437 1795 588 1869; x_wconf 87' lang='grc' dir='ltr'><em>διδάσκει</em></span> <span class='ocrx_word' id='word_1_122' title='bbox 612 1795 723 1887; x_wconf 84' lang='grc' dir='ltr'><em>φήσας</em></span> <span class='ocrx_word' id='word_1_123' title='bbox 743 1793 850 1869; x_wconf 83' lang='grc' dir='ltr'><em>“άυθ’</em></span> <span class='ocrx_word' id='word_1_124' title='bbox 875 1787 923 1869; x_wconf 74' lang='grc' dir='ltr'><em>ὦν</em></span> <span class='ocrx_word' id='word_1_125' title='bbox 946 1825 1050 1886; x_wconf 90' lang='grc' dir='ltr'><em>παρε-</em></span> 
     </span>
     <span class='ocr_line' id='line_1_18' title="bbox 79 1894 1049 1989; baseline -0.001 -20"><span class='ocrx_word' id='word_1_126' title='bbox 79 1896 167 1989; x_wconf 89' lang='grc' dir='ltr'><em>δόθη</em></span> <span class='ocrx_word' id='word_1_127' title='bbox 187 1905 235 1982; x_wconf 86' lang='grc' dir='ltr'><em>είς</em></span> <span class='ocrx_word' id='word_1_128' title='bbox 251 1897 402 1970; x_wconf 90' lang='grc' dir='ltr'><em>θάνατον</em></span> <span class='ocrx_word' id='word_1_129' title='bbox 420 1894 441 1988; x_wconf 90' lang='grc' dir='ltr'><em>ή</em></span> <span class='ocrx_word' id='word_1_130' title='bbox 459 1899 550 1989; x_wconf 82' lang='grc' dir='ltr'><em>ψυχῆ</em></span> <span class='ocrx_word' id='word_1_131' title='bbox 568 1895 672 1971; x_wconf 78' lang='grc' dir='ltr'><em>αὑτοῦ</em></span> <span class='ocrx_word' id='word_1_132' title='bbox 690 1902 747 1970; x_wconf 82' lang='grc' dir='ltr'><em>καὶ</em></span> <span class='ocrx_word' id='word_1_133' title='bbox 767 1903 895 1985; x_wconf 82' lang='grc' dir='ltr'><em>ἐντοῖς</em></span> <span class='ocrx_word' id='word_1_134' title='bbox 913 1895 1049 1988; x_wconf 89' lang='grc' dir='ltr'><em>άνόμοις</em></span> 
     </span>
     <span class='ocr_line' id='line_1_19' title="bbox 79 1997 1049 2090; baseline 0 -20"><span class='ocrx_word' id='word_1_135' title='bbox 79 2003 256 2090; x_wconf 77' lang='grc' dir='ltr'><em>ἐλογίσθη,</em></span> <span class='ocrx_word' id='word_1_136' title='bbox 280 2004 337 2071; x_wconf 79' lang='grc' dir='ltr'><em>καί</em></span> <span class='ocrx_word' id='word_1_137' title='bbox 360 1997 460 2082; x_wconf 80' lang='grc' dir='ltr'><em>αὐτὸς</em></span> <span class='ocrx_word' id='word_1_138' title='bbox 494 1997 655 2090; x_wconf 89' lang='grc' dir='ltr'><em>άμαρτίας</em></span> <span class='ocrx_word' id='word_1_139' title='bbox 688 2006 823 2072; x_wconf 75' lang='grc' dir='ltr'><em>πολλῶν</em></span> <span class='ocrx_word' id='word_1_140' title='bbox 850 1999 1049 2089; x_wconf 79' lang='grc' dir='ltr'><em>άυήυεγκεν,</em></span> 
     </span>
     <span class='ocr_line' id='line_1_20' title="bbox 79 2099 1047 2193; baseline -0.001 -22"><span class='ocrx_word' id='word_1_141' title='bbox 79 2105 135 2172; x_wconf 80' lang='grc' dir='ltr'><em>καί</em></span> <span class='ocrx_word' id='word_1_142' title='bbox 161 2102 217 2172; x_wconf 88' lang='grc' dir='ltr'><em>διά</em></span> <span class='ocrx_word' id='word_1_143' title='bbox 239 2099 297 2184; x_wconf 87' lang='grc' dir='ltr'><em>τάς</em></span> <span class='ocrx_word' id='word_1_144' title='bbox 320 2100 482 2193; x_wconf 80' lang='grc' dir='ltr'><em>ἁμαρτίας</em></span> <span class='ocrx_word' id='word_1_145' title='bbox 518 2100 631 2175; x_wconf 78' lang='grc' dir='ltr'><em>αὑτῶν</em></span> <span class='ocrx_word' id='word_1_146' title='bbox 655 2101 856 2191; x_wconf 84' lang='grc' dir='ltr'><em>παρεδόθη.”</em></span> <span class='ocrx_word' id='word_1_147' title='bbox 894 2109 946 2173; x_wconf 81' lang='grc'><em>69.</em></span> <span class='ocrx_word' id='word_1_148' title='bbox 974 2101 1047 2173; x_wconf 77' lang='grc' dir='ltr'><em>άυτὶ</em></span> 
     </span>
    </p>

    <p class='ocr_par' dir='ltr' id='par_1_8' title="bbox 40 2199 1050 2701">
     <span class='ocr_line' id='line_1_21' title="bbox 40 2199 1050 2295; baseline 0.001 -22"><span class='ocrx_word' id='word_1_149' title='bbox 40 2233 67 2273; x_wconf 78' lang='grc' dir='ltr'><em>το</em></span> <span class='ocrx_word' id='word_1_150' title='bbox 80 2201 210 2274; x_wconf 84' lang='grc' dir='ltr'><em>τούτων</em></span> <span class='ocrx_word' id='word_1_151' title='bbox 238 2203 303 2295; x_wconf 88' lang='grc' dir='ltr'><em>γάρ</em></span> <span class='ocrx_word' id='word_1_152' title='bbox 327 2201 545 2293; x_wconf 79' lang='grc' dir='ltr'><em>άμειβόμενος</em></span> <span class='ocrx_word' id='word_1_153' title='bbox 573 2201 677 2275; x_wconf 82' lang='grc' dir='ltr'><em>αὑτὸν</em></span> <span class='ocrx_word' id='word_1_154' title='bbox 702 2200 720 2275; x_wconf 85' lang='grc' dir='ltr'><em>δ</em></span> <span class='ocrx_word' id='word_1_155' title='bbox 745 2206 853 2293; x_wconf 84' lang='grc' dir='ltr'><em>πατὴρ</em></span> <span class='ocrx_word' id='word_1_156' title='bbox 884 2208 942 2292; x_wconf 89' lang='grc' dir='ltr'><em>τῆς</em></span> <span class='ocrx_word' id='word_1_157' title='bbox 965 2199 1050 2274; x_wconf 88' lang='grc' dir='ltr'><em>ὑπα-</em></span> 
     </span>
     <span class='ocr_line' id='line_1_22' title="bbox 80 2302 1049 2399; baseline -0.001 -24"><span class='ocrx_word' id='word_1_158' title='bbox 80 2308 158 2394; x_wconf 88' lang='grc' dir='ltr'><em>κοῆς</em></span> <span class='ocrx_word' id='word_1_159' title='bbox 183 2307 239 2375; x_wconf 84' lang='grc' dir='ltr'><em>καὶ</em></span> <span class='ocrx_word' id='word_1_160' title='bbox 262 2310 320 2396; x_wconf 86' lang='grc' dir='ltr'><em>τῆς</em></span> <span class='ocrx_word' id='word_1_161' title='bbox 343 2305 516 2395; x_wconf 77' lang='grc' dir='ltr'><em>ὑπομονῆς</em></span> <span class='ocrx_word' id='word_1_162' title='bbox 539 2310 637 2378; x_wconf 79' lang='grc' dir='ltr'><em>ἕνεκα</em></span> <span class='ocrx_word' id='word_1_163' title='bbox 667 2305 852 2395; x_wconf 74' lang='grc' dir='ltr'><em>δεδώρηται</em></span> <span class='ocrx_word' id='word_1_164' title='bbox 884 2302 974 2399; x_wconf 75' lang='grc' dir='ltr'><em>αὐτῷ</em></span> <span class='ocrx_word' id='word_1_165' title='bbox 1009 2305 1049 2375; x_wconf 88' lang='grc' dir='ltr'><em>τά</em></span> 
     </span>
     <span class='ocr_line' id='line_1_23' title="bbox 80 2405 1050 2499; baseline -0.003 -22"><span class='ocrx_word' id='word_1_166' title='bbox 80 2409 264 2496; x_wconf 78' lang='grc' dir='ltr'><em>ἐγκείμενα·</em></span> <span class='ocrx_word' id='word_1_167' title='bbox 283 2412 401 2498; x_wconf 80' lang='grc' dir='ltr'><em>γέγονε</em></span> <span class='ocrx_word' id='word_1_168' title='bbox 418 2405 482 2497; x_wconf 88' lang='grc' dir='ltr'><em>γάρ</em></span> <span class='ocrx_word' id='word_1_169' title='bbox 500 2405 647 2495; x_wconf 81' lang='grc' dir='ltr'><em>ὑπήκοος</em></span> <span class='ocrx_word' id='word_1_170' title='bbox 676 2410 722 2499; x_wconf 76' lang='grc' dir='ltr'><em>τῷ</em></span> <span class='ocrx_word' id='word_1_171' title='bbox 746 2410 847 2494; x_wconf 80' lang='grc' dir='ltr'><em>πατρὶ</em></span> <span class='ocrx_word' id='word_1_172' title='bbox 864 2409 959 2495; x_wconf 81' lang='grc' dir='ltr'><em>μέχρι</em></span> <span class='ocrx_word' id='word_1_173' title='bbox 984 2419 1050 2475; x_wconf 86' lang='grc' dir='ltr'><em>θα-</em></span> 
     </span>
     <span class='ocr_line' id='line_1_24' title="bbox 80 2504 1050 2599; baseline -0.004 -20"><span class='ocrx_word' id='word_1_174' title='bbox 80 2507 199 2579; x_wconf 84' lang='grc' dir='ltr'><em>νάτου·</em></span> <span class='ocrx_word' id='word_1_175' title='bbox 221 2510 273 2580; x_wconf 86' lang='grc' dir='ltr'><em>διὸ</em></span> <span class='ocrx_word' id='word_1_176' title='bbox 292 2513 348 2580; x_wconf 83' lang='grc' dir='ltr'><em>καλ</em></span> <span class='ocrx_word' id='word_1_177' title='bbox 366 2507 630 2599; x_wconf 89' lang='grc' dir='ltr'><em>κληρονομήσειν</em></span> <span class='ocrx_word' id='word_1_178' title='bbox 656 2510 812 2595; x_wconf 88' lang='grc' dir='ltr'><em>πολλοὺς,</em></span> <span class='ocrx_word' id='word_1_179' title='bbox 831 2509 886 2576; x_wconf 79' lang='grc' dir='ltr'><em>καὶ</em></span> <span class='ocrx_word' id='word_1_180' title='bbox 904 2504 945 2576; x_wconf 82' lang='grc' dir='ltr'><em>οὐ</em></span> <span class='ocrx_word' id='word_1_181' title='bbox 964 2506 1050 2596; x_wconf 80' lang='grc' dir='ltr'><em>πρά-</em></span> 
     </span>
     <span class='ocr_line' id='line_1_25' title="bbox 78 2606 1050 2701; baseline -0.002 -21"><span class='ocrx_word' id='word_1_182' title='bbox 78 2638 188 2699; x_wconf 88' lang='grc' dir='ltr'><em>τερον,</em></span> <span class='ocrx_word' id='word_1_183' title='bbox 200 2607 286 2682; x_wconf 89' lang='grc' dir='ltr'><em>άλλά</em></span> <span class='ocrx_word' id='word_1_184' title='bbox 308 2610 390 2701; x_wconf 89' lang='grc' dir='ltr'><em>μετά</em></span> <span class='ocrx_word' id='word_1_185' title='bbox 416 2611 452 2682; x_wconf 86' lang='grc' dir='ltr'><em>τὸ</em></span> <span class='ocrx_word' id='word_1_186' title='bbox 476 2613 713 2701; x_wconf 79' lang='grc' dir='ltr'><em>παραδοθῆναι</em></span> <span class='ocrx_word' id='word_1_187' title='bbox 745 2617 791 2692; x_wconf 86' lang='grc' dir='ltr'><em>εἰς</em></span> <span class='ocrx_word' id='word_1_188' title='bbox 815 2606 965 2680; x_wconf 91' lang='grc' dir='ltr'><em>θάνατον</em></span> <span class='ocrx_word' id='word_1_189' title='bbox 987 2607 1050 2697; x_wconf 89' lang='grc' dir='ltr'><em>τήν</em></span> 
     </span>
    </p>

    <p class='ocr_par' dir='ltr' id='par_1_9' title="bbox 39 2709 1118 3210">
     <span class='ocr_line' id='line_1_26' title="bbox 39 2709 1050 2803; baseline -0.001 -21"><span class='ocrx_word' id='word_1_190' title='bbox 39 2739 66 2783; x_wconf 79' lang='grc' dir='ltr'><em>ετ</em></span> <span class='ocrx_word' id='word_1_191' title='bbox 80 2709 193 2803; x_wconf 81' lang='grc' dir='ltr'><em>ψυχήν</em></span> <span class='ocrx_word' id='word_1_192' title='bbox 211 2709 318 2784; x_wconf 76' lang='grc' dir='ltr'><em>αὑτοῦ</em></span> <span class='ocrx_word' id='word_1_193' title='bbox 335 2717 391 2786; x_wconf 83' lang='grc' dir='ltr'><em>καί</em></span> <span class='ocrx_word' id='word_1_194' title='bbox 410 2716 447 2783; x_wconf 81' lang='grc' dir='ltr'><em>ἐν</em></span> <span class='ocrx_word' id='word_1_195' title='bbox 464 2729 533 2796; x_wconf 83' lang='grc' dir='ltr'><em>τοῖς</em></span> <span class='ocrx_word' id='word_1_196' title='bbox 551 2709 686 2802; x_wconf 90' lang='grc' dir='ltr'><em>άυόμοις</em></span> <span class='ocrx_word' id='word_1_197' title='bbox 705 2715 917 2803; x_wconf 89' lang='grc' dir='ltr'><em>λογισθῆναι,</em></span> <span class='ocrx_word' id='word_1_198' title='bbox 926 2720 1050 2782; x_wconf 88' lang='grc' dir='ltr'><em>θεσπί-</em></span> 
     </span>
     <span class='ocr_line' id='line_1_27' title="bbox 79 2812 1104 2906; baseline -0.002 -22"><span class='ocrx_word' id='word_1_199' title='bbox 79 2823 175 2898; x_wconf 80' lang='grc' dir='ltr'><em>ζεται.</em></span> <span class='ocrx_word' id='word_1_200' title='bbox 215 2813 271 2885; x_wconf 88' lang='grc' dir='ltr'><em>διά</em></span> <span class='ocrx_word' id='word_1_201' title='bbox 293 2823 399 2886; x_wconf 82' lang='grc' dir='ltr'><em>ταῦτα</em></span> <span class='ocrx_word' id='word_1_202' title='bbox 422 2812 485 2904; x_wconf 89' lang='grc' dir='ltr'><em>γάρ</em></span> <span class='ocrx_word' id='word_1_203' title='bbox 516 2826 644 2905; x_wconf 76' lang='grc' dir='ltr'><em>εἴρηται</em></span> <span class='ocrx_word' id='word_1_204' title='bbox 674 2812 939 2906; x_wconf 89' lang='grc' dir='ltr'><em>κληρονομήσειν</em></span> <span class='ocrx_word' id='word_1_205' title='bbox 967 2824 1050 2884; x_wconf 84' lang='grc' dir='ltr'><em>πολ·</em></span> <span class='ocrx_word' id='word_1_206' title='bbox 1065 2843 1104 2893; x_wconf 76' lang='grc' dir='ltr'><em>μοι</em></span> 
     </span>
     <span class='ocr_line' id='line_1_28' title="bbox 77 2911 1051 3008; baseline -0.001 -23"><span class='ocrx_word' id='word_1_207' title='bbox 77 2912 157 2997; x_wconf 85' lang='grc' dir='ltr'><em>λοὺς</em></span> <span class='ocrx_word' id='word_1_208' title='bbox 182 2918 237 2986; x_wconf 83' lang='grc' dir='ltr'><em>καὶ</em></span> <span class='ocrx_word' id='word_1_209' title='bbox 256 2919 324 2987; x_wconf 72' lang='grc' dir='ltr'><em>’τοῖν</em></span> <span class='ocrx_word' id='word_1_210' title='bbox 342 2920 490 3008; x_wconf 77' lang='grc' dir='ltr'><em>ἰσχυράν</em></span> <span class='ocrx_word' id='word_1_211' title='bbox 507 2925 659 3006; x_wconf 84' lang='grc' dir='ltr'><em>μερίσειν</em></span> <span class='ocrx_word' id='word_1_212' title='bbox 676 2916 716 2986; x_wconf 88' lang='grc' dir='ltr'><em>τά</em></span> <span class='ocrx_word' id='word_1_213' title='bbox 728 2921 845 2986; x_wconf 85' lang='grc' dir='ltr'><em>σκῦλα.</em></span> <span class='ocrx_word' id='word_1_214' title='bbox 878 2921 927 2986; x_wconf 77' lang='lat'><em>70.</em></span> <span class='ocrx_word' id='word_1_215' title='bbox 947 2911 1051 3004; x_wconf 81' lang='grc' dir='ltr'><em>ῆγοῆ-</em></span> 
     </span>
     <span class='ocr_line' id='line_1_29' title="bbox 78 3014 1050 3109; baseline -0.002 -23"><span class='ocrx_word' id='word_1_216' title='bbox 78 3046 138 3107; x_wconf 93' lang='grc' dir='ltr'><em>μαι</em></span> <span class='ocrx_word' id='word_1_217' title='bbox 165 3018 203 3087; x_wconf 73' lang='grc' dir='ltr'><em>δὲ</em></span> <span class='ocrx_word' id='word_1_218' title='bbox 227 3016 464 3109; x_wconf 81' lang='grc' dir='ltr'><em>ἀναμφιλόγως</em></span> <span class='ocrx_word' id='word_1_219' title='bbox 482 3015 545 3106; x_wconf 91' lang='grc' dir='ltr'><em>τῆν</em></span> <span class='ocrx_word' id='word_1_220' title='bbox 569 3021 605 3087; x_wconf 76' lang='grc' dir='ltr'><em>ἐκ</em></span> <span class='ocrx_word' id='word_1_221' title='bbox 629 3022 760 3106; x_wconf 77' lang='grc' dir='ltr'><em>νεκρῶν</em></span> <span class='ocrx_word' id='word_1_222' title='bbox 783 3014 968 3088; x_wconf 88' lang='grc' dir='ltr'><em>άυάστασιν</em></span> <span class='ocrx_word' id='word_1_223' title='bbox 992 3024 1050 3087; x_wconf 80' lang='grc' dir='ltr'><em>τοῦ</em></span> 
     </span>
     <span class='ocr_line' id='line_1_30' title="bbox 78 3115 1118 3210; baseline 0 -21"><span class='ocrx_word' id='word_1_224' title='bbox 78 3123 376 3210; x_wconf 78' lang='grc' dir='ltr'><em>προφητευομένου</em></span> <span class='ocrx_word' id='word_1_225' title='bbox 395 3120 451 3191; x_wconf 89' lang='grc' dir='ltr'><em>διά</em></span> <span class='ocrx_word' id='word_1_226' title='bbox 467 3117 597 3190; x_wconf 82' lang='grc' dir='ltr'><em>τούτων</em></span> <span class='ocrx_word' id='word_1_227' title='bbox 613 3126 850 3210; x_wconf 84' lang='grc' dir='ltr'><em>παρίστασθαι.</em></span> <span class='ocrx_word' id='word_1_228' title='bbox 892 3121 963 3200; x_wconf 73' lang='grc' dir='ltr'><em>πῶς</em></span> <span class='ocrx_word' id='word_1_229' title='bbox 986 3115 1049 3204; x_wconf 90' lang='grc' dir='ltr'><em>γάρ</em></span> <span class='ocrx_word' id='word_1_230' title='bbox 1064 3150 1118 3199; x_wconf 77' lang='grc' dir='ltr'><em>μοι)</em></span> 
     </span>
    </p>

    <p class='ocr_par' dir='ltr' id='par_1_10' title="bbox 39 3216 1051 3312">
     <span class='ocr_line' id='line_1_31' title="bbox 39 3216 1051 3312; baseline -0.006 -21"><span class='ocrx_word' id='word_1_231' title='bbox 39 3217 190 3303; x_wconf 82' lang='grc' dir='ltr'><em>εοάλλως</em></span> <span class='ocrx_word' id='word_1_232' title='bbox 209 3225 381 3312; x_wconf 86' lang='grc' dir='ltr'><em>ἐπινοῆσαι</em></span> <span class='ocrx_word' id='word_1_233' title='bbox 410 3220 556 3293; x_wconf 90' lang='grc' dir='ltr'><em>δυνατὸν</em></span> <span class='ocrx_word' id='word_1_234' title='bbox 574 3216 619 3302; x_wconf 78' lang='grc' dir='ltr'><em>ὡς</em></span> <span class='ocrx_word' id='word_1_235' title='bbox 643 3218 814 3311; x_wconf 84' lang='grc' dir='ltr'><em>πρόβατον</em></span> <span class='ocrx_word' id='word_1_236' title='bbox 837 3220 892 3288; x_wconf 81' lang='grc' dir='ltr'><em>ἐπὶ</em></span> <span class='ocrx_word' id='word_1_237' title='bbox 916 3216 1051 3305; x_wconf 84' lang='grc' dir='ltr'><em>σφαγῆν</em></span> 
     </span>
    </p>
   </div>
   <div class='ocr_carea' id='block_1_3' title="bbox 150 3455 621 3520">
    <p class='ocr_par' dir='ltr' id='par_1_11' title="bbox 150 3455 621 3520">
     <span class='ocr_line' id='line_1_32' title="bbox 150 3455 621 3520; baseline -0.011 -14"><span class='ocrx_word' id='word_1_238' title='bbox 150 3457 316 3519; x_wconf 67' lang='grc' dir='ltr'><em>τεεοε</em></span> <span class='ocrx_word' id='word_1_239' title='bbox 422 3455 621 3520; x_wconf 58' lang='grc' dir='ltr'><em>οωοηω</em></span> 
     </span>
    </p>
   </div>
   <div class='ocr_carea' id='block_1_4' title="bbox 0 0 1168 3818">
    <p class='ocr_par' dir='ltr' id='par_1_12' title="bbox 0 0 1168 3818">
     <span class='ocr_line' id='line_1_33' title="bbox 0 0 1168 3818; baseline 0 0"><span class='ocrx_word' id='word_1_240' title='bbox 0 0 1168 3818; x_wconf 95' lang='lat' dir='ltr'><em> </em></span> 
     </span>
    </p>
   </div>
  </div>
 </body>
</html>
