2326 3818
338 135 752 191 DEMONST.EVANG.VII.
769 138 794 187 ε.
989 133 1051 197 471

82 274 230 368 πρόοδον
249 278 282 358 ἐξ
300 272 402 398 αῦτῆς
421 272 608 363 ἐποιήσατο,
628 272 824 354 ἀκολούθως
837 291 909 354 ταῖς
922 300 1050 405 τροφχ-
1062 270 1083 342 4ι)

82 394 191 459 τικαῑς
208 373 450 500 προρρήσεσιν,
475 370 559 446 ὥστε
583 371 644 446 οῦκ
667 372 794 462 ἀῦηλον
813 373 972 445 εἶναικαὶ
990 375 1053 462 τὴν

83 485 198 549 αἰτίαν
216 473 295 547 δι’
281 505 325 565 ην
341 483 487 574 πατρίδα
503 473 566 565 τὴν
583 476 736 564 Βηθλεὲμ
755 473 973 565 ἐπεγράψατο.
998 481 1050 546 46.

84 575 167 649 ἀλλά
185 578 242 647 καὶ
261 582 298 649 ἐν
315 575 480 669 Ναζάροις
497 573 700 705 ἀνατραριεὶς
718 579 858 665 λέγεται,
877 578 933 646 καὶ
950 575 1052 646 πάλιν

56 688 281 771 τΝαζωραῖος
298 675 540 767 κληθήσεσθαι.
566 680 676 748 ίστέον
692 667 755 747 οῦν
771 673 823 748 ὅτι
836 674 944 746 καὶ
909 705 946 747 το
964 686 1052 760 ναζι-

84 797 181 872 ραῑον
199 777 303 870 ὄνομα
315 777 490 872 Εβραίκὸν
506 777 664 868 τυγχάνει
682 781 719 848 έν
737 785 901 901 Λευιτικῷ
921 782 961 848 ἐκ
962 779 974 846 ὶ
937 782 1054 847 ατοῦ

83 889 261 972 χρίσματος
285 884 344 951 τοῦ
366 877 448 971 παρ’
474 876 587 1000 αῦτοῐς
610 884 754 1002 χριστοῦ.
796 870 838 969 ἦν
863 849 961 948 5
922 877 1051 959 ουτοςὸ

84 978 198 1111 ἀρχων
220 1010 280 1052 κατ
285 977 434 1053 ἐίκόνα
456 985 519 1053 τοῦ
541 979 688 1071 μεγάλου
706 983 762 1050 καὶ
780 977 915 1070 ἀληθοῦς
940 976 1052 1070 ἀρχιε-
1066 1008 1119 1062 [215

84 1087 168 1174 ρέως
186 1085 399 1173 τοῦΧριστοῦ
410 1085 472 1151 τοῦ
488 1088 591 1170 θεοῦ,
610 1079 736 1170 σκιωδη
746 1110 822 1158 τινα
810 1079 895 1151 καὶ
912 1080 1053 1152 τυιτικόν

46 1211 72 1252 ιο
86 1182 231 1274 Χριστὸν
250 1180 496 1272 ἐπιφερόμενος.
529 1187 580 1250 47.
602 1185 638 1251 ἐν
656 1177 706 1264 οἷς
723 1187 807 1270 γοῦν
825 1192 952 1273 είρηται
970 1182 1077 1254 κατάε

83 1282 161 1365 τοῦς
180 1279 411 1372 ἑβδομήκοντα
428 1283 505 1374 περὶ
523 1286 583 1353 τοῦ
600 1281 778 1373 ἀρχιερέως
793 1277 872 1353 “καὶ
889 1280 930 1352 οῦ
949 1291 1054 1371 βεβη-

85 1382 184 1455 λύσει
201 1380 259 1453 τὸν
277 1381 480 1473 ἡγιασμένον
504 1387 565 1453 τοῦ
581 1388 666 1455 θεοῦ
685 1378 807 1472 αῦτοῦ,
832 1381 884 1454 ὅτι
902 1380 937 1453 τό
957 1383 1054 1471 ἀγιον

85 1492 197 1555 ἔλαιον
220 1481 354 1574 χριστὸν
377 1486 438 1554 τοῦ
460 1488 544 1555 θεοῦ
569 1482 705 1556 αῦτοῦ.”
742 1484 779 1554 τὸ
802 1478 1053 1574 μὲνἘβραικόν

80 1581 153 1656 “ῦτι
170 1587 266 1674 ναζὲρ
286 1591 398 1655 ἔλαιον
416 1583 598 1675 τεριέχει·”
636 1581 653 1656 5
674 1586 711 1655 δὲ
724 1583 865 1667 Ἀκύλας
877 1583 950 1655 “55
968 1581 1054 1673 ἀφύ-

46 1716 72 1758 15
85 1707 203 1778 ρισμα,
222 1695 333 1756 ἔλαιον
350 1682 550 1775 ἀλείμματος
567 1690 651 1758 θεοῦ
671 1681 774 1756 αῦτοῦ
799 1684 851 1756 ἐντ’
879 1682 1006 1779 αῦτῷ”’
1034 1685 1053 1755 5

86 1788 123 1858 δὲ
142 1785 323 1877 Σύμμαχος
336 1783 409 1857 “ῦτι
426 1784 567 1859 ἀθικτον
585 1795 699 1859 ἔλαιον
714 1791 775 1857 τοῦ
798 1793 976 1877 χρίσματος
994 1791 1054 1857 τοῦ

84 1896 169 1960 θεοῦ
187 1886 291 1959 αὐτοῦ
311 1884 364 1959 ἐτ’
385 1885 512 1982 αῦτῷ·”
539 1885 605 1959 555
616 1895 805 1960 Θεοθοτίων
819 1883 892 1958 “55
909 1886 1053 1976 τόναζὲρ

85 1997 198 2060 ἔλαιον
215 1989 252 2060 τὸ
269 1989 404 2080 χριστὸν
422 1986 511 2079 ιταρά
529 1993 612 2061 θεοῦ
632 1987 737 2060 αὐτοῦ
765 1985 817 2059 ἐντ’
837 1987 962 2081 αῦτρῦ.”
1000 1994 1053 2058 48.

84 2087 169 2160 ὥστε
184 2089 270 2160 εἶναι
282 2089 319 2160 τὸ
332 2090 430 2179 ναζὲρ
442 2086 524 2159 κατά
536 2090 598 2178 μὲν
612 2089 690 2172 τοῦς
704 2087 934 2213 ἑβθομήκοντα
946 2087 1054 2177 ἀγιον,

47 2221 72 2260 ω
86 2219 169 2261 κατα
157 2188 273 2260 '¹55
240 2218 299 2259 τον
312 2187 491 2260 Ἀκύλαν’
474 2189 661 2314 αφόρισμα,
680 2219 763 2260 κατα
751 2188 869 2260 δὲ
835 2221 894 2261 τον
912 2190 1055 2279 Σύμμα-

85 2320 145 2381 χον
163 2288 315 2377 ἀθικτον,
334 2286 419 2360 ὥστε
438 2293 474 2359 ἐκ
491 2288 611 2361 τούτου
628 2289 665 2361 τὸ
683 2289 887 2376 ναζιραῑον”
870 2320 975 2380 ονομα
994 2314 1056 2408 σεχ-

85 2388 264 2481 μαίνειν’
242 2388 314 2479 ἡτοι
332 2390 391 2461 τὸν
408 2388 521 2478 ἀγιον,
546 2387 567 2478 5
591 2388 649 2460 τὸν
672 2389 925 2481 ἀφωρισμένον,
952 2387 972 2479 5
996 2390 1055 2459 τὸν

85 2490 235 2564 ἄθικτον.
278 2489 351 2562 ἀλλ’
373 2496 408 2561 οί
428 2493 489 2581 μὲν
507 2488 609 2561 πύλαι
633 2497 733 2582 ίερεις
759 2488 803 2561 δι’
826 2495 939 2561 ἐλαίου
958 2512 1053 2561 σκευ·
1069 2520 1083 2561 d

86 2598 207 2682 αστοῦ,
225 2596 285 2663 τοῦ
303 2590 393 2684 τιαρά
411 2602 534 2667 Μωσεῑ
554 2593 651 2684 ναζὲρ
670 2593 895 2682 καλουμένου,
920 2592 1055 2683 χριόμε-

47 2723 73 2766 25
85 2724 139 2768 νοι
147 2692 382 2816 ,παραγώγως
399 2689 463 2764 ἀπὸ
481 2698 541 2765 τοῦ
564 2696 661 2820 ναζὲρ
685 2697 865 2764 ἐκαλοῦντο
882 2703 1054 2785 ναζιραῖοι.

85 2790 172 2864 49!
156 2823 174 2865 ο
194 2797 231 2865 55
248 2793 358 2884 σωτὴρ
377 2794 494 2864 καὶ’
452 2824 565 2886 κυριος
583 2794 677 2918 ἡμῶν
695 2793 778 2865 κατά
796 2793 901 2924 φύσιν
916 2793 1052 2918 ἔχων
1019 2824 1054 2864 το

85 2891 181 2983 ἀγιον
198 2893 315 2964 καὶ
281 2922 318 2964 το
341 2892 481 2966 ἀθικτον
505 2894 611 2965 καὶ
578 2925 614 2967 το
632 2892 885 2986 ἀφωρισμένον,
913 2895 954 2965 05
982 2894 1057 2965 δεό-

85 2995 184 3085 μενός
202 3023 238 3066 τε
255 3001 433 3085 χρίσματος
450 2992 726 3085 ἀνθρωτίνου,”
708 3025 796 3086 ομως
814 3001 871 3084 τῆς
889 3025 948 3067 του
934 3001 1055 3079 ναζι-

87 3103 186 3188 ραίου
204 3104 427 3188 προσηγορίας
445 3096 525 3182 παρ’
546 3094 740 3189 ἀνθρώποις
759 3103 890 3188 ἔτυχεν,
909 3093 971 3167 ούιι
989 3093 1055 3164 ἀπὸ

46 3226 75 3266 εο
87 3205 146 3271 τοῦ
164 3200 373 3287 καλουμένου
384 3201 480 3289 ναζέρ
493 3201 606 3270 έλαίου
621 3207 787 3290 ναζιραίος
801 3194 958 3287 γεγονώς,
977 3193 1052 3264 ἀλλ’

160 3434 191 3482 12
209 3433 301 3484 τινα.
314 3432 356 3496 21,
373 3433 412 3481 12.
