2326 3818
137 140 199 205 358
547 141 697 193 υυευυιι

139 309 226 370 εται,
251 276 272 349 δι’
296 283 352 351 καὶ
378 277 433 351 διά
458 284 515 370 τῆς
542 284 738 370 ἐπιφανείας
760 287 820 352 τού
846 284 994 372 σωτῆρος
1012 276 1111 373 ἡμῶν

138 385 192 452 ἐπὶ
210 386 313 474 πέρας
331 381 478 472 ἀχθέντα
497 389 676 453 δείκνυται.
704 385 737 466 ἐξ
756 386 887 454 ἐκείνου
903 381 968 473 γάρ
981 412 1033 455 τοι
1051 388 1108 456 καὶ

136 483 176 555 οὐ
195 482 412 575 πρότεροντὸ
430 484 548 555 καινὸν
559 474 648 576 ᾆσμα
665 489 723 574 τῆς
738 489 855 572 καινῆς
875 483 1042 576 διαθήκης
1060 495 1109 570 είς

136 585 263 668 πάντας
281 584 484 676 ἀνθρώπους
508 583 641 679 ᾅδεται,
667 589 724 655 καὶ
746 585 787 656 τά
810 585 985 675 θανμάσια
1003 584 1109 660 αὐτοῦ

137 687 192 757 διδι
216 694 274 777 τῆς
296 696 365 758 τῶν
389 686 595 776 εὐαγγελίων
618 691 749 778 γραφῆς
777 686 928 777 γνύριμα
952 691 1009 759 καὶ
1035 688 1134 773 ἐξά-ε

69 818 124 870 (τοι)
139 812 265 861 κονστα
282 805 351 869 τοῖς
369 793 451 859 πάσι
468 796 606 876 γίνεται.
643 786 684 858 οὐ
701 789 768 878 μην
780 785 865 858 ἀλλά
883 792 938 859 καί
952 787 989 860 τό
1003 789 1109 880 σωτύ·

136 921 221 982 ριον,
240 889 277 960 τὸ
296 887 379 959 κατά
391 888 452 979 τὴν
472 892 507 958 ἐκ
520 894 650 977 νεκρῶν
668 886 853 961 ἀνάστασιν
871 888 985 978 αὐτοῦ,
1004 898 1110 964 πᾶσιν

135 989 362 1079 ἀπεκαλύφθη
385 1007 454 1073 τοῖς
472 997 605 1079 ἔθνεσι,
633 992 690 1061 καὶ
707 987 728 1078 ἡ
747 990 878 1081 ἀληθὴς
898 991 1109 1083 δικαιοσύνη,

137 1092 182 1162 δι’
209 1083 247 1181 ἧς
272 1096 419 1182 ἐναργεῖς
444 1090 630 1181 ἀπεδείχθη
653 1088 704 1162 ὅτι
727 1090 772 1181 μὴ
793 1091 967 1164 Ἰουδαίων
990 1091 1109 1177 ὁθεδς

136 1191 256 1283 μόνον,
287 1191 371 1264 ἀλλά
396 1199 451 1264 καὶ
478 1197 598 1265 έθνοάν.
646 1200 674 1264 3.
696 1188 857 1282 ’(ἕπείπερ
883 1189 971 1276 είςὸ
1001 1193 1107 1279 θεύς”
1122 1227 1145 1267 ιο

136 1295 219 1365 κατά
242 1296 300 1366 τὸν
324 1293 415 1385 ίερδν
438 1294 624 1367 ἀπόστολον
642 1290 701 1378 “δς
725 1294 897 1367 δικαιώσει
926 1296 1110 1387 περιτομὴν

137 1403 173 1467 έκ
195 1404 338 1479 πίστεως
362 1400 417 1467 καὶ
442 1396 669 1487 ἀκροβυστίαν
692 1396 748 1467 διὰ
773 1401 830 1486 τῆς
855 1397 1030 1479 πίστεως.”
1069 1398 1108 1470 τὸ

137 1501 173 1569 δὲ
188 1494 258 1570 “ὅτι
270 1508 399 1589 ἔρχεται
413 1515 525 1590 κρίναι
538 1499 600 1587 τὴν
612 1495 699 1588 γῆν”
718 1497 838 1587 γένοιτ’
861 1493 903 1570 ἀν
922 1499 1108 1587 δηλωτικὸν

136 1603 191 1671 καὶ
210 1606 268 1690 τῆς
288 1603 445 1690 δευτέρας
464 1599 570 1671 αύτοῦ
588 1607 782 1690 παρουσίας.

69 1897 122 1953 μοι]
456 1867 537 1940 Ἀπὸ
559 1872 700 1959 Ψαλμού
718 1867 782 1959 ρς’.
1118 1879 1142 1922 ¹⁶

211 2018 271 2077 VII.
298 2000 703 2094 τ”.1δξομολογησάσθυσαν
740 2007 788 2098 τῷ
816 2012 924 2098 κυρίφ
959 2003 1000 2074 τά
1032 2007 1107 2094 έλέη

136 2102 240 2174 αὐτοῦ
265 2107 321 2174 καὶ
350 2102 391 2175 τά
420 2105 594 2194 θαυμάσια
619 2102 724 2175 αύτοῦ
748 2122 817 2186 τοῖς
840 2111 928 2187 υίοίς
951 2109 1020 2176 τοῖν
1046 2105 1108 2178 ἀν-

135 2204 294 2294 θρώπιον.
330 2205 380 2277 ὅτι
398 2208 578 2298 συνέτριψε
602 2205 709 2287 πύλας
736 2210 858 2296 χαλκάς
884 2208 940 2277 καὶ
963 2206 1108 2298 μοχλούς

135 2312 295 2397 σιδηροῦς
327 2312 557 2396 συνέθλασεν,
591 2304 789 2396 ἀντελάβετο
821 2303 933 2378 αύτύν
963 2311 995 2392 ἐξ
1024 2309 1110 2380 δδού

135 2409 274 2500 ἀνομίας
292 2405 414 2482 αὐτῶν.
453 2410 508 2480 διά
526 2416 590 2501 γάρ
607 2408 665 2493 τάς
682 2407 821 2498 ἀνομίας
845 2407 958 2480 αὐτῶν
977 2413 1106 2483 ἐταπει-
1121 2435 1145 2475 2⁰

134 2511 307 2601 νύθησαν,
327 2517 394 2582 πάν
411 2516 529 2603 βρῶμα
549 2509 747 2600 ἐβδελύξατο
764 2509 889 2600 ἡψυχὴ
903 2506 1030 2583 αύτῶν·
1050 2515 1107 2583 καὶ

135 2612 279 2702 ἤγγισαν
297 2617 358 2694 ἕως
375 2617 444 2684 τῶν
461 2616 579 2682 πυλῶν
596 2614 658 2681 τού
674 2610 837 2700 θανάτου,
856 2615 912 2682 καὶ
927 2614 1106 2702 έκέκραξαν

135 2714 217 2800 πρὸς
242 2711 359 2800 κύριον
386 2718 422 2782 ἐν
445 2718 492 2806 τῷ
515 2720 700 2801 θλίβεσθαι
727 2711 869 2802 αὐτοὺς,
894 2714 948 2783 καὶ
971 2715 1008 2782 ἐκ
1037 2719 1107 2784 τῶν

135 2811 293 2902 ἀναγκῶν
311 2811 423 2884 αὐτῶν
434 2821 560 2886 ἔσωσεν
574 2810 711 2896 αύτούς·
739 2811 914 2887 ἀπέστειλε
930 2812 987 2885 τὸν
1006 2811 1108 2904 λόγον

107 2913 256 3003 οαὺτοῦ,
282 2919 337 2987 καὶ
363 2914 477 2987 ίάσατο
506 2913 628 2999 αύτούς
653 2918 708 2986 καὶ
738 2915 898 3007 ἐρρύσατο
922 2912 1045 2998 αύτούς
1070 2921 1143 2988 έκλῡ

33 3080 39 3087 .
134 3021 202 3087 τῶν
222 3022 420 3110 διαφθορύν
439 3015 585 3089 αύτύν.”
614 3024 644 3090 2.
664 3020 720 3088 καὶ
738 3014 817 3108 μεθ’
837 3021 933 3107 ἔτερα
946 3012 1108 3103 “imnod-

136 3143 246 3190 τωσαν
265 3118 367 3191 αύτδν
387 3125 423 3190 ἐν
445 3125 602 3213 ἐκκλησίᾳ
626 3124 708 3190 λαοῦ
726 3123 782 3195 καί
801 3123 838 3190 ἐν
855 3119 1008 3213 καθέδρᾳ
1025 3147 1107 3212 πρε-

137 3224 310 3312 σβυτέρων
336 3220 568 3293 αίνεσάτωσαν
592 3218 704 3293 αὐτόν.
746 3230 843 3293 ἔθετο
866 3219 1036 3311 ποταμούς
1061 3229 1108 3304 είς

206 3454 237 3503 10
256 3453 333 3505 Rom.
347 3457 372 3518 3,
386 3457 427 3504 30.
534 3455 565 3503 16
583 3455 629 3506 Ρε.
645 3456 702 3518 106,
715 3455 740 3506 8.
