2326 3818
149 146 217 226 w)
559 144 709 195 mmm

150 307 229 355 σατε
248 280 383 355 αύτόν.”
413 290 442 354 9.
462 281 481 355 δ
498 286 554 354 καὶ
568 282 673 353 είπῶν
687 291 773 376 ἔργω
784 281 844 353 τόν
858 281 957 352 δόλον
970 280 1116 371 ἀπεπλή-

151 416 230 476 ρου,
256 383 310 456 ὅτε
330 380 552 476 ’προσελθῶν
575 388 622 479 τῶ
640 383 748 473 Ἰησοῦ
772 384 866 456 εἶπεν
890 379 998 476 αύτῷ,
1024 401 1118 474 χαῖρε

145 487 276 577 Ῥαββδ,
301 489 357 558 καὶ
381 494 604 576 κατεφίλησεν
626 483 739 558 αὐτόν.
780 480 799 555 ό
824 485 862 556 δὲ
876 479 1000 572 Ἰησοῦς
1026 486 1118 559 εἶπεν

152 587 260 683 αὐτῷ,
279 592 388 677 έταίρε
407 586 459 678 ἐφ’
477 579 505 680 ᾦ
522 584 658 676 πύρει;”
680 586 847 657 καλπύλιν
864 582 1003 673 “Ἰούδα,
1021 585 1117 676 φιλή-

121 762 127 781 ,
150 720 228 780 ματι
245 688 304 762 τόν
320 689 398 760 υίόν
414 694 473 760 τοῦ
486 684 671 778 ἆνθρῶπου
685 694 879 777 παραδίδως
889 685 917 772 ;’'
938 686 1070 759 τούτων
1084 684 1117 758 δ’
1129 717 1158 762 ι,

83 823 138 875 (ιιι)
151 783 215 864 ούν
245 795 343 862 ἕνεκα
367 789 547 881 προλαβῶν
577 787 632 860 διδ
663 794 723 861 τού
751 793 894 880 Ψαλμού
923 812 1029 878 φησιν
1047 787 1120 861 “ότι

152 892 256 983 στόμα
273 891 472 981 ἁμαρτωλού
489 893 545 961 καὶ
563 890 667 980 στόμα
685 897 801 961 δολίου
820 889 871 961 ἐπ’
894 891 949 979 ἐμὲ
963 889 1119 982 ήνοίχθη,

153 993 319 1082 ἐλάλησαν
337 991 408 1062 κατ’
432 996 512 1082 ἐμοῦ
530 990 664 1084 γλῶσση
687 999 783 1083 δολία
801 996 857 1062 καὶ
874 990 984 1080 λόγοις
1001 1003 1120 1081 μίσους

153 1091 348 1164 έκύκλωσύν
359 1123 401 1184 με
414 1097 468 1165 καὶ
484 1091 693 1183 ἐπολέμησύν
705 1123 746 1183 με
760 1089 919 1184 δωρεαν.”
940 1101 1026 1165 ἔνθα
1040 1094 1121 1185 μετὰ

153 1201 213 1266 τοῦ
234 1194 342 1266 Ἰούδα
375 1199 430 1266 καὶ
459 1199 527 1266 τῶν
556 1199 682 1266 λοιπῶν
711 1202 779 1266 τῶν
808 1194 1154 1282 ἐπιβουλευσόντωνιο

151 1295 244 1391 αύτῷ
261 1297 462 1387 μνημονεύει
498 1303 547 1367 10.
568 1300 655 1385 λέγει
675 1299 707 1367 δ’
727 1287 790 1367 ούν
806 1296 844 1368 τό
863 1298 1060 1386 εὐαγγέλιον
1078 1294 1120 1380 ῶς

151 1396 217 1489 ἄρα
234 1403 294 1469 τού
312 1403 459 1489 σωτήρος
469 1396 565 1488 ήμῶν
576 1393 648 1469 “eu
662 1415 730 1479 τοῖς
744 1401 865 1469 ἑαυτοῦ
881 1411 1049 1488 μαθηταῖς
1063 1410 1122 1470 λα-

153 1504 289 1581 λούντος
309 1499 385 1570 ίδού
400 1497 524 1581 Ἰούδας
544 1496 590 1581 εἷς
607 1502 676 1571 τῶν
695 1498 828 1570 δῶδεκα
848 1490 950 1594 ἦλθε,
976 1504 1031 1571 καί
1049 1497 1119 1590 μετ’

153 1596 258 1671 αύτοῦ
280 1599 375 1690 όχλος
400 1601 502 1684 πολύς
525 1597 606 1690 μετόι
629 1606 801 1691 μαχαιρῶν
824 1605 880 1672 καί
907 1599 1017 1685 ξύλων
1024 1655 1034 1689 ,
1057 1600 1122 1673 ἀπό

125 1706 221 1774 οτῶν
238 1701 423 1792 ἀρχιερέων
440 1705 496 1773 καὶ
515 1706 752 1791 πρεσβυτέρων
769 1709 829 1774 τού
847 1699 963 1774 λαού.”
1002 1709 1052 1774 11.
1071 1701 1120 1785 οἷς
1133 1729 1155 1771 ιι

155 1807 209 1873 καὶ
234 1804 329 1875 εἶπεν
351 1799 369 1875 ό
393 1802 506 1894 κύριος
525 1800 593 1885 “ῶς
616 1806 668 1873 ἐπὶ
695 1803 822 1894 λῃστήν
841 1803 1014 1893 ἐξήλθετε,
1041 1802 1141 1893 μετόι.

153 1910 327 1995 μαχαιρῶν
340 1908 395 1975 καλ
410 1905 520 1989 ξύλων
532 1913 715 1993 συλλαβειν
735 1933 793 1993 με,
809 1902 890 1976 καθ’
900 1902 1027 1994 ἡμέραν
1039 1906 1123 1995 πρός

154 2001 240 2093 ὑμᾶς
272 2004 479 2094 ἐκαθεζόμην
510 2009 546 2074 έν
576 2010 621 2097 τῷ
654 2010 732 2098 ἱερῷ
759 2004 947 2095 διδάσκων,
979 2007 1034 2075 καὶ
1061 2004 1124 2077 ούκ

156 2103 358 2192 ἐκρατήσατέ
378 2135 428 2194 με.
465 2109 561 2177 τούτο
581 2107 617 2176 δὲ
635 2103 715 2178 ὅλον
737 2110 892 2196 γέγονεν,
917 2114 973 2178 ἵνα
991 2117 1123 2198 πληρω-

154 2213 266 2278 θῶσιν
289 2213 327 2276 αλ
346 2209 472 2297 γραφαί
495 2212 563 2279 τῶν
585 2208 797 2299 προφητῶν.”
842 2218 890 2280 έτι
910 2212 950 2280 δέ
964 2231 1069 2299 φησιν
1088 2215 1160 2282 ἐνιο

153 2313 202 2401 τῶ
219 2313 346 2403 Ψαλμῶ
359 2307 457 2380 “όιντλ
474 2315 535 2381 τού
547 2309 681 2400 ιἰγαπᾶυ
694 2341 734 2400 με
754 2309 970 2399 ἐνδιέβαλλόν
982 2341 1040 2401 με,
1061 2310 1124 2404 ἐγῶ

156 2411 193 2481 δὲ·
211 2409 480 2501 προσηυχόμην.”
520 2419 567 2483 12.
586 2410 660 2483 τότε
678 2417 733 2482 καλ
752 2411 832 2483 αὐτό
855 2414 970 2493 τέλους
989 2411 1125 2503 ἐτύγχα-

154 2542 230 2602 υευ,
249 2508 304 2582 ότε
321 2519 382 2582 τού
399 2518 546 2604 σωτήρος
565 2509 659 2602 ήμῶν
673 2518 710 2584 έν
723 2519 769 2606 τῶ
782 2516 976 2607 καλουμένῳ
994 2524 1125 2604 Γεθση-
1154 2571 1157 2576 ·

155 2617 245 2703 μαυῆ
263 2621 373 2706 χωρίῳ
399 2613 479 2702 μετα
498 2619 566 2684 τῶν
585 2619 704 2685 ἕνδεκα
728 2612 923 2686 ἀποστόλων
941 2638 1126 2704 προσευχο-

131 2758 143 2786 ε
155 2717 278 2803 μένου,
293 2713 412 2804 μικρόν
426 2743 464 2802 γε
477 2713 754 2806 ἀναχωρήσαντος
775 2715 888 2786 αὐτῶν
912 2719 966 2786 καὶ
981 2739 1126 2806 προσπε-
1140 2745 1162 2788 υ

156 2813 273 2893 σόντος
291 2819 336 2906 τῷ
355 2819 471 2905 πατρὶ,
497 2816 655 2908 δεύτερόν
672 2846 708 2887 τε
727 2810 983 2907 εύξαμένουκαλ
1001 2825 1126 2909 τρίτον,

156 2909 173 2983 ὁ
189 2910 314 2998 Ἰούδας
332 2913 396 2986 σύν
413 2934 482 3000 τοῖς
495 2915 634 3009 ύρχουσι
652 2923 720 2990 τῶν
734 2918 910 2991 Ἰουδαίων
927 2919 966 2989 τόι
985 2924 1042 3008 τῆς
1058 2924 1127 2991 ἐπι-

157 3020 282 3104 βουλής
306 3014 396 3112 αύτῷ
420 3019 622 3110 κατήρτυον,
651 3020 808 3109 συυύγων
827 3024 882 3091 καλ
900 3025 1073 3111 προξενῶν
1090 3021 1128 3093 τὸ

156 3122 286 3207 πλήθος
304 3124 371 3190 τῶν
387 3121 469 3210 μετὰ
486 3127 658 3212 μαχαιρῶν
671 3124 726 3193 καὶ
741 3122 851 3206 ξύλων
864 3130 1048 3210 συλλαβεῖν
1066 3119 1130 3193 αύ-

155 3218 214 3291 τόν
238 3226 570 3312 παρεσκευασμένων.
611 3219 718 3294 “κακόι
745 3227 782 3295 δὲ
809 3231 856 3306 είς
881 3223 984 3295 αὐτόν
1009 3232 1128 3296 έθεντο
1145 3262 1161 3289 :a

214 3426 488 3523 mmmmm.
596 3457 856 3522 ωωωωω
