2326 3818
126 125 190 189 534
526 122 675 173 ευεεευ

127 260 147 353 ὴ
166 267 226 334 τοῦ
246 259 376 350 Δανιὴλ
396 264 556 331 ἐντεύθεν
570 266 755 349 προφητεία
768 256 831 347 τὴν
849 257 1021 348 καταρχὴν
1038 264 1096 350 τὴς

128 361 294 453 ἐκβάσεως
321 361 524 454 ἐλάμβανεν,
552 358 573 451 ὴ
598 390 634 431 τε
660 359 836 449 φάσκουσα
862 356 950 430 “dna
977 360 1097 445 ἐξόδου

128 465 231 553 λόγου
247 473 307 536 τοῦ
332 462 557 555 άποκριδὴναι
584 465 640 533 καὶ
663 466 724 532 τού
743 467 959 553 οίκοδομὴσαι
972 460 1097 554 Ἰερου-

129 564 259 658 σαλὴμ”
289 570 344 638 καὶ
364 562 408 636 δι’
434 557 473 656 ὴς
500 576 625 656 εἴρηται
647 559 735 651 “ἐγὼ
754 564 885 653 Δανιὴλ
909 567 1041 652 συνὴκα
1060 569 1096 638 ἐν

62 697 114 750 ροοι
127 688 199 753 ταῖς
217 678 347 758 βίβλοις
363 665 422 738 τόν
440 663 586 755 ἀριθμόν
609 668 677 735 των
696 669 794 753 ἐτῶν,
818 661 854 748 ὃς
874 664 1021 755 ἐγενήθη
1040 667 1120 738 λό-ε

127 801 184 860 γος
209 780 329 863 κυρίου
354 767 435 857 πρὸς
454 763 614 857 Ἱερεμίαν
637 765 696 836 τὸν
718 764 910 857 προφήτην,
938 774 986 848 είς
1009 792 1097 859 συμ-

127 872 300 961 πλήρωσιν
315 867 509 960 ἐρημώσεως
519 863 744 959 Ἰερουσαλὴμ
760 866 987 958 ἑβδομήκοντα
1003 867 1094 958 ἐτη.”

128 978 178 1042 85.
198 971 280 1042 κατὰ
302 977 387 1059 γοῦν
409 969 445 1040 τό
465 968 625 1060 δεύτερον
642 977 712 1050 ἐτος
730 975 879 1060 Δαρείου
903 965 1098 1060 ὴσυμπλὴ-

128 1093 228 1161 ρωσις
246 1077 303 1161 τὴς
323 1075 704 1162 ἑβδομηκονταετηρίδος
727 1066 961 1141 άποδίδεικται
978 1099 1098 1164 περαι-

130 1186 274 1262 ωθείσα,
299 1173 382 1244 ὥστε
407 1178 439 1258 ἐξ
462 1173 608 1254 ἅπαντος
632 1171 796 1262 ἄρχεσθαι
822 1179 894 1244 δεῖν
918 1172 1004 1263 ὴμοῖς
1028 1180 1132 1247 τῶνιο

130 1273 357 1366 ἑβδομήκοντα
376 1274 573 1365 ἑβδομάδων
587 1271 652 1344 άπό
665 1279 723 1362 τὴς
743 1278 918 1363 ἑξηκοστῆς
930 1279 986 1345 καὶ
1000 1280 1098 1367 ἕκτης
1141 1302 1148 1323 ⁴

125 1373 344 1467 Ὀλυμπιάδος
370 1381 425 1448 καὶ
450 1373 514 1446 άπὸ
540 1378 699 1466 δευτέρον
718 1384 811 1456 ἔτους
829 1384 997 1467 Δαρείου,
1019 1370 1099 1473 ἐνιβ

126 1477 167 1548 τά
184 1483 241 1567 τὴς
265 1482 442 1570 οίκοδομὴς
466 1482 669 1568 περαιοῦται.
714 1483 764 1548 86.
786 1481 946 1549 ἐντευθεν
963 1482 1049 1567 γοῦν
1069 1487 1101 1550 εί

127 1581 204 1662 τοὺς
222 1584 403 1670 ἑπομένους
427 1579 567 1669 χρόνους
585 1576 824 1671 άριθμὴσειας,
852 1576 961 1669 εὕροις
980 1576 1023 1650 άν
1042 1577 1097 1652 ἐπ’
1152 1638 1154 1643 .

100 1679 231 1753 οαότόν
252 1681 407 1771 Ἡράδην
436 1679 604 1773 μόναρχόν
634 1710 669 1752 τε
688 1676 858 1770 Ῥωμαίων
883 1679 1098 1773 Αὔγουστον,
1111 1709 1136 1752 ιε

128 1779 209 1854 καθ’
229 1779 287 1865 οὒς
306 1780 326 1871 ὴ
344 1787 403 1854 τοὺ
421 1790 568 1872 σωτῆρος
586 1781 681 1871 ὴμῶν
699 1785 845 1871 ἐπέφανε
862 1786 909 1875 τῷ
922 1791 986 1875 βίφ
1004 1786 1099 1870 γίνε-

128 1906 197 1972 σις,
224 1882 264 1954 τά
289 1883 484 1974 τετρακόσια
510 1879 715 1971 όγδοὴκοντα
741 1892 816 1975 τρία
843 1890 916 1972 ἐτη,
948 1890 987 1953 αί
1011 1891 1100 1956 εἰσιν

127 1983 209 2055 ἑπτά
227 1990 283 2054 καὶ
303 1983 462 2071 ἑξὴκοντα
482 1982 543 2054 δύο
561 1982 756 2073 ἑβδομάδες,
774 1982 858 2054 κατά
874 1985 936 2073 τὴν
946 1992 1012 2056 ,τοῦ
1027 1999 1100 2057 Δα-

129 2085 205 2172 νιὴλ
223 2092 431 2174 προφητείαν
449 2084 708 2176 περιοριζόμενα.
733 2092 783 2156 87.
798 2078 863 2156 άπό
877 2086 939 2175 γάρ
953 2093 1011 2174 τὴς
1026 2089 1100 2177 ἑξη-

130 2193 249 2274 κοστὴς
279 2190 335 2256 καὶ
365 2190 460 2275 ἑκτης
488 2183 708 2277 Ὀλυμπιάδος
740 2190 794 2256 ἐπὶ
824 2186 885 2275 τὴν
915 2186 1139 2278 ἑκατοστὴνεο

129 2283 356 2378 ὀγδοηκοστὴν
369 2293 467 2378 ἑκτην
477 2296 627 2378 γίνονται
642 2285 862 2376 Ὀλυμπιάδες
879 2286 999 2377 μεταξό
1019 2292 1102 2361 ἑκα-

129 2389 187 2460 τὸν
206 2402 310 2461 είκοσι
328 2398 404 2480 μία,
432 2399 487 2479 ἐτη
504 2389 699 2481 τετρακόσια
717 2387 921 2479 ὀγδοήκοντα
939 2393 1100 2482 τέσσαρα,

128 2501 319 2583 τετραετίαν
337 2498 395 2580 τὴς
408 2491 630 2580 Ὀλυμπιάδος
649 2490 848 2581 ἐπεχούσης,
867 2489 946 2561 καθ’
967 2487 1008 2562 δν
1026 2507 1100 2564 και-

104 2593 189 2680 ερὸν
213 2592 407 2682 Αὔγουστος
425 2591 595 2681 Ῥωμαίων
616 2592 772 2680 βασιλεὺς
798 2595 1100 2665 πεντεκαιδέκατον

129 2701 198 2775 ἐτος
216 2698 274 2782 τὴς
298 2700 468 2782 βασιλείας
494 2696 621 2782 ἐπέχων
639 2692 814 2780 Αἰγύπτου
832 2711 949 2783 κρατεῖ
964 2697 1020 2764 καὶ
1037 2703 1099 2783 τὴς
1113 2726 1138 2768 οε

128 2797 245 2880 λοιπῆς
262 2795 477 2883 οίκουμὲνης,
500 2789 562 2883 ὑφ’
583 2786 624 2865 οὗ
641 2799 769 2884 πρῶτος
792 2794 980 2884 ἀλλόφυλος
994 2794 1099 2884 ‘Hom'-

130 2900 190 2984 δης
207 2893 269 2983 τὴν
281 2899 349 2968 τῶν
361 2893 536 2968 Ἰουδαίων
549 2901 760 2989 ἐγχειρίζεται
774 2904 959 2986 βασιλείαν,
977 2903 1100 2985 γεννᾶ-

128 3025 181 3066 ται
207 2998 243 3066 δὲ
266 2993 283 3067 ό
302 2997 412 3089 σωτὴρ
435 3002 491 3069 καὶ
515 2997 629 3088 κύριος
652 2998 748 3088 ὴμῶν
766 2997 893 3088 Ἰησοῦς
918 2997 1098 3089 ὁΧριστὸς

126 3101 188 3171 τοῦ
210 3107 311 3188 θεοῦ,
337 3099 420 3170 κατά
442 3099 480 3171 τό
504 3097 583 3171 αὐτὸ
604 3098 856 3191 συντρεχόντων
879 3104 947 3171 τῶν
965 3097 1098 3189 χρόνων

98 3222 100 3225 ’
126 3208 185 3289 της
215 3205 377 3290 γενέσεως
414 3200 516 3273 αὐτοῦ
554 3204 610 3271 καὶ
640 3207 698 3290 τὴς
728 3199 998 3292 συμπληρώσεως
1028 3205 1137 3272 ποόνοο

128 3300 217 3388 παρά
229 3311 275 3394 τῷ
294 3301 424 3392 Δανιὴλ
444 3303 526 3373 ἑπτά
545 3305 600 3373 καί
620 3302 778 3391 ἑξήκοντα
797 3301 860 3372 δύο
880 3299 1095 3390 ἑβδομάδων·

124 3399 205 3488 μεθ’
223 3399 261 3481 ἃς
277 3408 477 3494 διηρημὲνης
491 3408 547 3475 καὶ
560 3402 691 3496 μακράν
704 3402 1000 3494 άπεσχοινισμένης
1015 3400 1098 3491 μετά
