2326 3818
355 112 541 164 DEMONST.
560 111 693 164 EVANG.
712 113 734 162 Ι.
752 115 777 163 3.
1014 111 1055 176 21

83 252 167 325 “go'cv
192 254 229 323 δὲ
255 250 344 341 ψυχὴ
373 249 500 340 ἀκούσῃ
528 249 649 340 φωνὴν
672 247 851 343 ὁρκισμού,
882 255 938 322 καὶ
962 243 1057 335 οὗτος
1070 279 1097 330 (ι)

89 353 214 447 μάρτυς
238 351 440 444 ἢὲάροκεν,
465 349 486 441 ἢ
510 351 686 442 σύνοιδεν,
714 350 773 424 ἐάν
796 352 841 443 μὴ
859 351 1057 444 ἀπαγγείλῃ,

90 455 231 545 λήψεται
248 456 309 543 τὴν
327 450 526 546 ἀμαρτίαν.”

171 599 215 663 Τί
229 582 292 661 οὖν
310 589 372 681 χρη
395 593 523 669 τοῦτον.
536 607 645 661 ποιεῖν
675 585 747 660 ἀλλ’
769 585 790 678 ἢ
812 589 958 678 λαβόντα
976 590 1058 680 μετά

63 707 201 783 εχείρας
226 690 263 762 τὸ
291 698 414 781 ίερείον
439 689 601 764 σπεύδειν
632 694 687 762 ἐπὶ
713 691 753 762 τά
780 691 965 783 καθάρσιας
993 698 1058 763 ποῦ

90 793 191 866 πάλιν
208 789 280 864 ἀλλ’
302 790 324 883 ἢ
342 797 379 864 ἐν
396 796 443 886 τῷ
459 792 550 887 κόπω
568 783 610 865 ού
631 791 794 884 σφάζουσι
811 793 852 864 τά
869 792 1059 865 ὁλοκαύτω-

89 926 192 986 ματα;
215 901 266 966 31.
287 897 342 966 καὶ
365 904 478 986 τρίτον
501 893 602 966 πάλιν
623 893 754 986 “ψυχη,
779 898 902 986 φησὶν,
927 893 998 986 ἥτις
1016 892 1059 966 ἀν

89 995 213 1087 ἅψηται
231 997 354 1080 παντὸς
372 995 562 1088 πράγματος
580 991 792 1088 ἀκαθάρτου,
810 992 832 1086 ἢ
849 1002 919 1068 τῶν
937 1009 1060 1088 θνησι-

89 1108 199 1189 μαίων
223 1104 290 1170 τῶν
314 1102 445 1188 κτηνῶν
464 1102 531 1168 τῶν
557 1096 776 1191 ἀκαθάρτων,
804 1102 860 1169 καὶ
886 1096 973 1190 λάβῃ
997 1096 1056 1169 ἀπ’

52 1229 76 1268 10
91 1199 209 1289 αὐτοῦ,
228 1203 284 1270 καὶ
302 1198 400 1282 αὐτὸς
414 1206 601 1290 μεμίανται,
620 1203 676 1270 καὶ
691 1200 921 1292 πλημμελήσῃ,
941 1197 1060 1290 ἢάψη-

90 1332 144 1373 ται
167 1298 376 1390 ἀκαθαρσίας
400 1298 603 1391 άνθράπον,
630 1298 694 1372 ἀπὸ
720 1301 827 1390 πάσης
850 1301 1060 1392 ἀκαθαρσίας

91 1400 196 1474 αύτοῦ
212 1394 251 1493 ἧς
275 1400 318 1474 ἀν
340 1400 509 1492 ἁψάμενος
533 1408 680 1494 μιανθῇ,
712 1407 769 1473 καὶ
796 1412 921 1474 ἔλαθεν
944 1401 1088 1494 αύτόν,ι

88 1506 170 1594 μετά
183 1509 281 1575 τοῦτο
299 1500 333 1575 δ’
353 1511 439 1593 ἔγνω
457 1506 513 1573 καὶ
532 1500 789 1596 πλημμελήσῃ.”

167 1645 217 1710 32.
242 1647 285 1711 Τί
300 1637 342 1728 δὴ
369 1630 431 1711 οὖν
457 1641 514 1710 καὶ
539 1638 598 1712 τὸν
623 1640 811 1730 μιανθέντα
829 1644 998 1730 προσηκον
1015 1631 1060 1729 ἦν

53 1769 77 1811 15
91 1759 202 1813 ποιεῖν
220 1737 293 1811 ἀλλ’
314 1736 500 1830 ἢάπαντᾶν
520 1739 622 1812 πάλιν
641 1745 678 1812 ἐν
695 1746 742 1836 τῷ
759 1740 867 1834 τύπω,
886 1744 943 1812 καὶ
956 1765 1061 1832 προσ-

90 1845 209 1933 φέρειν
241 1844 319 1933 περὶ
347 1847 406 1932 τῆς
436 1837 597 1935 ἁμαρτίας
622 1838 728 1913 αύτοῦ
758 1832 799 1931 ἧς
822 1840 946 1934 ἥμαρτε
968 1849 1060 1932 θῆλυ

90 1942 156 2015 ἀπὸ
174 1948 242 2016 τῶν
259 1942 453 2034 προβάτων,
472 1940 493 2033 ἢ
512 1942 665 2032 ἀμνάδα,
684 1939 705 2033 ἢ
723 1951 880 2035 χίμαιραν
895 1947 927 2027 ἐξ
942 1949 1060 2034 αίγῶν,

91 2048 167 2137 περὶ
192 2041 371 2134 ἀμαρτιάς;
396 2051 446 2115 33.
466 2040 483 2115 ὁ
503 2044 534 2115 δ’
556 2042 656 2127 αὐτὸς
674 2036 717 2135 ἦν
734 2044 834 2135 νόμος
852 2049 908 2116 καὶ
927 2049 980 2116 ἐπὶ
999 2063 1061 2130 ψυ-

91 2153 150 2236 χῆς
168 2143 190 2236 ἢ
208 2141 251 2218 ἀν
267 2145 373 2237 ὀμόσῃ
393 2149 633 2218 διαστέλλουσα
650 2164 719 2228 τοῖς
742 2154 865 2237 χείλεσι
883 2153 1063 2236 κακοποιῆ-

51 2277 77 2317 εο
92 2271 149 2318 σαι
166 2243 187 2336 ἢ
205 2253 313 2330 καλῶς
337 2252 472 2336 ποιῆσαι
496 2246 579 2318 κατά
603 2247 712 2320 πάντα
736 2247 800 2319 ὅσα
823 2243 865 2319 ἀν
891 2256 1061 2339 διαστείλῃ

91 2347 273 2438 ἅνθρωπος
289 2345 368 2438 μεθ’
387 2346 490 2438 ὅρκου
505 2351 560 2418 καὶ
573 2348 663 2439 λάθῃ
679 2348 793 2438 αὐτὸν,
807 2352 862 2419 καὶ
876 2342 971 2432 οὗτος
991 2355 1062 2443 γνῷ

91 2452 147 2520 καὶ
166 2448 295 2541 ἀμάρτῃ
314 2453 352 2520 ἕν
369 2478 400 2520 τι
418 2447 557 2538 τούτων,
577 2452 632 2520 καὶ
651 2448 853 2542 ἐξαγορεύσῃ
871 2450 933 2539 τὴν
951 2452 1060 2541 ἀμαρ-

91 2560 167 2623 τίαν
185 2555 261 2642 περὶ
276 2541 315 2640 ἧς
329 2548 469 2643 ἥμαρτε,
490 2555 544 2621 καὶ
558 2543 654 2634 οὗτος
670 2557 770 2641 δῆτα,
790 2554 907 2641 φησίν,
925 2551 962 2622 τὸ
981 2551 1061 2623 αὐτὸ

92 2653 206 2742 λαβὼν
226 2659 349 2743 ίερείον
368 2656 540 2724 σπευδέτω
559 2658 596 2725 ἐν
613 2657 661 2749 τῷ
677 2652 786 2748 τόπῳ,
805 2657 861 2724 καὶ
879 2652 1061 2737 ἐξιλάσεται

53 2758 170 2845 εεπερὶ
188 2751 293 2826 αὐτοῦ
318 2751 335 2826 ὁ
364 2756 473 2846 ίερεύς
500 2757 576 2845 περὶ
594 2761 652 2845 τῆς
670 2753 831 2846 ἁμαρτίας
858 2752 978 2844 αὐτοῦ,
1005 2759 1062 2827 καὶ

91 2854 299 2945 ἀφεθήσεται
313 2853 404 2950 αὐτῷ
416 2854 437 2946 ἡ
451 2854 604 2949 ἁμαρτία.
631 2862 681 2929 34.
692 2859 748 2927 καὶ
766 2856 865 2939 ἀλλος
878 2858 968 2949 παρά
984 2858 1061 2940 τούς

93 2960 289 3050 εἰρημένους
313 2957 412 3047 νόμος
436 2950 504 3028 οἶδε’
518 2986 565 3049 πη
584 2965 719 3050 διορίζει
733 2955 888 3050 “ψυχηῆ
911 2956 953 3030 ἀν
972 2959 1060 3050 λάθῃ
1072 2989 1100 3042 [51

92 3057 195 3131 αὐτὸν
219 3056 328 3150 λήθῃ,
351 3063 407 3130 καὶ
430 3052 560 3152 ἁμάρτῃ
584 3056 749 3142 ἀκουσίως
775 3060 840 3132 ἀπὸ
864 3064 931 3131 των
954 3059 1061 3150 ἀγίων

91 3170 230 3251 κυρίου,
259 3164 314 3231 καὶ
341 3167 478 3233 εἰσοίσει
505 3158 600 3250 κριὸν
626 3167 684 3251 τῆς
709 3169 933 3252 πλημμελείας
957 3158 1061 3232 αύτοῦ

160 3431 176 3479 6
195 3427 286 3480 Levit.
299 3429 323 3491 5,
337 3430 361 3480 2.
466 3430 498 3478 27
517 3427 608 3478 Levit.
623 3431 646 3490 ί),
663 3431 703 3481 15.
