<?xml version="1.0" encoding="UTF-8"?>
<!DOCTYPE html PUBLIC "-//W3C//DTD XHTML 1.0 Transitional//EN"
    "http://www.w3.org/TR/xhtml1/DTD/xhtml1-transitional.dtd">
<html xmlns="http://www.w3.org/1999/xhtml" xml:lang="en" lang="en">
 <head>
  <title>
</title>
<meta http-equiv="Content-Type" content="text/html;charset=utf-8" />
  <meta name='ocr-system' content='tesseract 3.04.00' />
  <meta name='ocr-capabilities' content='ocr_page ocr_carea ocr_par ocr_line ocrx_word'/>
</head>
<body>
  <div class='ocr_page' id='page_1' title='image "./eusebiicaesarie01dindgoog/eusebiicaesarie01dindgoog_0586.png"; bbox 0 0 2326 3818; ppageno 0'>
   <div class='ocr_carea' id='block_1_1' title="bbox 325 108 1032 173">
    <p class='ocr_par' dir='ltr' id='par_1_1' title="bbox 325 108 1032 173">
     <span class='ocr_line' id='line_1_1' title="bbox 325 108 1032 173; baseline 0.007 -15"><span class='ocrx_word' id='word_1_1' title='bbox 325 108 508 161; x_wconf 80' lang='lat' dir='ltr'>DEMONS&#39;I&#39;.</span> <span class='ocrx_word' id='word_1_2' title='bbox 529 109 661 164; x_wconf 78' lang='lat' dir='ltr'>EVANG.</span> <span class='ocrx_word' id='word_1_3' title='bbox 683 110 755 160; x_wconf 89' lang='lat' dir='ltr'>VIII.</span> <span class='ocrx_word' id='word_1_4' title='bbox 773 113 797 159; x_wconf 76' lang='lat'><strong><em>2.</em></strong></span> <span class='ocrx_word' id='word_1_5' title='bbox 971 109 1032 173; x_wconf 84' lang='grc'><strong><em>511</em></strong></span> 
     </span>
    </p>
   </div>
   <div class='ocr_carea' id='block_1_2' title="bbox 12 243 1035 747">
    <p class='ocr_par' dir='ltr' id='par_1_2' title="bbox 12 243 1035 747">
     <span class='ocr_line' id='line_1_2' title="bbox 65 243 1035 345; baseline 0.001 -27"><span class='ocrx_word' id='word_1_6' title='bbox 65 243 246 337; x_wconf 83' lang='grc' dir='ltr'><strong><em>ήγοόμενοι</em></strong></span> <span class='ocrx_word' id='word_1_7' title='bbox 272 253 333 318; x_wconf 83' lang='grc' dir='ltr'><strong><em>τοῦ</em></strong></span> <span class='ocrx_word' id='word_1_8' title='bbox 346 245 519 345; x_wconf 79' lang='grc' dir='ltr'><strong><em>Ἰουδαίφν</em></strong></span> <span class='ocrx_word' id='word_1_9' title='bbox 536 252 675 336; x_wconf 80' lang='grc' dir='ltr'><strong><em>ἔθνους,</em></strong></span> <span class='ocrx_word' id='word_1_10' title='bbox 703 244 909 335; x_wconf 87' lang='grc' dir='ltr'><strong><em>κατέστησάν</em></strong></span> <span class='ocrx_word' id='word_1_11' title='bbox 925 278 961 319; x_wconf 86' lang='grc' dir='ltr'><strong><em>τε</em></strong></span> <span class='ocrx_word' id='word_1_12' title='bbox 981 252 1035 319; x_wconf 84' lang='grc' dir='ltr'><strong><em>ἐπὶ</em></strong></span> 
     </span>
     <span class='ocr_line' id='line_1_3' title="bbox 65 345 1032 440; baseline 0.004 -23"><span class='ocrx_word' id='word_1_13' title='bbox 65 352 212 437; x_wconf 77' lang='grc' dir='ltr'><strong><em>κεφαλῆς</em></strong></span> <span class='ocrx_word' id='word_1_14' title='bbox 231 347 344 420; x_wconf 79' lang='grc' dir='ltr'><strong><em>αὐτῶν</em></strong></span> <span class='ocrx_word' id='word_1_15' title='bbox 356 345 513 439; x_wconf 82' lang='grc' dir='ltr'><strong><em>ἀρχοντες</em></strong></span> <span class='ocrx_word' id='word_1_16' title='bbox 528 351 651 436; x_wconf 88' lang='grc' dir='ltr'><strong><em>ἐθνῶν,</em></strong></span> <span class='ocrx_word' id='word_1_17' title='bbox 672 356 813 437; x_wconf 81' lang='grc' dir='ltr'><strong><em>ἔμπαλιν</em></strong></span> <span class='ocrx_word' id='word_1_18' title='bbox 828 349 865 418; x_wconf 72' lang='grc' dir='ltr'><strong><em>δέ</em></strong></span> <span class='ocrx_word' id='word_1_19' title='bbox 882 347 923 419; x_wconf 87' lang='grc' dir='ltr'><strong><em>τά</em></strong></span> <span class='ocrx_word' id='word_1_20' title='bbox 937 357 1032 440; x_wconf 81' lang='grc' dir='ltr'><strong><em>ἔθνη,</em></strong></span> 
     </span>
     <span class='ocr_line' id='line_1_4' title="bbox 65 446 1033 540; baseline 0.003 -21"><span class='ocrx_word' id='word_1_21' title='bbox 65 446 122 519; x_wconf 89' lang='grc' dir='ltr'><strong><em>τόν</em></strong></span> <span class='ocrx_word' id='word_1_22' title='bbox 140 447 285 540; x_wconf 88' lang='grc' dir='ltr'><strong><em>Χριστόν</em></strong></span> <span class='ocrx_word' id='word_1_23' title='bbox 304 448 481 537; x_wconf 75' lang='grc' dir='ltr'><strong><em>ἐπιγνόντα</em></strong></span> <span class='ocrx_word' id='word_1_24' title='bbox 494 452 553 520; x_wconf 79' lang='grc' dir='ltr'><strong><em>τοῦ</em></strong></span> <span class='ocrx_word' id='word_1_25' title='bbox 566 455 662 538; x_wconf 84' lang='grc' dir='ltr'><strong><em>θεοῦ,</em></strong></span> <span class='ocrx_word' id='word_1_26' title='bbox 682 446 785 519; x_wconf 79' lang='grc' dir='ltr'><strong><em>αὐτόν</em></strong></span> <span class='ocrx_word' id='word_1_27' title='bbox 803 449 1033 539; x_wconf 75' lang='grc' dir='ltr'><strong><em>ἐπεγράψαντο</em></strong></span> 
     </span>
     <span class='ocr_line' id='line_1_5' title="bbox 65 548 1033 641; baseline 0.002 -21"><span class='ocrx_word' id='word_1_28' title='bbox 65 554 198 641; x_wconf 80' lang='grc' dir='ltr'><strong><em>σωτῆρα</em></strong></span> <span class='ocrx_word' id='word_1_29' title='bbox 216 552 271 619; x_wconf 79' lang='grc' dir='ltr'><strong><em>καὶ</em></strong></span> <span class='ocrx_word' id='word_1_30' title='bbox 290 556 504 641; x_wconf 87' lang='grc' dir='ltr'><strong><em>προσδοκίαν.</em></strong></span> <span class='ocrx_word' id='word_1_31' title='bbox 544 556 593 620; x_wconf 71' lang='grc' dir='ltr'><strong><em>λ2.</em></strong></span> <span class='ocrx_word' id='word_1_32' title='bbox 613 548 695 639; x_wconf 78' lang='grc' dir='ltr'><strong><em>μετὰ</em></strong></span> <span class='ocrx_word' id='word_1_33' title='bbox 714 552 815 620; x_wconf 72' lang='grc' dir='ltr'><strong><em>ταῦτα</em></strong></span> <span class='ocrx_word' id='word_1_34' title='bbox 833 550 943 620; x_wconf 78' lang='grc' dir='ltr'><strong><em>πάντα</em></strong></span> <span class='ocrx_word' id='word_1_35' title='bbox 962 555 1033 622; x_wconf 87' lang='grc' dir='ltr'><strong><em>έπι-</em></strong></span> 
     </span>
     <span class='ocr_line' id='line_1_6' title="bbox 12 647 1032 747; baseline -0.003 -22"><span class='ocrx_word' id='word_1_36' title='bbox 12 652 195 739; x_wconf 67' lang='grc' dir='ltr'><strong><em>ςελέγεται</em></strong></span> <span class='ocrx_word' id='word_1_37' title='bbox 213 649 231 676; x_wconf 88' lang='grc'><strong><em>“</em></strong></span> <span class='ocrx_word' id='word_1_38' title='bbox 238 649 412 747; x_wconf 81' lang='grc' dir='ltr'><strong><em>δεσμεύων</em></strong></span> <span class='ocrx_word' id='word_1_39' title='bbox 435 650 518 740; x_wconf 86' lang='grc' dir='ltr'><strong><em>πρὸς</em></strong></span> <span class='ocrx_word' id='word_1_40' title='bbox 542 648 691 740; x_wconf 75' lang='grc' dir='ltr'><strong><em>ἄμπελον</em></strong></span> <span class='ocrx_word' id='word_1_41' title='bbox 708 647 767 720; x_wconf 88' lang='grc' dir='ltr'><strong><em>τόν</em></strong></span> <span class='ocrx_word' id='word_1_42' title='bbox 784 654 897 722; x_wconf 90' lang='grc' dir='ltr'><strong><em>πῶλον</em></strong></span> <span class='ocrx_word' id='word_1_43' title='bbox 916 651 1032 740; x_wconf 78' lang='grc' dir='ltr'><strong><em>αὐτού,</em></strong></span> 
     </span>
    </p>
   </div>
   <div class='ocr_carea' id='block_1_3' title="bbox 17 748 1123 3272">
    <p class='ocr_par' dir='ltr' id='par_1_3' title="bbox 61 748 1062 1144">
     <span class='ocr_line' id='line_1_7' title="bbox 63 748 1033 843; baseline 0.002 -21"><span class='ocrx_word' id='word_1_44' title='bbox 63 755 119 822; x_wconf 85' lang='grc' dir='ltr'><strong><em>καὶ</em></strong></span> <span class='ocrx_word' id='word_1_45' title='bbox 135 755 177 843; x_wconf 79' lang='grc' dir='ltr'><strong><em>τή</em></strong></span> <span class='ocrx_word' id='word_1_46' title='bbox 193 750 283 840; x_wconf 83' lang='grc' dir='ltr'><strong><em>ήλικι</em></strong></span> <span class='ocrx_word' id='word_1_47' title='bbox 300 749 337 822; x_wconf 88' lang='grc' dir='ltr'><strong><em>τό</em></strong></span> <span class='ocrx_word' id='word_1_48' title='bbox 355 750 537 840; x_wconf 77' lang='grc' dir='ltr'><strong><em>ὑποζύγιον</em></strong></span> <span class='ocrx_word' id='word_1_49' title='bbox 554 757 612 841; x_wconf 87' lang='grc' dir='ltr'><strong><em>τής</em></strong></span> <span class='ocrx_word' id='word_1_50' title='bbox 629 749 710 824; x_wconf 87' lang='grc' dir='ltr'><strong><em>όνου</em></strong></span> <span class='ocrx_word' id='word_1_51' title='bbox 725 748 839 841; x_wconf 80' lang='grc' dir='ltr'><strong><em>αότοῶ,</em></strong></span> <span class='ocrx_word' id='word_1_52' title='bbox 858 762 978 823; x_wconf 76' lang='grc' dir='ltr'><strong><em>πλυνεῖ</em></strong></span> <span class='ocrx_word' id='word_1_53' title='bbox 997 760 1033 824; x_wconf 82' lang='grc' dir='ltr'><strong><em>ἐν</em></strong></span> 
     </span>
     <span class='ocr_line' id='line_1_8' title="bbox 62 850 1032 947; baseline 0.001 -24"><span class='ocrx_word' id='word_1_54' title='bbox 62 864 144 947; x_wconf 81' lang='grc' dir='ltr'><strong><em>ολνφ</em></strong></span> <span class='ocrx_word' id='word_1_55' title='bbox 161 851 224 941; x_wconf 82' lang='grc' dir='ltr'><strong><em>τὴν</em></strong></span> <span class='ocrx_word' id='word_1_56' title='bbox 241 851 363 941; x_wconf 89' lang='grc' dir='ltr'><strong><em>στολήν</em></strong></span> <span class='ocrx_word' id='word_1_57' title='bbox 381 850 502 942; x_wconf 80' lang='grc' dir='ltr'><strong><em>αὐτοῦ,</em></strong></span> <span class='ocrx_word' id='word_1_58' title='bbox 521 855 577 924; x_wconf 84' lang='grc' dir='ltr'><strong><em>καὶ</em></strong></span> <span class='ocrx_word' id='word_1_59' title='bbox 596 858 633 924; x_wconf 84' lang='grc' dir='ltr'><strong><em>ἐν</em></strong></span> <span class='ocrx_word' id='word_1_60' title='bbox 653 859 765 943; x_wconf 77' lang='grc' dir='ltr'><strong><em>αἵματι</em></strong></span> <span class='ocrx_word' id='word_1_61' title='bbox 783 861 953 942; x_wconf 79' lang='grc' dir='ltr'><strong><em>σταφυλῆς</em></strong></span> <span class='ocrx_word' id='word_1_62' title='bbox 971 854 1032 943; x_wconf 88' lang='grc' dir='ltr'><strong><em>τήν</em></strong></span> 
     </span>
     <span class='ocr_line' id='line_1_9' title="bbox 61 950 1062 1045; baseline 0.002 -21"><span class='ocrx_word' id='word_1_63' title='bbox 61 951 244 1044; x_wconf 84' lang='grc' dir='ltr'><strong><em>περιβολήν</em></strong></span> <span class='ocrx_word' id='word_1_64' title='bbox 261 953 374 1025; x_wconf 84' lang='grc' dir='ltr'><strong><em>αὑτοῦ.</em></strong></span> <span class='ocrx_word' id='word_1_65' title='bbox 416 956 588 1045; x_wconf 81' lang='grc' dir='ltr'><strong><em>χαροποιολ</em></strong></span> <span class='ocrx_word' id='word_1_66' title='bbox 606 961 641 1025; x_wconf 74' lang='grc' dir='ltr'><strong><em>οἱ</em></strong></span> <span class='ocrx_word' id='word_1_67' title='bbox 655 950 826 1043; x_wconf 80' lang='grc' dir='ltr'><strong><em>ὀφθαλμοὶ</em></strong></span> <span class='ocrx_word' id='word_1_68' title='bbox 844 952 949 1025; x_wconf 76' lang='grc' dir='ltr'><strong><em>αὐτοῦ</em></strong></span> <span class='ocrx_word' id='word_1_69' title='bbox 966 953 1029 1026; x_wconf 89' lang='grc' dir='ltr'><strong><em>ἀπό</em></strong></span> <span class='ocrx_word' id='word_1_70' title='bbox 1051 999 1062 1026; x_wconf 73' lang='lat'><strong>0</strong></span> 
     </span>
     <span class='ocr_line' id='line_1_10' title="bbox 62 1050 866 1144; baseline -0.004 -18"><span class='ocrx_word' id='word_1_71' title='bbox 62 1067 158 1126; x_wconf 80' lang='grc' dir='ltr'><strong><em>οἴνου</em></strong></span> <span class='ocrx_word' id='word_1_72' title='bbox 176 1058 232 1126; x_wconf 80' lang='grc' dir='ltr'><strong><em>καὶ</em></strong></span> <span class='ocrx_word' id='word_1_73' title='bbox 250 1058 364 1127; x_wconf 79' lang='grc' dir='ltr'><strong><em>λευκοὶ</em></strong></span> <span class='ocrx_word' id='word_1_74' title='bbox 382 1061 415 1126; x_wconf 82' lang='grc' dir='ltr'><strong><em>ολ</em></strong></span> <span class='ocrx_word' id='word_1_75' title='bbox 431 1053 566 1138; x_wconf 77' lang='grc' dir='ltr'><strong><em>ὀδόντες</em></strong></span> <span class='ocrx_word' id='word_1_76' title='bbox 586 1053 689 1126; x_wconf 79' lang='grc' dir='ltr'><strong><em>αὐτοῦ</em></strong></span> <span class='ocrx_word' id='word_1_77' title='bbox 708 1050 729 1144; x_wconf 85' lang='grc' dir='ltr'><strong><em>ή</em></strong></span> <span class='ocrx_word' id='word_1_78' title='bbox 747 1052 866 1142; x_wconf 87' lang='grc' dir='ltr'><strong><em>γάλα.”</em></strong></span> 
     </span>
    </p>

    <p class='ocr_par' dir='ltr' id='par_1_4' title="bbox 24 1153 1098 1651">
     <span class='ocr_line' id='line_1_11' title="bbox 24 1153 1033 1247; baseline -0.003 -17"><span class='ocrx_word' id='word_1_79' title='bbox 24 1192 49 1230; x_wconf 89' lang='lat'><strong><em>10</em></strong></span> <span class='ocrx_word' id='word_1_80' title='bbox 141 1162 189 1226; x_wconf 78' lang='lat'><strong><em>73.</em></strong></span> <span class='ocrx_word' id='word_1_81' title='bbox 216 1162 435 1227; x_wconf 81' lang='grc' dir='ltr'><strong><em>Αἰνίττεοθαι</em></strong></span> <span class='ocrx_word' id='word_1_82' title='bbox 454 1157 492 1227; x_wconf 71' lang='grc' dir='ltr'><strong><em>δὲ</em></strong></span> <span class='ocrx_word' id='word_1_83' title='bbox 510 1155 655 1246; x_wconf 81' lang='grc' dir='ltr'><strong><em>ἡγοῦμαι</em></strong></span> <span class='ocrx_word' id='word_1_84' title='bbox 675 1154 731 1225; x_wconf 86' lang='grc' dir='ltr'><strong><em>διά</em></strong></span> <span class='ocrx_word' id='word_1_85' title='bbox 750 1153 878 1226; x_wconf 78' lang='grc' dir='ltr'><strong><em>τούτων</em></strong></span> <span class='ocrx_word' id='word_1_86' title='bbox 894 1154 954 1227; x_wconf 86' lang='grc' dir='ltr'><strong><em>τόν</em></strong></span> <span class='ocrx_word' id='word_1_87' title='bbox 971 1158 1033 1247; x_wconf 71' lang='grc' dir='ltr'><strong><em>μὲν</em></strong></span> 
     </span>
     <span class='ocr_line' id='line_1_12' title="bbox 61 1253 1033 1347; baseline 0.003 -21"><span class='ocrx_word' id='word_1_88' title='bbox 61 1261 174 1328; x_wconf 89' lang='grc' dir='ltr'><strong><em>πῶλον</em></strong></span> <span class='ocrx_word' id='word_1_89' title='bbox 198 1253 300 1328; x_wconf 86' lang='grc' dir='ltr'><strong><em>αότὸυ</em></strong></span> <span class='ocrx_word' id='word_1_90' title='bbox 325 1255 383 1328; x_wconf 90' lang='grc' dir='ltr'><strong><em>τόν</em></strong></span> <span class='ocrx_word' id='word_1_91' title='bbox 406 1264 475 1328; x_wconf 93' lang='grc' dir='ltr'><strong><em>τῶν</em></strong></span> <span class='ocrx_word' id='word_1_92' title='bbox 498 1254 694 1328; x_wconf 72' lang='grc' dir='ltr'><strong><em>ἀποστόλων</em></strong></span> <span class='ocrx_word' id='word_1_93' title='bbox 719 1259 775 1327; x_wconf 83' lang='grc' dir='ltr'><strong><em>καὶ</em></strong></span> <span class='ocrx_word' id='word_1_94' title='bbox 793 1264 957 1347; x_wconf 75' lang='grc' dir='ltr'><strong><em>μαθητῶν</em></strong></span> <span class='ocrx_word' id='word_1_95' title='bbox 974 1265 1033 1329; x_wconf 81' lang='grc' dir='ltr'><strong><em>τοῦ</em></strong></span> 
     </span>
     <span class='ocr_line' id='line_1_13' title="bbox 61 1348 1033 1448; baseline 0.003 -21"><span class='ocrx_word' id='word_1_96' title='bbox 61 1361 209 1447; x_wconf 80' lang='grc' dir='ltr'><strong><em>σωτῆρος</em></strong></span> <span class='ocrx_word' id='word_1_97' title='bbox 226 1353 322 1448; x_wconf 82' lang='grc' dir='ltr'><strong><em>ἡμῶν</em></strong></span> <span class='ocrx_word' id='word_1_98' title='bbox 339 1356 450 1448; x_wconf 86' lang='grc' dir='ltr'><strong><em>χορόν,</em></strong></span> <span class='ocrx_word' id='word_1_99' title='bbox 469 1357 532 1446; x_wconf 83' lang='grc' dir='ltr'><strong><em>τήν</em></strong></span> <span class='ocrx_word' id='word_1_100' title='bbox 547 1360 584 1429; x_wconf 70' lang='grc' dir='ltr'><strong><em>δὲ</em></strong></span> <span class='ocrx_word' id='word_1_101' title='bbox 598 1357 746 1448; x_wconf 82' lang='grc' dir='ltr'><strong><em>ἀμπελον</em></strong></span> <span class='ocrx_word' id='word_1_102' title='bbox 765 1362 802 1427; x_wconf 85' lang='grc' dir='ltr'><strong><em>ἐν</em></strong></span> <span class='ocrx_word' id='word_1_103' title='bbox 816 1348 905 1447; x_wconf 79' lang='grc' dir='ltr'><strong><em>ᾗτὸν</em></strong></span> <span class='ocrx_word' id='word_1_104' title='bbox 919 1363 1033 1430; x_wconf 88' lang='grc' dir='ltr'><strong><em>πῶλον</em></strong></span> 
     </span>
     <span class='ocr_line' id='line_1_14' title="bbox 60 1457 1098 1551; baseline 0.001 -23"><span class='ocrx_word' id='word_1_105' title='bbox 60 1462 246 1549; x_wconf 74' lang='grc' dir='ltr'><strong><em>προσέδησε</em></strong></span> <span class='ocrx_word' id='word_1_106' title='bbox 272 1460 334 1548; x_wconf 85' lang='grc' dir='ltr'><strong><em>τήν</em></strong></span> <span class='ocrx_word' id='word_1_107' title='bbox 358 1467 480 1531; x_wconf 83' lang='grc' dir='ltr'><strong><em>ἔνθεον</em></strong></span> <span class='ocrx_word' id='word_1_108' title='bbox 504 1463 559 1529; x_wconf 83' lang='grc' dir='ltr'><strong><em>καὶ</em></strong></span> <span class='ocrx_word' id='word_1_109' title='bbox 583 1457 726 1551; x_wconf 88' lang='grc' dir='ltr'><strong><em>ἀόρατον</em></strong></span> <span class='ocrx_word' id='word_1_110' title='bbox 750 1457 1030 1549; x_wconf 85' lang='grc' dir='ltr'><strong><em>αότοῡδόναμιν,</em></strong></span> <span class='ocrx_word' id='word_1_111' title='bbox 1044 1487 1098 1540; x_wconf 78' lang='grc' dir='ltr'><strong><em>[εει]</em></strong></span> 
     </span>
     <span class='ocr_line' id='line_1_15' title="bbox 59 1554 1032 1651; baseline 0.001 -22"><span class='ocrx_word' id='word_1_112' title='bbox 59 1555 103 1649; x_wconf 77' lang='grc' dir='ltr'><strong><em>ἣν</em></strong></span> <span class='ocrx_word' id='word_1_113' title='bbox 121 1555 221 1642; x_wconf 86' lang='grc' dir='ltr'><strong><em>αότδς</em></strong></span> <span class='ocrx_word' id='word_1_114' title='bbox 245 1558 406 1651; x_wconf 78' lang='grc' dir='ltr'><strong><em>παριστὰς</em></strong></span> <span class='ocrx_word' id='word_1_115' title='bbox 431 1566 587 1632; x_wconf 86' lang='grc' dir='ltr'><strong><em>ἐδίδασκε</em></strong></span> <span class='ocrx_word' id='word_1_116' title='bbox 611 1562 718 1648; x_wconf 87' lang='grc' dir='ltr'><strong><em>λέγων</em></strong></span> <span class='ocrx_word' id='word_1_117' title='bbox 732 1554 821 1648; x_wconf 81' lang='grc' dir='ltr'><strong><em>“ἐγῶ</em></strong></span> <span class='ocrx_word' id='word_1_118' title='bbox 840 1567 907 1649; x_wconf 75' lang='grc' dir='ltr'><strong><em>εἰμι</em></strong></span> <span class='ocrx_word' id='word_1_119' title='bbox 929 1559 949 1648; x_wconf 86' lang='grc' dir='ltr'><strong><em>ή</em></strong></span> <span class='ocrx_word' id='word_1_120' title='bbox 969 1558 1032 1651; x_wconf 81' lang='grc' dir='ltr'><strong><em>ἀμ-</em></strong></span> 
     </span>
    </p>

    <p class='ocr_par' dir='ltr' id='par_1_5' title="bbox 21 1656 1032 2148">
     <span class='ocr_line' id='line_1_16' title="bbox 21 1656 1029 1751; baseline 0.002 -22"><span class='ocrx_word' id='word_1_121' title='bbox 21 1698 46 1737; x_wconf 81' lang='lat'><strong><em>15</em></strong></span> <span class='ocrx_word' id='word_1_122' title='bbox 60 1670 159 1742; x_wconf 91' lang='grc' dir='ltr'><strong><em>πελος</em></strong></span> <span class='ocrx_word' id='word_1_123' title='bbox 184 1656 206 1749; x_wconf 86' lang='grc' dir='ltr'><strong><em>ή</em></strong></span> <span class='ocrx_word' id='word_1_124' title='bbox 229 1657 393 1751; x_wconf 83' lang='grc' dir='ltr'><strong><em>ἀληθινή,</em></strong></span> <span class='ocrx_word' id='word_1_125' title='bbox 424 1656 441 1731; x_wconf 86' lang='grc' dir='ltr'><strong><em>ό</em></strong></span> <span class='ocrx_word' id='word_1_126' title='bbox 472 1661 580 1751; x_wconf 90' lang='grc' dir='ltr'><strong><em>πατήρ</em></strong></span> <span class='ocrx_word' id='word_1_127' title='bbox 603 1690 669 1751; x_wconf 92' lang='grc' dir='ltr'><strong><em>μου</em></strong></span> <span class='ocrx_word' id='word_1_128' title='bbox 693 1660 710 1730; x_wconf 88' lang='grc' dir='ltr'>ὁ</span> <span class='ocrx_word' id='word_1_129' title='bbox 734 1659 881 1751; x_wconf 85' lang='grc' dir='ltr'><strong><em>γεωργός</em></strong></span> <span class='ocrx_word' id='word_1_130' title='bbox 907 1660 1029 1733; x_wconf 88' lang='grc' dir='ltr'><strong><em>ἐστιν.”</em></strong></span> 
     </span>
     <span class='ocr_line' id='line_1_17' title="bbox 59 1759 1032 1853; baseline 0.002 -21"><span class='ocrx_word' id='word_1_131' title='bbox 59 1766 126 1846; x_wconf 80' lang='grc' dir='ltr'><strong><em>έλιξ</em></strong></span> <span class='ocrx_word' id='word_1_132' title='bbox 152 1763 189 1832; x_wconf 70' lang='grc' dir='ltr'><strong><em>δὲ</em></strong></span> <span class='ocrx_word' id='word_1_133' title='bbox 212 1768 270 1853; x_wconf 82' lang='grc' dir='ltr'><strong><em>τῆς</em></strong></span> <span class='ocrx_word' id='word_1_134' title='bbox 293 1762 443 1852; x_wconf 85' lang='grc' dir='ltr'><strong><em>ἀμπέλου</em></strong></span> <span class='ocrx_word' id='word_1_135' title='bbox 466 1766 525 1850; x_wconf 81' lang='grc' dir='ltr'><strong><em>τῆς</em></strong></span> <span class='ocrx_word' id='word_1_136' title='bbox 544 1759 770 1852; x_wconf 78' lang='grc' dir='ltr'><strong><em>ἀποδοθείσης</em></strong></span> <span class='ocrx_word' id='word_1_137' title='bbox 796 1773 847 1852; x_wconf 82' lang='grc' dir='ltr'><strong><em>ελή</em></strong></span> <span class='ocrx_word' id='word_1_138' title='bbox 874 1759 917 1834; x_wconf 81' lang='grc' dir='ltr'><strong><em>ἀν</em></strong></span> <span class='ocrx_word' id='word_1_139' title='bbox 934 1759 955 1851; x_wconf 84' lang='grc' dir='ltr'><strong><em>ή</em></strong></span> <span class='ocrx_word' id='word_1_140' title='bbox 973 1766 1032 1834; x_wconf 83' lang='grc' dir='ltr'><strong><em>τοῦ</em></strong></span> 
     </span>
     <span class='ocr_line' id='line_1_18' title="bbox 58 1855 1031 1955; baseline 0.001 -22"><span class='ocrx_word' id='word_1_141' title='bbox 58 1870 144 1935; x_wconf 78' lang='grc' dir='ltr'><strong><em>θεοῦ</em></strong></span> <span class='ocrx_word' id='word_1_142' title='bbox 169 1861 269 1952; x_wconf 90' lang='grc' dir='ltr'><strong><em>λόγον</em></strong></span> <span class='ocrx_word' id='word_1_143' title='bbox 296 1869 512 1952; x_wconf 79' lang='grc' dir='ltr'><strong><em>διδασκαλία,</em></strong></span> <span class='ocrx_word' id='word_1_144' title='bbox 542 1867 578 1935; x_wconf 85' lang='grc' dir='ltr'><strong><em>έν</em></strong></span> <span class='ocrx_word' id='word_1_145' title='bbox 602 1855 624 1955; x_wconf 79' lang='grc' dir='ltr'><strong><em>ᾖ</em></strong></span> <span class='ocrx_word' id='word_1_146' title='bbox 646 1863 705 1935; x_wconf 88' lang='grc' dir='ltr'><strong><em>τόν</em></strong></span> <span class='ocrx_word' id='word_1_147' title='bbox 732 1869 845 1935; x_wconf 89' lang='grc' dir='ltr'><strong><em>πῶλον</em></strong></span> <span class='ocrx_word' id='word_1_148' title='bbox 869 1869 927 1952; x_wconf 82' lang='grc' dir='ltr'><strong><em>τῆς</em></strong></span> <span class='ocrx_word' id='word_1_149' title='bbox 951 1861 1031 1935; x_wconf 86' lang='grc' dir='ltr'><strong><em>όνου</em></strong></span> 
     </span>
     <span class='ocr_line' id='line_1_19' title="bbox 58 1961 1031 2055; baseline -0.001 -20"><span class='ocrx_word' id='word_1_150' title='bbox 58 1961 275 2055; x_wconf 83' lang='grc' dir='ltr'><strong><em>κατεδήσατο,</em></strong></span> <span class='ocrx_word' id='word_1_151' title='bbox 293 1962 352 2036; x_wconf 88' lang='grc' dir='ltr'><strong><em>τόν</em></strong></span> <span class='ocrx_word' id='word_1_152' title='bbox 368 1969 448 2036; x_wconf 83' lang='grc' dir='ltr'><strong><em>νέον</em></strong></span> <span class='ocrx_word' id='word_1_153' title='bbox 467 1968 500 2049; x_wconf 81' lang='grc' dir='ltr'><strong><em>ἐξ</em></strong></span> <span class='ocrx_word' id='word_1_154' title='bbox 512 1968 623 2038; x_wconf 82' lang='grc' dir='ltr'><strong><em>ἐθνῶν</em></strong></span> <span class='ocrx_word' id='word_1_155' title='bbox 637 1963 730 2054; x_wconf 90' lang='grc' dir='ltr'><strong><em>λαδν,</em></strong></span> <span class='ocrx_word' id='word_1_156' title='bbox 749 1970 899 2055; x_wconf 87' lang='grc' dir='ltr'><strong><em>γέννημα</em></strong></span> <span class='ocrx_word' id='word_1_157' title='bbox 912 1962 1031 2054; x_wconf 85' lang='grc' dir='ltr'><strong><em>τυγχά-</em></strong></span> 
     </span>
     <span class='ocr_line' id='line_1_20' title="bbox 57 2063 1031 2148; baseline 0 -13"><span class='ocrx_word' id='word_1_158' title='bbox 57 2094 161 2136; x_wconf 91' lang='grc' dir='ltr'><strong><em>νοντα</em></strong></span> <span class='ocrx_word' id='word_1_159' title='bbox 177 2071 245 2136; x_wconf 91' lang='grc' dir='ltr'><strong><em>τῶν</em></strong></span> <span class='ocrx_word' id='word_1_160' title='bbox 264 2063 458 2137; x_wconf 78' lang='grc' dir='ltr'><strong><em>ἀποστόλων</em></strong></span> <span class='ocrx_word' id='word_1_161' title='bbox 477 2065 591 2137; x_wconf 79' lang='grc' dir='ltr'><strong><em>αὐτοῦ.</em></strong></span> <span class='ocrx_word' id='word_1_162' title='bbox 631 2072 680 2137; x_wconf 81' lang='grc'><strong><em>74.</em></strong></span> <span class='ocrx_word' id='word_1_163' title='bbox 701 2079 788 2138; x_wconf 80' lang='grc' dir='ltr'><strong><em>εἴποι</em></strong></span> <span class='ocrx_word' id='word_1_164' title='bbox 808 2064 838 2135; x_wconf 89' lang='grc' dir='ltr'><strong><em>δ’</em></strong></span> <span class='ocrx_word' id='word_1_165' title='bbox 861 2064 904 2138; x_wconf 85' lang='grc' dir='ltr'><strong><em>ἀν</em></strong></span> <span class='ocrx_word' id='word_1_166' title='bbox 912 2096 962 2148; x_wconf 86' lang='grc' dir='ltr'><strong><em>τις</em></strong></span> <span class='ocrx_word' id='word_1_167' title='bbox 976 2068 1031 2136; x_wconf 81' lang='grc' dir='ltr'><strong><em>καὶ</em></strong></span> 
     </span>
    </p>

    <p class='ocr_par' dir='ltr' id='par_1_6' title="bbox 20 2162 1061 2661">
     <span class='ocr_line' id='line_1_21' title="bbox 20 2162 1061 2256; baseline -0.003 -16"><span class='ocrx_word' id='word_1_168' title='bbox 20 2201 46 2240; x_wconf 87' lang='grc' dir='ltr'><strong><em>εο</em></strong></span> <span class='ocrx_word' id='word_1_169' title='bbox 59 2162 141 2255; x_wconf 88' lang='grc' dir='ltr'><strong><em>πρός</em></strong></span> <span class='ocrx_word' id='word_1_170' title='bbox 159 2167 248 2249; x_wconf 80' lang='grc' dir='ltr'><strong><em>λέξιν</em></strong></span> <span class='ocrx_word' id='word_1_171' title='bbox 271 2171 377 2236; x_wconf 81' lang='grc' dir='ltr'><strong><em>ταῦτα</em></strong></span> <span class='ocrx_word' id='word_1_172' title='bbox 399 2168 515 2249; x_wconf 82' lang='grc' dir='ltr'><strong><em>τέλους</em></strong></span> <span class='ocrx_word' id='word_1_173' title='bbox 532 2171 768 2256; x_wconf 83' lang='grc' dir='ltr'><strong><em>τετυχηκέναι,</em></strong></span> <span class='ocrx_word' id='word_1_174' title='bbox 794 2166 849 2237; x_wconf 83' lang='grc' dir='ltr'><strong><em>ὅτε</em></strong></span> <span class='ocrx_word' id='word_1_175' title='bbox 873 2167 956 2237; x_wconf 86' lang='grc' dir='ltr'><strong><em>κατά</em></strong></span> <span class='ocrx_word' id='word_1_176' title='bbox 974 2165 1032 2238; x_wconf 89' lang='grc' dir='ltr'><strong><em>τόν</em></strong></span> <span class='ocrx_word' id='word_1_177' title='bbox 1047 2198 1061 2238; x_wconf 87' lang='lat' dir='ltr'>d</span> 
     </span>
     <span class='ocr_line' id='line_1_22' title="bbox 58 2265 1030 2357; baseline 0 -21"><span class='ocrx_word' id='word_1_178' title='bbox 58 2276 242 2338; x_wconf 80' lang='grc' dir='ltr'><strong><em>Ματθαῖον</em></strong></span> <span class='ocrx_word' id='word_1_179' title='bbox 260 2265 356 2336; x_wconf 78' lang='grc' dir='ltr'><strong><em>εἶπεν</em></strong></span> <span class='ocrx_word' id='word_1_180' title='bbox 374 2265 391 2336; x_wconf 88' lang='grc' dir='ltr'>ὁ</span> <span class='ocrx_word' id='word_1_181' title='bbox 410 2265 525 2356; x_wconf 81' lang='grc' dir='ltr'><strong><em>κύριος</em></strong></span> <span class='ocrx_word' id='word_1_182' title='bbox 543 2284 612 2348; x_wconf 80' lang='grc' dir='ltr'><strong><em>τοῖς</em></strong></span> <span class='ocrx_word' id='word_1_183' title='bbox 630 2271 751 2338; x_wconf 79' lang='grc' dir='ltr'><strong><em>ἑαυτοῦ</em></strong></span> <span class='ocrx_word' id='word_1_184' title='bbox 769 2280 937 2357; x_wconf 77' lang='grc' dir='ltr'><strong><em>μαθηταῖς</em></strong></span> <span class='ocrx_word' id='word_1_185' title='bbox 950 2266 1030 2336; x_wconf 71' lang='lat'><strong><em>“210-</em></strong></span> 
     </span>
     <span class='ocr_line' id='line_1_23' title="bbox 58 2364 1031 2459; baseline -0.002 -23"><span class='ocrx_word' id='word_1_186' title='bbox 58 2366 201 2459; x_wconf 87' lang='grc' dir='ltr'><strong><em>ρεόεσθε</em></strong></span> <span class='ocrx_word' id='word_1_187' title='bbox 220 2374 267 2448; x_wconf 79' lang='grc' dir='ltr'><strong><em>εἰς</em></strong></span> <span class='ocrx_word' id='word_1_188' title='bbox 284 2364 347 2454; x_wconf 82' lang='grc' dir='ltr'><strong><em>τήν</em></strong></span> <span class='ocrx_word' id='word_1_189' title='bbox 364 2370 540 2437; x_wconf 81' lang='grc' dir='ltr'><strong><em>κατέναντι</em></strong></span> <span class='ocrx_word' id='word_1_190' title='bbox 558 2367 656 2458; x_wconf 78' lang='grc' dir='ltr'><strong><em>ὑμῶν</em></strong></span> <span class='ocrx_word' id='word_1_191' title='bbox 674 2365 807 2456; x_wconf 87' lang='grc' dir='ltr'><strong><em>κῶμην,</em></strong></span> <span class='ocrx_word' id='word_1_192' title='bbox 827 2371 883 2436; x_wconf 82' lang='grc' dir='ltr'><strong><em>καλ</em></strong></span> <span class='ocrx_word' id='word_1_193' title='bbox 904 2366 1031 2448; x_wconf 81' lang='grc' dir='ltr'><strong><em>εὐθέως</em></strong></span> 
     </span>
     <span class='ocr_line' id='line_1_24' title="bbox 59 2465 1028 2558; baseline -0.003 -20"><span class='ocrx_word' id='word_1_194' title='bbox 59 2466 217 2558; x_wconf 82' lang='grc' dir='ltr'><strong><em>εὑρήσετε</em></strong></span> <span class='ocrx_word' id='word_1_195' title='bbox 243 2465 324 2540; x_wconf 86' lang='grc' dir='ltr'><strong><em>όυον</em></strong></span> <span class='ocrx_word' id='word_1_196' title='bbox 353 2471 554 2558; x_wconf 84' lang='grc' dir='ltr'><strong><em>δεδεμένην,</em></strong></span> <span class='ocrx_word' id='word_1_197' title='bbox 588 2471 643 2538; x_wconf 82' lang='grc' dir='ltr'><strong><em>καὶ</em></strong></span> <span class='ocrx_word' id='word_1_198' title='bbox 670 2472 784 2538; x_wconf 91' lang='grc' dir='ltr'><strong><em>πῶλον</em></strong></span> <span class='ocrx_word' id='word_1_199' title='bbox 810 2465 881 2556; x_wconf 87' lang='grc' dir='ltr'><strong><em>μετ’</em></strong></span> <span class='ocrx_word' id='word_1_200' title='bbox 910 2465 1028 2554; x_wconf 76' lang='grc' dir='ltr'><strong><em>αὐτῆς</em></strong></span> 
     </span>
     <span class='ocr_line' id='line_1_25' title="bbox 57 2564 1029 2661; baseline -0.002 -23"><span class='ocrx_word' id='word_1_201' title='bbox 57 2567 219 2650; x_wconf 80' lang='grc' dir='ltr'><strong><em>λύσαντες</em></strong></span> <span class='ocrx_word' id='word_1_202' title='bbox 236 2567 379 2659; x_wconf 85' lang='grc' dir='ltr'><strong><em>ἀγάγετέ</em></strong></span> <span class='ocrx_word' id='word_1_203' title='bbox 394 2565 483 2660; x_wconf 88' lang='grc' dir='ltr'><strong><em>μοι.”</em></strong></span> <span class='ocrx_word' id='word_1_204' title='bbox 531 2574 580 2640; x_wconf 77' lang='grc'><strong><em>75.</em></strong></span> <span class='ocrx_word' id='word_1_205' title='bbox 601 2571 656 2640; x_wconf 75' lang='grc' dir='ltr'><strong><em>καὶ</em></strong></span> <span class='ocrx_word' id='word_1_206' title='bbox 682 2575 751 2640; x_wconf 79' lang='grc' dir='ltr'><strong><em>ἔστι</em></strong></span> <span class='ocrx_word' id='word_1_207' title='bbox 773 2595 811 2656; x_wconf 90' lang='grc' dir='ltr'><strong><em>γε</em></strong></span> <span class='ocrx_word' id='word_1_208' title='bbox 829 2564 965 2655; x_wconf 90' lang='grc' dir='ltr'><strong><em>ἀληθῶς</em></strong></span> <span class='ocrx_word' id='word_1_209' title='bbox 982 2573 1029 2661; x_wconf 74' lang='grc' dir='ltr'><strong><em>τῷ</em></strong></span> 
     </span>
    </p>

    <p class='ocr_par' dir='ltr' id='par_1_7' title="bbox 18 2666 1123 3166">
     <span class='ocr_line' id='line_1_26' title="bbox 18 2666 1123 2764; baseline -0.004 -22"><span class='ocrx_word' id='word_1_210' title='bbox 18 2703 44 2744; x_wconf 85' lang='grc' dir='ltr'><strong><em>εε</em></strong></span> <span class='ocrx_word' id='word_1_211' title='bbox 57 2669 146 2764; x_wconf 79' lang='grc' dir='ltr'><strong><em>λόγῳ</em></strong></span> <span class='ocrx_word' id='word_1_212' title='bbox 171 2670 392 2761; x_wconf 79' lang='grc' dir='ltr'><strong><em>ἐπιστήσαντα</em></strong></span> <span class='ocrx_word' id='word_1_213' title='bbox 422 2667 661 2762; x_wconf 75' lang='grc' dir='ltr'><strong><em>ἀποθαυμάσαι</em></strong></span> <span class='ocrx_word' id='word_1_214' title='bbox 684 2666 747 2758; x_wconf 86' lang='grc' dir='ltr'><strong><em>τήν</em></strong></span> <span class='ocrx_word' id='word_1_215' title='bbox 769 2676 829 2740; x_wconf 83' lang='grc' dir='ltr'><strong><em>τοῦ</em></strong></span> <span class='ocrx_word' id='word_1_216' title='bbox 856 2667 1030 2758; x_wconf 76' lang='grc' dir='ltr'><strong><em>προφήτου</em></strong></span> <span class='ocrx_word' id='word_1_217' title='bbox 1121 2746 1123 2751; x_wconf 91' lang='lat'><em>.</em></span> 
     </span>
     <span class='ocr_line' id='line_1_27' title="bbox 56 2767 1031 2868; baseline -0.002 -26"><span class='ocrx_word' id='word_1_218' title='bbox 56 2770 263 2865; x_wconf 83' lang='grc' dir='ltr'><strong><em>πρόρρησιν,</em></strong></span> <span class='ocrx_word' id='word_1_219' title='bbox 282 2779 328 2868; x_wconf 81' lang='grc' dir='ltr'><strong><em>τῷ</em></strong></span> <span class='ocrx_word' id='word_1_220' title='bbox 345 2782 430 2868; x_wconf 84' lang='grc' dir='ltr'><strong><em>θείφ</em></strong></span> <span class='ocrx_word' id='word_1_221' title='bbox 449 2772 615 2863; x_wconf 76' lang='grc' dir='ltr'><strong><em>πνεύματι</em></strong></span> <span class='ocrx_word' id='word_1_222' title='bbox 633 2768 963 2862; x_wconf 84' lang='grc' dir='ltr'><strong><em>προτεθεωρηκότος,</em></strong></span> <span class='ocrx_word' id='word_1_223' title='bbox 981 2767 1031 2841; x_wconf 86' lang='grc' dir='ltr'><strong><em>ότι</em></strong></span> 
     </span>
     <span class='ocr_line' id='line_1_28' title="bbox 57 2870 1030 2968; baseline -0.004 -23"><span class='ocrx_word' id='word_1_224' title='bbox 57 2872 98 2964; x_wconf 87' lang='grc' dir='ltr'><strong><em>δή</em></strong></span> <span class='ocrx_word' id='word_1_225' title='bbox 113 2873 279 2964; x_wconf 89' lang='grc' dir='ltr'><strong><em>μελλήσει</em></strong></span> <span class='ocrx_word' id='word_1_226' title='bbox 303 2874 632 2968; x_wconf 85' lang='grc' dir='ltr'><strong><em>ὁπροφητενόμενος</em></strong></span> <span class='ocrx_word' id='word_1_227' title='bbox 656 2870 716 2962; x_wconf 81' lang='grc' dir='ltr'><strong><em>οὐχ</em></strong></span> <span class='ocrx_word' id='word_1_228' title='bbox 734 2870 790 2943; x_wconf 81' lang='grc' dir='ltr'><strong><em>οἷά</em></strong></span> <span class='ocrx_word' id='word_1_229' title='bbox 812 2902 860 2955; x_wconf 87' lang='grc' dir='ltr'><strong><em>τις</em></strong></span> <span class='ocrx_word' id='word_1_230' title='bbox 881 2875 1030 2955; x_wconf 83' lang='grc' dir='ltr'><strong><em>ἐπίδοξος</em></strong></span> 
     </span>
     <span class='ocr_line' id='line_1_29' title="bbox 57 2970 1031 3069; baseline -0.003 -23"><span class='ocrx_word' id='word_1_231' title='bbox 57 2979 94 3046; x_wconf 88' lang='grc' dir='ltr'><strong><em>έν</em></strong></span> <span class='ocrx_word' id='word_1_232' title='bbox 111 2973 305 3069; x_wconf 76' lang='grc' dir='ltr'><strong><em>ἀνθρώποις</em></strong></span> <span class='ocrx_word' id='word_1_233' title='bbox 324 2974 483 3066; x_wconf 82' lang='grc' dir='ltr'><strong><em>βασιλεός</em></strong></span> <span class='ocrx_word' id='word_1_234' title='bbox 503 2974 558 3066; x_wconf 75' lang='grc' dir='ltr'><strong><em>ἐφ’</em></strong></span> <span class='ocrx_word' id='word_1_235' title='bbox 580 2971 737 3065; x_wconf 81' lang='grc' dir='ltr'><strong><em>ἀρμάτων</em></strong></span> <span class='ocrx_word' id='word_1_236' title='bbox 751 2976 806 3045; x_wconf 77' lang='grc' dir='ltr'><strong><em>καὶ</em></strong></span> <span class='ocrx_word' id='word_1_237' title='bbox 819 2981 933 3044; x_wconf 81' lang='grc' dir='ltr'><strong><em>ἵππων</em></strong></span> <span class='ocrx_word' id='word_1_238' title='bbox 950 2970 1031 3062; x_wconf 84' lang='grc' dir='ltr'><strong><em>όχή-</em></strong></span> 
     </span>
     <span class='ocr_line' id='line_1_30' title="bbox 57 3073 1029 3166; baseline -0.004 -18"><span class='ocrx_word' id='word_1_239' title='bbox 57 3091 197 3166; x_wconf 89' lang='grc' dir='ltr'><strong><em>σεσθαι,</em></strong></span> <span class='ocrx_word' id='word_1_240' title='bbox 216 3074 300 3148; x_wconf 85' lang='grc' dir='ltr'><strong><em>ἀλλά</em></strong></span> <span class='ocrx_word' id='word_1_241' title='bbox 319 3081 374 3150; x_wconf 76' lang='grc' dir='ltr'><strong><em>ἐπὶ</em></strong></span> <span class='ocrx_word' id='word_1_242' title='bbox 392 3075 473 3149; x_wconf 86' lang='grc' dir='ltr'><strong><em>όνου</em></strong></span> <span class='ocrx_word' id='word_1_243' title='bbox 492 3080 547 3148; x_wconf 85' lang='grc' dir='ltr'><strong><em>καλ</em></strong></span> <span class='ocrx_word' id='word_1_244' title='bbox 565 3075 697 3164; x_wconf 87' lang='grc' dir='ltr'><strong><em>πῶλου,</em></strong></span> <span class='ocrx_word' id='word_1_245' title='bbox 723 3073 778 3145; x_wconf 83' lang='grc' dir='ltr'><strong><em>ολά</em></strong></span> <span class='ocrx_word' id='word_1_246' title='bbox 796 3105 845 3158; x_wconf 85' lang='grc' dir='ltr'><strong><em>τις</em></strong></span> <span class='ocrx_word' id='word_1_247' title='bbox 861 3080 930 3146; x_wconf 86' lang='grc' dir='ltr'><strong><em>τῶν</em></strong></span> <span class='ocrx_word' id='word_1_248' title='bbox 947 3083 1029 3144; x_wconf 90' lang='grc' dir='ltr'><strong><em>πολ-</em></strong></span> 
     </span>
    </p>

    <p class='ocr_par' dir='ltr' id='par_1_8' title="bbox 17 3172 1029 3272">
     <span class='ocr_line' id='line_1_31' title="bbox 17 3172 1029 3272; baseline -0.01 -20"><span class='ocrx_word' id='word_1_249' title='bbox 17 3211 43 3252; x_wconf 84' lang='grc' dir='ltr'><strong><em>εο</em></strong></span> <span class='ocrx_word' id='word_1_250' title='bbox 57 3186 126 3251; x_wconf 88' lang='grc' dir='ltr'><strong><em>λῶν</em></strong></span> <span class='ocrx_word' id='word_1_251' title='bbox 144 3180 254 3262; x_wconf 85' lang='grc' dir='ltr'><strong><em>κοινὸς</em></strong></span> <span class='ocrx_word' id='word_1_252' title='bbox 272 3178 358 3272; x_wconf 81' lang='grc' dir='ltr'><strong><em>ἀνήρ</em></strong></span> <span class='ocrx_word' id='word_1_253' title='bbox 377 3183 433 3251; x_wconf 82' lang='grc' dir='ltr'><strong><em>καλ</em></strong></span> <span class='ocrx_word' id='word_1_254' title='bbox 451 3181 562 3269; x_wconf 87' lang='grc' dir='ltr'><strong><em>πένης.</em></strong></span> <span class='ocrx_word' id='word_1_255' title='bbox 597 3184 645 3248; x_wconf 82' lang='grc'><strong><em>76.</em></strong></span> <span class='ocrx_word' id='word_1_256' title='bbox 664 3181 762 3248; x_wconf 81' lang='grc' dir='ltr'><strong><em>τοῦτο</em></strong></span> <span class='ocrx_word' id='word_1_257' title='bbox 780 3176 843 3266; x_wconf 85' lang='grc' dir='ltr'><strong><em>γάρ</em></strong></span> <span class='ocrx_word' id='word_1_258' title='bbox 858 3177 913 3244; x_wconf 85' lang='grc' dir='ltr'><strong><em>καὶ</em></strong></span> <span class='ocrx_word' id='word_1_259' title='bbox 931 3172 1029 3257; x_wconf 82' lang='grc' dir='ltr'><strong><em>ἀλλος</em></strong></span> 
     </span>
    </p>
   </div>
   <div class='ocr_carea' id='block_1_4' title="bbox 124 3408 982 3477">
    <p class='ocr_par' dir='ltr' id='par_1_9' title="bbox 124 3408 982 3477">
     <span class='ocr_line' id='line_1_32' title="bbox 124 3408 982 3477; baseline -0.007 -15"><span class='ocrx_word' id='word_1_260' title='bbox 124 3414 140 3462; x_wconf 84' lang='grc'>5</span> <span class='ocrx_word' id='word_1_261' title='bbox 159 3412 228 3466; x_wconf 78' lang='lat' dir='ltr'><strong>Gen.</strong></span> <span class='ocrx_word' id='word_1_262' title='bbox 240 3415 282 3477; x_wconf 85' lang='grc'><strong><em>49,</em></strong></span> <span class='ocrx_word' id='word_1_263' title='bbox 298 3414 338 3464; x_wconf 86' lang='grc'><strong><em>11.</em></strong></span> <span class='ocrx_word' id='word_1_264' title='bbox 445 3415 477 3462; x_wconf 84' lang='grc'><strong><em>14</em></strong></span> <span class='ocrx_word' id='word_1_265' title='bbox 494 3412 539 3463; x_wconf 84' lang='lat' dir='ltr'><strong><em>Jo.</em></strong></span> <span class='ocrx_word' id='word_1_266' title='bbox 553 3412 594 3471; x_wconf 83' lang='lat'><strong><em>15,</em></strong></span> <span class='ocrx_word' id='word_1_267' title='bbox 610 3413 632 3464; x_wconf 92' lang='lat' dir='ltr'><strong><em>l.</em></strong></span> <span class='ocrx_word' id='word_1_268' title='bbox 738 3410 771 3458; x_wconf 78' lang='lat'><strong><em>22</em></strong></span> <span class='ocrx_word' id='word_1_269' title='bbox 789 3408 889 3460; x_wconf 78' lang='lat' dir='ltr'><strong>Matth.</strong></span> <span class='ocrx_word' id='word_1_270' title='bbox 904 3410 944 3466; x_wconf 78' lang='lat'><strong><em>21,</em></strong></span> <span class='ocrx_word' id='word_1_271' title='bbox 958 3409 982 3456; x_wconf 74' lang='lat'><strong><em>2.</em></strong></span> 
     </span>
    </p>
   </div>
   <div class='ocr_carea' id='block_1_5' title="bbox 0 0 1168 3818">
    <p class='ocr_par' dir='ltr' id='par_1_10' title="bbox 0 0 1168 3818">
     <span class='ocr_line' id='line_1_33' title="bbox 0 0 1168 3818; baseline 0 0"><span class='ocrx_word' id='word_1_272' title='bbox 0 0 1168 3818; x_wconf 95' lang='lat' dir='ltr'><strong><em> </em></strong></span> 
     </span>
    </p>
   </div>
  </div>
 </body>
</html>
