<?xml version="1.0" encoding="UTF-8"?>
<!DOCTYPE html PUBLIC "-//W3C//DTD XHTML 1.0 Transitional//EN"
    "http://www.w3.org/TR/xhtml1/DTD/xhtml1-transitional.dtd">
<html xmlns="http://www.w3.org/1999/xhtml" xml:lang="en" lang="en">
 <head>
  <title>
</title>
<meta http-equiv="Content-Type" content="text/html;charset=utf-8" />
  <meta name='ocr-system' content='tesseract 3.04.00' />
  <meta name='ocr-capabilities' content='ocr_page ocr_carea ocr_par ocr_line ocrx_word'/>
</head>
<body>
  <div class='ocr_page' id='page_1' title='image "./eusebiicaesarie01dindgoog/eusebiicaesarie01dindgoog_0727.png"; bbox 0 0 2326 3818; ppageno 0'>
   <div class='ocr_carea' id='block_1_1' title="bbox 321 134 1031 201">
    <p class='ocr_par' dir='ltr' id='par_1_1' title="bbox 321 134 1031 201">
     <span class='ocr_line' id='line_1_1' title="bbox 321 134 1031 201; baseline 0.024 -17"><span class='ocrx_word' id='word_1_1' title='bbox 321 134 754 190; x_wconf 68' lang='grc' dir='ltr'><strong><em>ουυοσευ.υνευο.κ.ω</em></strong></span> <span class='ocrx_word' id='word_1_2' title='bbox 968 137 1031 201; x_wconf 87' lang='grc'><strong><em>639</em></strong></span> 
     </span>
    </p>
   </div>
   <div class='ocr_carea' id='block_1_2' title="bbox 17 272 1090 3300">
    <p class='ocr_par' dir='ltr' id='par_1_2' title="bbox 17 272 1090 3300">
     <span class='ocr_line' id='line_1_2' title="bbox 58 272 1030 365; baseline 0.006 -22"><span class='ocrx_word' id='word_1_3' title='bbox 58 280 157 363; x_wconf 79' lang='grc' dir='ltr'><strong><em>ρωθῇ</em></strong></span> <span class='ocrx_word' id='word_1_4' title='bbox 171 272 207 343; x_wconf 89' lang='grc' dir='ltr'><strong><em>τό</em></strong></span> <span class='ocrx_word' id='word_1_5' title='bbox 221 278 278 364; x_wconf 80' lang='grc' dir='ltr'><strong><em>τῆς</em></strong></span> <span class='ocrx_word' id='word_1_6' title='bbox 292 282 512 363; x_wconf 76' lang='grc' dir='ltr'><strong><em>προφητείας·</em></strong></span> <span class='ocrx_word' id='word_1_7' title='bbox 538 272 594 344; x_wconf 81' lang='grc' dir='ltr'><strong><em>ὅτε</em></strong></span> <span class='ocrx_word' id='word_1_8' title='bbox 606 273 732 362; x_wconf 79' lang='grc' dir='ltr'><strong><em>κλήρου</em></strong></span> <span class='ocrx_word' id='word_1_9' title='bbox 744 273 1030 365; x_wconf 76' lang='grc' dir='ltr'><strong><em>γενομένου“ἔπε-</em></strong></span> 
     </span>
     <span class='ocr_line' id='line_1_3' title="bbox 58 370 1059 468; baseline 0.005 -23"><span class='ocrx_word' id='word_1_10' title='bbox 58 397 120 445; x_wconf 91' lang='grc' dir='ltr'><strong><em>σεν</em></strong></span> <span class='ocrx_word' id='word_1_11' title='bbox 136 370 154 445; x_wconf 83' lang='grc' dir='ltr'>ὁ</span> <span class='ocrx_word' id='word_1_12' title='bbox 170 379 289 465; x_wconf 86' lang='grc' dir='ltr'><strong><em>κλήρος</em></strong></span> <span class='ocrx_word' id='word_1_13' title='bbox 304 379 358 446; x_wconf 76' lang='grc' dir='ltr'><strong><em>ἐπὶ</em></strong></span> <span class='ocrx_word' id='word_1_14' title='bbox 368 384 543 464; x_wconf 82' lang='grc' dir='ltr'><strong><em>Ματθίαν,</em></strong></span> <span class='ocrx_word' id='word_1_15' title='bbox 562 378 618 446; x_wconf 80' lang='grc' dir='ltr'><strong><em>καὶ</em></strong></span> <span class='ocrx_word' id='word_1_16' title='bbox 632 387 935 466; x_wconf 73' lang='grc' dir='ltr'><strong><em>συγκατεήηφίσθη</em></strong></span> <span class='ocrx_word' id='word_1_17' title='bbox 948 379 1031 468; x_wconf 80' lang='grc' dir='ltr'><strong><em>μετδι</em></strong></span> <span class='ocrx_word' id='word_1_18' title='bbox 1046 411 1059 450; x_wconf 84' lang='grc' dir='ltr'><strong><em>ι</em></strong></span> 
     </span>
     <span class='ocr_line' id='line_1_4' title="bbox 57 473 1030 558; baseline 0.006 -12"><span class='ocrx_word' id='word_1_19' title='bbox 57 483 127 547; x_wconf 78' lang='grc' dir='ltr'><strong><em>τῶν</em></strong></span> <span class='ocrx_word' id='word_1_20' title='bbox 146 475 277 546; x_wconf 76' lang='grc' dir='ltr'><strong><em>δοόδεκα</em></strong></span> <span class='ocrx_word' id='word_1_21' title='bbox 295 473 524 548; x_wconf 79' lang='grc' dir='ltr'><strong><em>ἅποστόλωυ.”</em></strong></span> <span class='ocrx_word' id='word_1_22' title='bbox 560 474 687 548; x_wconf 79' lang='grc' dir='ltr'><strong><em>τούτων</em></strong></span> <span class='ocrx_word' id='word_1_23' title='bbox 696 475 803 558; x_wconf 79' lang='grc' dir='ltr'><strong><em>οὕτως</em></strong></span> <span class='ocrx_word' id='word_1_24' title='bbox 818 483 1030 552; x_wconf 81' lang='grc' dir='ltr'><strong><em>ἐκτελεσθέν-</em></strong></span> 
     </span>
     <span class='ocr_line' id='line_1_5' title="bbox 56 573 1030 672; baseline 0.005 -25"><span class='ocrx_word' id='word_1_25' title='bbox 56 606 125 648; x_wconf 90' lang='grc' dir='ltr'><strong><em>των</em></strong></span> <span class='ocrx_word' id='word_1_26' title='bbox 142 576 333 649; x_wconf 78' lang='grc' dir='ltr'><strong><em>ἀκόλουθον</em></strong></span> <span class='ocrx_word' id='word_1_27' title='bbox 350 573 394 649; x_wconf 70' lang='grc' dir='ltr'><strong><em>ἂν</em></strong></span> <span class='ocrx_word' id='word_1_28' title='bbox 412 589 464 668; x_wconf 78' lang='grc' dir='ltr'><strong><em>εἴη</em></strong></span> <span class='ocrx_word' id='word_1_29' title='bbox 489 576 525 649; x_wconf 91' lang='grc' dir='ltr'><strong><em>τδ</em></strong></span> <span class='ocrx_word' id='word_1_30' title='bbox 544 582 643 669; x_wconf 67' lang='grc' dir='ltr'><strong><em>λόγον</em></strong></span> <span class='ocrx_word' id='word_1_31' title='bbox 661 584 697 649; x_wconf 80' lang='grc' dir='ltr'><strong><em>ἐν</em></strong></span> <span class='ocrx_word' id='word_1_32' title='bbox 715 584 760 672; x_wconf 79' lang='grc' dir='ltr'><strong><em>τῷ</em></strong></span> <span class='ocrx_word' id='word_1_33' title='bbox 783 585 910 672; x_wconf 77' lang='grc' dir='ltr'><strong><em>Ψαλμῷ</em></strong></span> <span class='ocrx_word' id='word_1_34' title='bbox 929 583 1030 668; x_wconf 88' lang='grc' dir='ltr'><strong><em>πρόσ-</em></strong></span> 
     </span>
     <span class='ocr_line' id='line_1_6' title="bbox 31 675 1048 773; baseline 0.001 -23"><span class='ocrx_word' id='word_1_35' title='bbox 31 707 152 750; x_wconf 80' lang='grc' dir='ltr'><strong><em>οωπον</em></strong></span> <span class='ocrx_word' id='word_1_36' title='bbox 175 677 237 769; x_wconf 81' lang='grc' dir='ltr'><strong><em>οὐχ</em></strong></span> <span class='ocrx_word' id='word_1_37' title='bbox 266 684 381 767; x_wconf 81' lang='grc' dir='ltr'><strong><em>ἕτερον</em></strong></span> <span class='ocrx_word' id='word_1_38' title='bbox 410 675 568 768; x_wconf 79' lang='grc' dir='ltr'><strong><em>ἡγεῖσθαι</em></strong></span> <span class='ocrx_word' id='word_1_39' title='bbox 598 685 657 751; x_wconf 82' lang='grc' dir='ltr'><strong><em>τοῦ</em></strong></span> <span class='ocrx_word' id='word_1_40' title='bbox 688 684 834 770; x_wconf 85' lang='grc' dir='ltr'><strong><em>σωτήρος</em></strong></span> <span class='ocrx_word' id='word_1_41' title='bbox 857 680 968 769; x_wconf 77' lang='grc' dir='ltr'><strong><em>ήμῶν,</em></strong></span> <span class='ocrx_word' id='word_1_42' title='bbox 993 679 1048 773; x_wconf 66' lang='grc' dir='ltr'><strong><em>δς,</em></strong></span> 
     </span>
     <span class='ocr_line' id='line_1_7' title="bbox 56 779 1028 874; baseline 0.003 -24"><span class='ocrx_word' id='word_1_43' title='bbox 56 785 102 874; x_wconf 75' lang='grc' dir='ltr'><strong><em>τῷ</em></strong></span> <span class='ocrx_word' id='word_1_44' title='bbox 127 784 227 867; x_wconf 79' lang='grc' dir='ltr'><strong><em>πατρὶ</em></strong></span> <span class='ocrx_word' id='word_1_45' title='bbox 250 779 312 869; x_wconf 90' lang='grc' dir='ltr'><strong><em>τήν</em></strong></span> <span class='ocrx_word' id='word_1_46' title='bbox 335 780 618 871; x_wconf 83' lang='grc' dir='ltr'><strong><em>ἆναπεμφθείσαυ</em></strong></span> <span class='ocrx_word' id='word_1_47' title='bbox 648 779 739 874; x_wconf 79' lang='grc' dir='ltr'><strong><em>αὐτῷ</em></strong></span> <span class='ocrx_word' id='word_1_48' title='bbox 770 781 859 872; x_wconf 82' lang='grc' dir='ltr'><strong><em>παρδι</em></strong></span> <span class='ocrx_word' id='word_1_49' title='bbox 888 781 946 853; x_wconf 85' lang='grc' dir='ltr'><strong><em>τόν</em></strong></span> <span class='ocrx_word' id='word_1_50' title='bbox 969 790 1028 853; x_wconf 85' lang='grc' dir='ltr'><strong><em>τοῦ</em></strong></span> 
     </span>
     <span class='ocr_line' id='line_1_8' title="bbox 57 879 1029 973; baseline 0.004 -21"><span class='ocrx_word' id='word_1_51' title='bbox 57 881 189 962; x_wconf 84' lang='grc' dir='ltr'><strong><em>πόθους</em></strong></span> <span class='ocrx_word' id='word_1_52' title='bbox 213 881 329 971; x_wconf 89' lang='grc' dir='ltr'><strong><em>καιρόν</em></strong></span> <span class='ocrx_word' id='word_1_53' title='bbox 354 879 458 973; x_wconf 75' lang='grc' dir='ltr'><strong><em>εὐχήν</em></strong></span> <span class='ocrx_word' id='word_1_54' title='bbox 480 891 538 972; x_wconf 79' lang='grc' dir='ltr'><strong><em>τῆς</em></strong></span> <span class='ocrx_word' id='word_1_55' title='bbox 563 883 619 954; x_wconf 81' lang='grc' dir='ltr'><strong><em>διδι</em></strong></span> <span class='ocrx_word' id='word_1_56' title='bbox 641 889 702 955; x_wconf 79' lang='grc' dir='ltr'><strong><em>τοῦ</em></strong></span> <span class='ocrx_word' id='word_1_57' title='bbox 724 883 823 973; x_wconf 83' lang='grc' dir='ltr'><strong><em>ἁγίου</em></strong></span> <span class='ocrx_word' id='word_1_58' title='bbox 842 884 1029 973; x_wconf 85' lang='grc' dir='ltr'><strong><em>πνεύματος</em></strong></span> 
     </span>
     <span class='ocr_line' id='line_1_9' title="bbox 55 979 1030 1077; baseline 0.005 -24"><span class='ocrx_word' id='word_1_59' title='bbox 55 979 253 1073; x_wconf 75' lang='grc' dir='ltr'><strong><em>ἀναγραφῆς</em></strong></span> <span class='ocrx_word' id='word_1_60' title='bbox 271 982 451 1074; x_wconf 72' lang='grc' dir='ltr'><strong><em>προλαβών</em></strong></span> <span class='ocrx_word' id='word_1_61' title='bbox 469 991 661 1074; x_wconf 83' lang='grc' dir='ltr'><strong><em>κατηξίωσε,</em></strong></span> <span class='ocrx_word' id='word_1_62' title='bbox 680 987 717 1056; x_wconf 85' lang='grc' dir='ltr'><strong><em>τό</em></strong></span> <span class='ocrx_word' id='word_1_63' title='bbox 734 991 856 1076; x_wconf 77' lang='grc' dir='ltr'><strong><em>μέλλον</em></strong></span> <span class='ocrx_word' id='word_1_64' title='bbox 873 992 949 1077; x_wconf 83' lang='grc' dir='ltr'><strong><em>περὶ</em></strong></span> <span class='ocrx_word' id='word_1_65' title='bbox 967 984 1030 1058; x_wconf 78' lang='grc' dir='ltr'><strong><em>αό-</em></strong></span> 
     </span>
     <span class='ocr_line' id='line_1_10' title="bbox 56 1081 1029 1176; baseline 0.005 -22"><span class='ocrx_word' id='word_1_66' title='bbox 56 1089 118 1155; x_wconf 79' lang='grc' dir='ltr'>τού</span> <span class='ocrx_word' id='word_1_67' title='bbox 141 1085 379 1175; x_wconf 83' lang='grc' dir='ltr'><strong><em>συμβήσεσθαι</em></strong></span> <span class='ocrx_word' id='word_1_68' title='bbox 404 1095 578 1166; x_wconf 87' lang='grc' dir='ltr'><strong><em>θεσπίσας.</em></strong></span> <span class='ocrx_word' id='word_1_69' title='bbox 621 1093 651 1156; x_wconf 83' lang='lat'><strong><em>5.</em></strong></span> <span class='ocrx_word' id='word_1_70' title='bbox 672 1093 777 1176; x_wconf 80' lang='grc' dir='ltr'><strong><em>φησὶν</em></strong></span> <span class='ocrx_word' id='word_1_71' title='bbox 804 1081 868 1160; x_wconf 80' lang='grc' dir='ltr'><strong><em>οὖν</em></strong></span> <span class='ocrx_word' id='word_1_72' title='bbox 886 1086 926 1158; x_wconf 80' lang='grc' dir='ltr'><strong><em>“ό</em></strong></span> <span class='ocrx_word' id='word_1_73' title='bbox 950 1089 1029 1171; x_wconf 86' lang='grc' dir='ltr'><strong><em>θεός</em></strong></span> 
     </span>
     <span class='ocr_line' id='line_1_11' title="bbox 19 1184 1030 1278; baseline 0.006 -23"><span class='ocrx_word' id='word_1_74' title='bbox 19 1217 44 1257; x_wconf 84' lang='grc' dir='ltr'><strong><em>ιο</em></strong></span> <span class='ocrx_word' id='word_1_75' title='bbox 56 1186 119 1275; x_wconf 86' lang='grc' dir='ltr'><strong><em>τήν</em></strong></span> <span class='ocrx_word' id='word_1_76' title='bbox 136 1197 268 1257; x_wconf 83' lang='grc' dir='ltr'><strong><em>αίνεσίν</em></strong></span> <span class='ocrx_word' id='word_1_77' title='bbox 284 1216 349 1276; x_wconf 87' lang='grc' dir='ltr'><strong><em>μου</em></strong></span> <span class='ocrx_word' id='word_1_78' title='bbox 367 1184 412 1276; x_wconf 87' lang='grc' dir='ltr'><strong><em>μή</em></strong></span> <span class='ocrx_word' id='word_1_79' title='bbox 437 1186 736 1278; x_wconf 85' lang='grc' dir='ltr'><strong><em>παρασιωπήσης,”</em></strong></span> <span class='ocrx_word' id='word_1_80' title='bbox 757 1188 819 1275; x_wconf 85' lang='grc' dir='ltr'><strong><em>τήν</em></strong></span> <span class='ocrx_word' id='word_1_81' title='bbox 842 1186 903 1259; x_wconf 79' lang='grc' dir='ltr'><strong><em>ὑπ’</em></strong></span> <span class='ocrx_word' id='word_1_82' title='bbox 924 1188 1030 1261; x_wconf 77' lang='grc' dir='ltr'><strong><em>αὐτοῦ</em></strong></span> 
     </span>
     <span class='ocr_line' id='line_1_12' title="bbox 57 1283 1028 1378; baseline 0.002 -20"><span class='ocrx_word' id='word_1_83' title='bbox 57 1295 311 1375; x_wconf 75' lang='grc' dir='ltr'><strong><em>παραδοθεῖσαν</em></strong></span> <span class='ocrx_word' id='word_1_84' title='bbox 329 1306 397 1370; x_wconf 81' lang='grc' dir='ltr'><strong><em>τοῖς</em></strong></span> <span class='ocrx_word' id='word_1_85' title='bbox 415 1283 521 1359; x_wconf 75' lang='grc' dir='ltr'><strong><em>αὑτοῦ</em></strong></span> <span class='ocrx_word' id='word_1_86' title='bbox 546 1301 714 1378; x_wconf 78' lang='grc' dir='ltr'><strong><em>μαθηταῖς</em></strong></span> <span class='ocrx_word' id='word_1_87' title='bbox 734 1294 954 1360; x_wconf 74' lang='grc' dir='ltr'><strong><em>διδασκαλίαν</em></strong></span> <span class='ocrx_word' id='word_1_88' title='bbox 972 1295 1028 1360; x_wconf 83' lang='grc' dir='ltr'><strong><em>καὶ</em></strong></span> 
     </span>
     <span class='ocr_line' id='line_1_13' title="bbox 56 1388 1056 1479; baseline 0.004 -21"><span class='ocrx_word' id='word_1_89' title='bbox 56 1394 114 1476; x_wconf 77' lang='grc' dir='ltr'><strong><em>τῆς</em></strong></span> <span class='ocrx_word' id='word_1_90' title='bbox 129 1393 246 1475; x_wconf 86' lang='grc' dir='ltr'><strong><em>καινής</em></strong></span> <span class='ocrx_word' id='word_1_91' title='bbox 261 1388 425 1477; x_wconf 81' lang='grc' dir='ltr'><strong><em>διαθήκης</em></strong></span> <span class='ocrx_word' id='word_1_92' title='bbox 438 1388 500 1479; x_wconf 86' lang='grc' dir='ltr'><strong><em>τήν</em></strong></span> <span class='ocrx_word' id='word_1_93' title='bbox 514 1401 644 1460; x_wconf 79' lang='grc' dir='ltr'><strong><em>αίνεσιν</em></strong></span> <span class='ocrx_word' id='word_1_94' title='bbox 653 1397 857 1475; x_wconf 81' lang='grc' dir='ltr'><strong><em>παρακαλῶν</em></strong></span> <span class='ocrx_word' id='word_1_95' title='bbox 870 1392 915 1478; x_wconf 83' lang='grc' dir='ltr'><strong><em>μή</em></strong></span> <span class='ocrx_word' id='word_1_96' title='bbox 930 1419 1026 1458; x_wconf 89' lang='grc' dir='ltr'><strong><em>κατα·</em></strong></span> <span class='ocrx_word' id='word_1_97' title='bbox 1045 1436 1056 1462; x_wconf 74' lang='grc' dir='ltr'><strong><em>ι</em></strong></span> 
     </span>
     <span class='ocr_line' id='line_1_14' title="bbox 57 1488 1027 1579; baseline 0.002 -20"><span class='ocrx_word' id='word_1_98' title='bbox 57 1494 278 1578; x_wconf 81' lang='grc' dir='ltr'><strong><em>σιγασθήναι,</em></strong></span> <span class='ocrx_word' id='word_1_99' title='bbox 309 1488 472 1559; x_wconf 79' lang='grc' dir='ltr'><strong><em>ἀλλὰκαὶ</em></strong></span> <span class='ocrx_word' id='word_1_100' title='bbox 502 1497 549 1570; x_wconf 90' lang='grc' dir='ltr'><strong><em>είς</em></strong></span> <span class='ocrx_word' id='word_1_101' title='bbox 577 1489 636 1560; x_wconf 86' lang='grc' dir='ltr'><strong><em>τόν</em></strong></span> <span class='ocrx_word' id='word_1_102' title='bbox 661 1495 735 1579; x_wconf 81' lang='grc' dir='ltr'><strong><em>ἑξής</em></strong></span> <span class='ocrx_word' id='word_1_103' title='bbox 765 1488 895 1560; x_wconf 77' lang='grc' dir='ltr'><strong><em>ἅπαντα</em></strong></span> <span class='ocrx_word' id='word_1_104' title='bbox 919 1491 1027 1561; x_wconf 70' lang='grc' dir='ltr'><strong><em>αίοῖνα</em></strong></span> 
     </span>
     <span class='ocr_line' id='line_1_15' title="bbox 56 1590 1026 1683; baseline 0.001 -23"><span class='ocrx_word' id='word_1_105' title='bbox 56 1607 258 1677; x_wconf 80' lang='grc' dir='ltr'><strong><em>παραμεῖναι</em></strong></span> <span class='ocrx_word' id='word_1_106' title='bbox 272 1597 317 1682; x_wconf 77' lang='grc' dir='ltr'><strong><em>τῷ</em></strong></span> <span class='ocrx_word' id='word_1_107' title='bbox 332 1599 404 1683; x_wconf 76' lang='grc' dir='ltr'><strong><em>βίῳ.</em></strong></span> <span class='ocrx_word' id='word_1_108' title='bbox 431 1597 461 1660; x_wconf 88' lang='grc'><strong><em>6.</em></strong></span> <span class='ocrx_word' id='word_1_109' title='bbox 472 1590 576 1678; x_wconf 82' lang='grc' dir='ltr'><strong><em>στόμα</em></strong></span> <span class='ocrx_word' id='word_1_110' title='bbox 591 1592 629 1660; x_wconf 72' lang='grc' dir='ltr'><strong><em>δὲ</em></strong></span> <span class='ocrx_word' id='word_1_111' title='bbox 642 1590 839 1679; x_wconf 76' lang='grc' dir='ltr'><strong><em>ἁμαρτωλοῦ</em></strong></span> <span class='ocrx_word' id='word_1_112' title='bbox 853 1595 908 1661; x_wconf 82' lang='grc' dir='ltr'><strong><em>καί</em></strong></span> <span class='ocrx_word' id='word_1_113' title='bbox 922 1592 1026 1680; x_wconf 81' lang='grc' dir='ltr'><strong><em>στόμα</em></strong></span> 
     </span>
     <span class='ocr_line' id='line_1_16' title="bbox 18 1688 1026 1781; baseline 0.001 -20"><span class='ocrx_word' id='word_1_114' title='bbox 18 1721 42 1761; x_wconf 87' lang='lat'><strong><em>15</em></strong></span> <span class='ocrx_word' id='word_1_115' title='bbox 58 1698 173 1758; x_wconf 88' lang='grc' dir='ltr'><strong><em>δολίου</em></strong></span> <span class='ocrx_word' id='word_1_116' title='bbox 197 1702 321 1779; x_wconf 88' lang='grc' dir='ltr'><strong><em>κυρίως</em></strong></span> <span class='ocrx_word' id='word_1_117' title='bbox 343 1688 386 1760; x_wconf 79' lang='grc' dir='ltr'><strong><em>διν</em></strong></span> <span class='ocrx_word' id='word_1_118' title='bbox 409 1699 545 1781; x_wconf 82' lang='grc' dir='ltr'><strong><em>λεχθείη</em></strong></span> <span class='ocrx_word' id='word_1_119' title='bbox 572 1693 606 1761; x_wconf 87' lang='grc' dir='ltr'><strong><em>τό</em></strong></span> <span class='ocrx_word' id='word_1_120' title='bbox 624 1698 683 1761; x_wconf 83' lang='grc' dir='ltr'><strong><em>τοῦ</em></strong></span> <span class='ocrx_word' id='word_1_121' title='bbox 699 1689 822 1781; x_wconf 76' lang='grc' dir='ltr'><strong><em>Ἰούδα,</em></strong></span> <span class='ocrx_word' id='word_1_122' title='bbox 846 1688 881 1774; x_wconf 84' lang='grc' dir='ltr'><strong><em>ός</em></strong></span> <span class='ocrx_word' id='word_1_123' title='bbox 906 1720 1026 1778; x_wconf 88' lang='grc' dir='ltr'><strong><em>πορευ-</em></strong></span> 
     </span>
     <span class='ocr_line' id='line_1_17' title="bbox 55 1788 1026 1883; baseline 0.003 -22"><span class='ocrx_word' id='word_1_124' title='bbox 55 1793 129 1870; x_wconf 74' lang='grc' dir='ltr'><strong><em>θείς</em></strong></span> <span class='ocrx_word' id='word_1_125' title='bbox 147 1788 229 1880; x_wconf 86' lang='grc' dir='ltr'><strong><em>πρός</em></strong></span> <span class='ocrx_word' id='word_1_126' title='bbox 246 1793 324 1875; x_wconf 85' lang='grc' dir='ltr'><strong><em>τούς</em></strong></span> <span class='ocrx_word' id='word_1_127' title='bbox 344 1790 508 1883; x_wconf 72' lang='grc' dir='ltr'><strong><em>ἀρχιερεῖς</em></strong></span> <span class='ocrx_word' id='word_1_128' title='bbox 526 1794 619 1864; x_wconf 79' lang='grc' dir='ltr'><strong><em>εἶπεν</em></strong></span> <span class='ocrx_word' id='word_1_129' title='bbox 638 1789 750 1874; x_wconf 75' lang='grc' dir='ltr'><strong><em>αὐτοῖς</em></strong></span> <span class='ocrx_word' id='word_1_130' title='bbox 764 1789 821 1862; x_wconf 63' lang='lat' dir='ltr'><strong><em>“a</em></strong></span> <span class='ocrx_word' id='word_1_131' title='bbox 837 1798 956 1863; x_wconf 84' lang='grc' dir='ltr'><strong><em>θέλετέ</em></strong></span> <span class='ocrx_word' id='word_1_132' title='bbox 970 1824 1026 1883; x_wconf 91' lang='grc' dir='ltr'><strong><em>μοι</em></strong></span> 
     </span>
     <span class='ocr_line' id='line_1_18' title="bbox 57 1890 1025 1986; baseline 0.002 -23"><span class='ocrx_word' id='word_1_133' title='bbox 57 1898 193 1979; x_wconf 83' lang='grc' dir='ltr'><strong><em>δοῦναι,</em></strong></span> <span class='ocrx_word' id='word_1_134' title='bbox 212 1890 304 1984; x_wconf 80' lang='grc' dir='ltr'><strong><em>κᾶγω</em></strong></span> <span class='ocrx_word' id='word_1_135' title='bbox 322 1891 404 1986; x_wconf 77' lang='grc' dir='ltr'><strong><em>ὑμῖν</em></strong></span> <span class='ocrx_word' id='word_1_136' title='bbox 422 1895 613 1985; x_wconf 75' lang='grc' dir='ltr'><strong><em>παραδώσω</em></strong></span> <span class='ocrx_word' id='word_1_137' title='bbox 632 1892 751 1981; x_wconf 78' lang='grc' dir='ltr'><strong><em>αότόν;</em></strong></span> <span class='ocrx_word' id='word_1_138' title='bbox 776 1902 809 1966; x_wconf 74' lang='grc' dir='ltr'><strong><em>οἱ</em></strong></span> <span class='ocrx_word' id='word_1_139' title='bbox 826 1898 862 1966; x_wconf 71' lang='grc' dir='ltr'><strong><em>δὲ</em></strong></span> <span class='ocrx_word' id='word_1_140' title='bbox 882 1905 1025 1982; x_wconf 82' lang='grc' dir='ltr'><strong><em>ἔστησαν</em></strong></span> 
     </span>
     <span class='ocr_line' id='line_1_19' title="bbox 57 1992 1027 2127; baseline 0.006 -64"><span class='ocrx_word' id='word_1_141' title='bbox 57 1992 147 2089; x_wconf 76' lang='grc' dir='ltr'><strong><em>αυτῷ</em></strong></span> <span class='ocrx_word' id='word_1_142' title='bbox 165 1997 343 2127; x_wconf 82' lang='grc' dir='ltr'><strong><em>τριάκοντα</em></strong></span> <span class='ocrx_word' id='word_1_143' title='bbox 361 2004 533 2088; x_wconf 77' lang='grc' dir='ltr'><strong><em>στατῆρας.</em></strong></span> <span class='ocrx_word' id='word_1_144' title='bbox 559 1997 646 2070; x_wconf 85' lang='grc' dir='ltr'><strong><em>καὶ’</em></strong></span> <span class='ocrx_word' id='word_1_145' title='bbox 629 1999 694 2069; x_wconf 88' lang='grc' dir='ltr'><strong><em>απὸ</em></strong></span> <span class='ocrx_word' id='word_1_146' title='bbox 707 1998 780 2070; x_wconf 86' lang='grc' dir='ltr'><strong><em>τότε</em></strong></span> <span class='ocrx_word' id='word_1_147' title='bbox 796 1995 947 2086; x_wconf 78' lang='grc' dir='ltr'><strong><em>ἐζήτει’</em></strong></span> <span class='ocrx_word' id='word_1_148' title='bbox 914 2027 1027 2069; x_wconf 85' lang='grc' dir='ltr'><strong><em>ευκαι-</em></strong></span> 
     </span>
     <span class='ocr_line' id='line_1_20' title="bbox 57 2096 1027 2193; baseline 0.008 -28"><span class='ocrx_word' id='word_1_149' title='bbox 57 2107 152 2186; x_wconf 88' lang='grc' dir='ltr'><strong><em>ρίαν,</em></strong></span> <span class='ocrx_word' id='word_1_150' title='bbox 179 2128 235 2167; x_wconf 93' lang='grc' dir='ltr'><strong><em>ινα</em></strong></span> <span class='ocrx_word' id='word_1_151' title='bbox 259 2096 363 2168; x_wconf 87' lang='grc' dir='ltr'><strong><em>αυτόν</em></strong></span> <span class='ocrx_word' id='word_1_152' title='bbox 389 2105 531 2193; x_wconf 69' lang='grc' dir='ltr'><strong><em>παραδῷ</em></strong></span> <span class='ocrx_word' id='word_1_153' title='bbox 555 2098 679 2181; x_wconf 83' lang='grc' dir='ltr'><strong><em>αυτοῖς.</em></strong></span> <span class='ocrx_word' id='word_1_154' title='bbox 732 2108 759 2170; x_wconf 80' lang='grc'><strong><em>7.</em></strong></span> <span class='ocrx_word' id='word_1_155' title='bbox 784 2107 921 2172; x_wconf 78' lang='grc' dir='ltr'><strong><em>τοιαῦτα</em></strong></span> <span class='ocrx_word' id='word_1_156' title='bbox 944 2132 1027 2191; x_wconf 79' lang='grc' dir='ltr'><strong><em>γουν</em></strong></span> 
     </span>
     <span class='ocr_line' id='line_1_21' title="bbox 19 2193 1028 2287; baseline 0.005 -21"><span class='ocrx_word' id='word_1_157' title='bbox 19 2195 131 2268; x_wconf 78' lang='grc' dir='ltr'><strong><em>νοκατ’</em></strong></span> <span class='ocrx_word' id='word_1_158' title='bbox 152 2228 256 2268; x_wconf 92' lang='grc' dir='ltr'><strong><em>αυτου</em></strong></span> <span class='ocrx_word' id='word_1_159' title='bbox 245 2203 498 2287; x_wconf 81' lang='grc' dir='ltr'><strong><em>συνθέμενος,</em></strong></span> <span class='ocrx_word' id='word_1_160' title='bbox 523 2193 607 2279; x_wconf 83' lang='grc' dir='ltr'><strong><em>εἷς</em></strong></span> <span class='ocrx_word' id='word_1_161' title='bbox 589 2230 631 2285; x_wconf 89' lang='grc' dir='ltr'><strong><em>ην</em></strong></span> <span class='ocrx_word' id='word_1_162' title='bbox 649 2205 717 2268; x_wconf 73' lang='grc' dir='ltr'><strong><em>τοῖν</em></strong></span> <span class='ocrx_word' id='word_1_163' title='bbox 741 2230 822 2287; x_wconf 87' lang='grc' dir='ltr'><strong><em>μετα</em></strong></span> <span class='ocrx_word' id='word_1_164' title='bbox 840 2210 944 2270; x_wconf 78' lang='grc' dir='ltr'><strong><em>ταῦτα</em></strong></span> <span class='ocrx_word' id='word_1_165' title='bbox 963 2204 1028 2271; x_wconf 79' lang='grc' dir='ltr'><strong><em>σὺν</em></strong></span> 
     </span>
     <span class='ocr_line' id='line_1_22' title="bbox 56 2298 1026 2392; baseline 0.003 -24.003"><span class='ocrx_word' id='word_1_166' title='bbox 56 2298 149 2392; x_wconf 76' lang='grc' dir='ltr'><strong><em>αὐτῷ</em></strong></span> <span class='ocrx_word' id='word_1_167' title='bbox 168 2299 397 2389; x_wconf 76' lang='grc' dir='ltr'><strong><em>ἀνακειμένων</em></strong></span> <span class='ocrx_word' id='word_1_168' title='bbox 423 2305 458 2369; x_wconf 82' lang='grc' dir='ltr'><strong><em>ἐν</em></strong></span> <span class='ocrx_word' id='word_1_169' title='bbox 476 2305 521 2392; x_wconf 72' lang='grc' dir='ltr'><strong><em>τῷ</em></strong></span> <span class='ocrx_word' id='word_1_170' title='bbox 544 2307 605 2370; x_wconf 83' lang='grc' dir='ltr'><strong><em>τοῦ</em></strong></span> <span class='ocrx_word' id='word_1_171' title='bbox 624 2301 734 2387; x_wconf 80' lang='grc' dir='ltr'><strong><em>πάσχα</em></strong></span> <span class='ocrx_word' id='word_1_172' title='bbox 752 2311 948 2391; x_wconf 81' lang='grc' dir='ltr'><strong><em>συμποσίῳ,</em></strong></span> <span class='ocrx_word' id='word_1_173' title='bbox 972 2301 1026 2371; x_wconf 83' lang='grc' dir='ltr'><strong><em>ὅτε</em></strong></span> 
     </span>
     <span class='ocr_line' id='line_1_23' title="bbox 57 2396 1025 2488; baseline -0.001 -19"><span class='ocrx_word' id='word_1_174' title='bbox 57 2404 112 2470; x_wconf 75' lang='grc' dir='ltr'><strong><em>καί</em></strong></span> <span class='ocrx_word' id='word_1_175' title='bbox 133 2398 264 2484; x_wconf 79' lang='grc' dir='ltr'><strong><em>αὐτός</em></strong></span> <span class='ocrx_word' id='word_1_176' title='bbox 249 2431 265 2471; x_wconf 94' lang='grc' dir='ltr'><strong><em>ο</em></strong></span> <span class='ocrx_word' id='word_1_177' title='bbox 285 2402 394 2488; x_wconf 89' lang='grc' dir='ltr'><strong><em>σωτήρ</em></strong></span> <span class='ocrx_word' id='word_1_178' title='bbox 414 2396 530 2488; x_wconf 78' lang='grc' dir='ltr'><strong><em>ήμῶν</em></strong></span> <span class='ocrx_word' id='word_1_179' title='bbox 532 2399 694 2470; x_wconf 78' lang='grc' dir='ltr'><strong><em>ἀνέκειτο</em></strong></span> <span class='ocrx_word' id='word_1_180' title='bbox 704 2400 785 2486; x_wconf 84' lang='grc' dir='ltr'><strong><em>μετὰ</em></strong></span> <span class='ocrx_word' id='word_1_181' title='bbox 799 2405 866 2469; x_wconf 79' lang='grc' dir='ltr'><strong><em>των</em></strong></span> <span class='ocrx_word' id='word_1_182' title='bbox 882 2399 1025 2488; x_wconf 80' lang='grc' dir='ltr'><strong><em>δώδεκα,</em></strong></span> 
     </span>
     <span class='ocr_line' id='line_1_24' title="bbox 57 2496 1054 2592; baseline 0.003 -21"><span class='ocrx_word' id='word_1_183' title='bbox 57 2502 241 2573; x_wconf 77' lang='grc' dir='ltr'><strong><em>ἐσθιόντων</em></strong></span> <span class='ocrx_word' id='word_1_184' title='bbox 267 2531 302 2573; x_wconf 89' lang='grc' dir='ltr'><strong><em>τε</em></strong></span> <span class='ocrx_word' id='word_1_185' title='bbox 328 2502 440 2572; x_wconf 74' lang='grc' dir='ltr'><strong><em>αὐτῶν</em></strong></span> <span class='ocrx_word' id='word_1_186' title='bbox 466 2498 684 2592; x_wconf 75' lang='grc' dir='ltr'><strong><em>εἶπεν“οἱμήν</em></strong></span> <span class='ocrx_word' id='word_1_187' title='bbox 708 2496 797 2591; x_wconf 79' lang='grc' dir='ltr'><strong><em>ἆμήν</em></strong></span> <span class='ocrx_word' id='word_1_188' title='bbox 820 2505 904 2588; x_wconf 79' lang='grc' dir='ltr'><strong><em>λέγω</em></strong></span> <span class='ocrx_word' id='word_1_189' title='bbox 929 2497 1054 2589; x_wconf 77' lang='grc' dir='ltr'><strong><em>ὑμῖν,ιι</em></strong></span> 
     </span>
     <span class='ocr_line' id='line_1_25' title="bbox 55 2600 1024 2694; baseline 0.001 -23"><span class='ocrx_word' id='word_1_190' title='bbox 55 2602 106 2672; x_wconf 85' lang='grc' dir='ltr'><strong><em>ότι</em></strong></span> <span class='ocrx_word' id='word_1_191' title='bbox 131 2600 178 2683; x_wconf 80' lang='grc' dir='ltr'><strong><em>εἷς</em></strong></span> <span class='ocrx_word' id='word_1_192' title='bbox 204 2600 280 2686; x_wconf 82' lang='grc' dir='ltr'><strong><em>ἐξ</em></strong></span> <span class='ocrx_word' id='word_1_193' title='bbox 260 2633 358 2693; x_wconf 91' lang='grc' dir='ltr'><strong><em>υμων</em></strong></span> <span class='ocrx_word' id='word_1_194' title='bbox 381 2603 574 2691; x_wconf 76' lang='grc' dir='ltr'><strong><em>παραδώσει</em></strong></span> <span class='ocrx_word' id='word_1_195' title='bbox 598 2633 647 2694; x_wconf 89' lang='grc' dir='ltr'><strong><em>με.</em></strong></span> <span class='ocrx_word' id='word_1_196' title='bbox 692 2610 721 2674; x_wconf 84' lang='grc'><strong><em>8.</em></strong></span> <span class='ocrx_word' id='word_1_197' title='bbox 741 2605 795 2672; x_wconf 74' lang='grc' dir='ltr'><strong><em>καί</em></strong></span> <span class='ocrx_word' id='word_1_198' title='bbox 822 2601 1024 2691; x_wconf 84' lang='grc' dir='ltr'><strong><em>λυπούμενοι</em></strong></span> 
     </span>
     <span class='ocr_line' id='line_1_26' title="bbox 18 2702 1026 2802; baseline 0.002 -30"><span class='ocrx_word' id='word_1_199' title='bbox 18 2703 191 2792; x_wconf 78' lang='grc' dir='ltr'><strong><em>ετσφόδρα</em></strong></span> <span class='ocrx_word' id='word_1_200' title='bbox 215 2703 357 2802; x_wconf 85' lang='grc' dir='ltr'><strong><em>ήρξαντο</em></strong></span> <span class='ocrx_word' id='word_1_201' title='bbox 380 2709 532 2796; x_wconf 80' lang='grc' dir='ltr'><strong><em>λέγειν</em></strong></span> <span class='ocrx_word' id='word_1_202' title='bbox 519 2712 654 2790; x_wconf 75' lang='grc' dir='ltr'><strong><em>ἕκαστος</em></strong></span> <span class='ocrx_word' id='word_1_203' title='bbox 685 2702 812 2791; x_wconf 79' lang='grc' dir='ltr'><strong><em>αυτών,</em></strong></span> <span class='ocrx_word' id='word_1_204' title='bbox 836 2703 881 2794; x_wconf 92' lang='grc' dir='ltr'><strong><em>μή</em></strong></span> <span class='ocrx_word' id='word_1_205' title='bbox 904 2734 934 2773; x_wconf 88' lang='grc' dir='ltr'><strong><em>τι</em></strong></span> <span class='ocrx_word' id='word_1_206' title='bbox 961 2702 1026 2793; x_wconf 73' lang='grc' dir='ltr'><strong><em>ἐγώ</em></strong></span> 
     </span>
     <span class='ocr_line' id='line_1_27' title="bbox 57 2800 1025 2895; baseline 0.006 -23.107"><span class='ocrx_word' id='word_1_207' title='bbox 57 2811 123 2889; x_wconf 89' lang='grc' dir='ltr'><strong><em>είμι</em></strong></span> <span class='ocrx_word' id='word_1_208' title='bbox 132 2804 292 2892; x_wconf 80' lang='grc' dir='ltr'><strong><em>,κόριε;’</em></strong></span> <span class='ocrx_word' id='word_1_209' title='bbox 294 2805 426 2876; x_wconf 78' lang='grc' dir='ltr'><strong><em>’ἐν</em></strong></span> <span class='ocrx_word' id='word_1_210' title='bbox 391 2837 441 2888; x_wconf 86' lang='grc' dir='ltr'><strong><em>οις</em></strong></span> <span class='ocrx_word' id='word_1_211' title='bbox 465 2800 507 2895; x_wconf 84' lang='grc' dir='ltr'><strong><em>ήν</em></strong></span> <span class='ocrx_word' id='word_1_212' title='bbox 533 2813 588 2878; x_wconf 81' lang='grc' dir='ltr'><strong><em>καὶ</em></strong></span> <span class='ocrx_word' id='word_1_213' title='bbox 608 2804 800 2892; x_wconf 90' lang='grc' dir='ltr'><strong><em>Ἰουδας,</em></strong></span> <span class='ocrx_word' id='word_1_214' title='bbox 782 2837 817 2889; x_wconf 86' lang='grc' dir='ltr'><strong><em>ος</em></strong></span> <span class='ocrx_word' id='word_1_215' title='bbox 841 2807 878 2876; x_wconf 86' lang='grc' dir='ltr'><strong><em>τὸ</em></strong></span> <span class='ocrx_word' id='word_1_216' title='bbox 902 2814 1025 2895; x_wconf 83' lang='grc' dir='ltr'><strong><em>πλήρες</em></strong></span> 
     </span>
     <span class='ocr_line' id='line_1_28' title="bbox 57 2901 1026 2995; baseline 0.003 -20"><span class='ocrx_word' id='word_1_217' title='bbox 57 2901 178 2984; x_wconf 88' lang='grc' dir='ltr'><strong><em>παντός</em></strong></span> <span class='ocrx_word' id='word_1_218' title='bbox 203 2904 304 2974; x_wconf 85' lang='grc' dir='ltr'><strong><em>δόλου</em></strong></span> <span class='ocrx_word' id='word_1_219' title='bbox 332 2910 444 2976; x_wconf 79' lang='grc' dir='ltr'><strong><em>καλί</em></strong></span> <span class='ocrx_word' id='word_1_220' title='bbox 413 2915 584 2991; x_wconf 88' lang='grc' dir='ltr'><strong><em>είρωνείας</em></strong></span> <span class='ocrx_word' id='word_1_221' title='bbox 608 2908 741 2992; x_wconf 75' lang='grc' dir='ltr'><strong><em>ἀνοίξας</em></strong></span> <span class='ocrx_word' id='word_1_222' title='bbox 764 2908 868 2995; x_wconf 89' lang='grc' dir='ltr'><strong><em>στόμα</em></strong></span> <span class='ocrx_word' id='word_1_223' title='bbox 886 2907 1026 2994; x_wconf 82' lang='grc' dir='ltr'><strong><em>ἀποκρι-</em></strong></span> 
     </span>
     <span class='ocr_line' id='line_1_29' title="bbox 57 3005 1023 3097; baseline 0 -19"><span class='ocrx_word' id='word_1_224' title='bbox 57 3009 131 3086; x_wconf 79' lang='grc' dir='ltr'><strong><em>θεὶς</em></strong></span> <span class='ocrx_word' id='word_1_225' title='bbox 151 3005 326 3091; x_wconf 78' lang='grc' dir='ltr'><strong><em>εἶπεν,’</em></strong></span> <span class='ocrx_word' id='word_1_226' title='bbox 280 3034 325 3094; x_wconf 88' lang='grc' dir='ltr'><strong><em>μη</em></strong></span> <span class='ocrx_word' id='word_1_227' title='bbox 344 3037 375 3076; x_wconf 91' lang='grc' dir='ltr'><strong><em>τι</em></strong></span> <span class='ocrx_word' id='word_1_228' title='bbox 395 3007 460 3095; x_wconf 78' lang='grc' dir='ltr'><strong><em>ἐγω</em></strong></span> <span class='ocrx_word' id='word_1_229' title='bbox 478 3016 544 3097; x_wconf 90' lang='grc' dir='ltr'><strong><em>είμι</em></strong></span> <span class='ocrx_word' id='word_1_230' title='bbox 557 3008 689 3096; x_wconf 68' lang='grc' dir='ltr'><strong><em>Ῥαββίς</em></strong></span> <span class='ocrx_word' id='word_1_231' title='bbox 715 3007 828 3077; x_wconf 88' lang='grc' dir='ltr'><strong><em>δόλιον</em></strong></span> <span class='ocrx_word' id='word_1_232' title='bbox 847 3009 889 3095; x_wconf 81' lang='grc' dir='ltr'><strong><em>δή</em></strong></span> <span class='ocrx_word' id='word_1_233' title='bbox 908 3011 1023 3096; x_wconf 89' lang='grc' dir='ltr'><strong><em>στόμα,</em></strong></span> 
     </span>
     <span class='ocr_line' id='line_1_30' title="bbox 17 3099 1024 3197; baseline -0.003 -18"><span class='ocrx_word' id='word_1_234' title='bbox 17 3120 19 3124; x_wconf 78' lang='grc'><strong>’</strong></span> <span class='ocrx_word' id='word_1_235' title='bbox 59 3108 103 3179; x_wconf 87' lang='grc' dir='ltr'><strong><em>δι’</em></strong></span> <span class='ocrx_word' id='word_1_236' title='bbox 126 3099 165 3179; x_wconf 82' lang='grc' dir='ltr'><strong><em>οὗ</em></strong></span> <span class='ocrx_word' id='word_1_237' title='bbox 183 3106 217 3178; x_wconf 85' lang='grc' dir='ltr'><strong><em>τὸ</em></strong></span> <span class='ocrx_word' id='word_1_238' title='bbox 236 3125 374 3195; x_wconf 81' lang='grc' dir='ltr'><strong><em>σημείου</em></strong></span> <span class='ocrx_word' id='word_1_239' title='bbox 392 3126 460 3190; x_wconf 78' lang='grc' dir='ltr'><strong><em>τοῖς</em></strong></span> <span class='ocrx_word' id='word_1_240' title='bbox 480 3111 669 3195; x_wconf 80' lang='grc' dir='ltr'><strong><em>ἐπιβούλοις</em></strong></span> <span class='ocrx_word' id='word_1_241' title='bbox 686 3113 746 3179; x_wconf 81' lang='grc' dir='ltr'><strong><em>του</em></strong></span> <span class='ocrx_word' id='word_1_242' title='bbox 764 3115 909 3197; x_wconf 75' lang='grc' dir='ltr'><strong><em>σωτῆρος</em></strong></span> <span class='ocrx_word' id='word_1_243' title='bbox 929 3109 1024 3195; x_wconf 78' lang='grc' dir='ltr'><strong><em>ἡμῶν</em></strong></span> 
     </span>
     <span class='ocr_line' id='line_1_31' title="bbox 19 3206 1090 3300; baseline 0.001 -20"><span class='ocrx_word' id='word_1_244' title='bbox 19 3240 45 3279; x_wconf 76' lang='grc' dir='ltr'><strong><em>σο</em></strong></span> <span class='ocrx_word' id='word_1_245' title='bbox 59 3209 196 3300; x_wconf 81' lang='grc' dir='ltr'><strong><em>ἐδήλου,</em></strong></span> <span class='ocrx_word' id='word_1_246' title='bbox 221 3215 328 3300; x_wconf 81' lang='grc' dir='ltr'><strong><em>λέγων</em></strong></span> <span class='ocrx_word' id='word_1_247' title='bbox 340 3206 403 3282; x_wconf 78' lang='grc' dir='ltr'><strong><em>“δν</em></strong></span> <span class='ocrx_word' id='word_1_248' title='bbox 422 3209 480 3280; x_wconf 78' lang='grc' dir='ltr'><strong><em>ἐόν</em></strong></span> <span class='ocrx_word' id='word_1_249' title='bbox 503 3209 651 3300; x_wconf 87' lang='grc' dir='ltr'><strong><em>φιλήσω,</em></strong></span> <span class='ocrx_word' id='word_1_250' title='bbox 670 3209 771 3292; x_wconf 83' lang='grc' dir='ltr'><strong><em>αὐτός</em></strong></span> <span class='ocrx_word' id='word_1_251' title='bbox 789 3215 874 3298; x_wconf 82' lang='grc' dir='ltr'><strong><em>ἐστι,</em></strong></span> <span class='ocrx_word' id='word_1_252' title='bbox 900 3207 1022 3298; x_wconf 88' lang='grc' dir='ltr'><strong><em>κρατή·</em></strong></span> <span class='ocrx_word' id='word_1_253' title='bbox 1037 3239 1090 3294; x_wconf 80' lang='lat'><strong>[296]</strong></span> 
     </span>
    </p>
   </div>
   <div class='ocr_carea' id='block_1_3' title="bbox 127 3444 1022 3509">
    <p class='ocr_par' dir='ltr' id='par_1_3' title="bbox 127 3444 1022 3509">
     <span class='ocr_line' id='line_1_32' title="bbox 127 3444 1022 3509; baseline 0.003 -15"><span class='ocrx_word' id='word_1_254' title='bbox 127 3447 312 3508; x_wconf 40' lang='grc' dir='ltr'><strong><em>πωπω</em></strong></span> <span class='ocrx_word' id='word_1_255' title='bbox 410 3446 669 3509; x_wconf 59' lang='grc' dir='ltr'><strong><em>υωωωω</em></strong></span> <span class='ocrx_word' id='word_1_256' title='bbox 760 3444 1022 3508; x_wconf 61' lang='grc' dir='ltr'><strong><em>ωωωωω</em></strong></span> 
     </span>
    </p>
   </div>
   <div class='ocr_carea' id='block_1_4' title="bbox 0 0 1168 3818">
    <p class='ocr_par' dir='ltr' id='par_1_4' title="bbox 0 0 1168 3818">
     <span class='ocr_line' id='line_1_33' title="bbox 0 0 1168 3818; baseline 0 1"><span class='ocrx_word' id='word_1_257' title='bbox 0 0 1168 3818; x_wconf 95' lang='lat' dir='ltr'><strong><em> </em></strong></span> 
     </span>
    </p>
   </div>
  </div>
 </body>
</html>
