2326 3818
127 105 191 170 568
421 148 424 152 .
531 105 679 157 Ensnssn

129 248 184 317 καλ
205 249 237 328 ἐξ
255 243 356 335 ἀρχῆς
374 247 549 334 γεγονέναι
566 241 847 335 μεμαρτύρηνται,
867 249 923 315 καὶ
941 245 1011 335 ὅγε
1029 277 1095 317 πα-

129 346 221 428 λαιὸς
239 342 350 417 αύτων
373 344 530 435 βασιλεύς
554 344 726 435 ὁμολογῶν
749 345 795 436 μὴ
816 349 941 417 εἰδέναι
958 345 1016 419 τὸν
1034 347 1096 420 κύ-

130 477 204 539 ριον
226 444 536 581 οἶναγέγραμται,“
517 475 572 518 οτε
597 448 638 536 δη
662 443 849 537 ἔφασκεν“
853 444 914 520 ούκ
937 449 1070 520 οίδα
1037 480 1097 522 τον

128 547 262 673 κύριον,
290 553 346 620 καὶ
369 549 427 620 τὸν
447 545 578 638 Ἰσραὴλ
601 544 665 618 ούκ
691 546 949 632 ἐξαποστέλλωΫ
991 549 1028 621 τδ
1053 552 1095 642 δὴ

130 641 192 723 ούν
208 655 292 742 μέγα
309 655 427 740 θαύμα
452 654 510 738 τῆς
529 651 650 720 ἐνθέου
673 657 732 722 τοῦ
750 659 896 741 Χριστοῦ
921 650 1123 743 δυνάμεωςε

130 757 340 845 παραστῆσαι
357 748 594 842 βουλόμενος’
579 780 597 820 ο
616 749 712 839 λόγος
728 760 879 837 θεσπίζει
897 782 956 823 του
944 760 1096 880 κυρίου

63 884 117 934 μοι)
130 855 191 946 τὴν
210 862 256 937 είς
276 865 450 944 Αἴγυπτον
472 849 604 941 ἄφιξιν,
630 842 734 942 ἐφ’
710 881 732 942 η
756 854 944 944 μεταβολὴν
969 855 1009 926 06
1033 857 1096 945 τὴν

129 961 299 1046 τυχούσαν
321 959 389 1025 των
407 960 607 1077 Αίγμπτίων
631 961 770 1024 ἔσεσθαι
793 954 1016 1045 προφητεύει,
1040 963 1096 1028 λέ-

130 1085 201 1145 γων
221 1053 322 1145 εξης
322 1054 392 1126 ’καὶ
416 1052 604 1145 γνώσονται
627 1061 662 1126 oc
677 1053 913 1144 Αἰγύπτιοι
880 1087 939 1128 του
964 1056 1094 1147 κύριον,

131 1163 166 1229 ί
186 1161 267 1250 πρὶν
290 1157 335 1248 μὴ
360 1156 485 1241 εἰδότες
509 1149 630 1246 αὐτὸν,
659 1159 715 1226 καὶ
745 1154 896 1241 εὔξονται
919 1164 965 1253 τῷ
988 1168 1095 1253 κυρίφ
1109 1192 1136 1230 ιο

132 1255 251 1349 εύχας”
263 1314 272 1349 ,
291 1258 400 1331 καὶ
365 1288 405 1330 τα
414 1257 551 1383 τούτοις
569 1256 794 1349 παραπλήσια.
814 1257 883 1331 3.’
863 1264 1099 1351 ανωτέρων
1036 1264 1099 1352 μέν

74 1411 77 1415 -
131 1350 194 1431 ούν
225 1364 262 1430 έν
292 1368 338 1455 τῷ
361 1359 425 1449 πρὸ
448 1358 569 1432 τούτου
601 1368 772 1454 κεφαλαίῳ
805 1370 1009 1454 κληρονομία
1037 1368 1097 1434 τοῦ

130 1464 373 1552 θεσπιζομένου
392 1460 500 1552 Ἐδώμ
525 1463 580 1532 καλ
600 1459 707 1532 Ἠσαῦ
733 1465 880 1552 ἐλέγετο,
906 1471 974 1534 τῶν
997 1463 1098 1535 ἄλλο·

130 1571 234 1655 πρίων
256 1593 316 1635 του
303 1561 459 1657 Ἰσραηλ
483 1559 570 1634 οὕτω
595 1567 864 1654 σημαινομένων·
887 1569 1041 1636 ἐνταῦθα
1060 1569 1097 1637 δὲ

130 1660 341 1754 ηΑίγυπτος
364 1668 420 1735 καὶ
442 1663 460 1735 6
484 1670 541 1755 της
571 1662 747 1753 Αἰγύπτου
776 1665 854 1747 λαός
884 1663 996 1736 ούκέτι
1026 1672 1094 1738 των
1109 1696 1135 1736 ιε

103 1765 296 1855 ιείδοίλωυ,
315 1765 387 1837 ἄλλ’
410 1763 514 1838 αύτοῦ
532 1763 621 1855 παρα
634 1781 704 1848 τοῖς
721 1765 896 1838 Ἰουδαίων
913 1765 1098 1858 προφήταις

132 1871 401 1958 θεολογουμένου
424 1876 544 1958 κυρίου
569 1875 770 1952 θεσπίζεται.
815 1874 845 1937 4.
871 1864 955 1958 ἅπερ
982 1875 1013 1936 εί
1034 1869 1097 1956 μὲν

132 1967 176 2058 μὴ
195 1965 269 2053 ὄψει
295 1966 543 2057 συντελούμενα
566 1979 762 2059 θεωρεῖται,
787 1965 851 2038 ούκ
875 1974 966 2038 ἐστιν
990 1974 1097 2038 εἰπεῖν

132 2069 194 2156 τὴν
217 2071 462 2158 θεσπιζομένην
485 2066 600 2158 ἄφιξιν
631 2075 690 2141 τού
719 2076 839 2159 κυρίου
870 2076 918 2149 είς
948 2061 1009 2157 την
1033 2081 1099 2139 Αί-

132 2197 261 2258 γυπτον
284 2173 472 2260 γεγονέναι·
500 2178 532 2240 εί
555 2171 592 2241 δέ
615 2169 701 2258 ὑπὲρ
726 2169 834 2243 ποίντα
858 2168 958 2258 λόγον
975 2169 995 2261 ἡ
1014 2166 1096 2258 665-
1112 2203 1139 2242 εο

131 2284 211 2342 θεια
234 2289 399 2364 μαρτυρεῖ
420 2289 489 2353 τοῖς
514 2270 700 2363 πράγμασι,
734 2275 882 2354 καὶτοῖς
906 2271 1099 2362 ἀγνωμονε-

133 2373 264 2457 στύτοις
291 2378 437 2466 ἐναργως
463 2379 636 2445 δείκνυσιν
665 2370 786 2456 αύτούς
811 2381 1018 2463 Αἰγυπτίους
1041 2379 1099 2463 τῆς

132 2476 195 2564 μὲν
214 2479 246 2560 ἐξ
269 2480 390 2559 αίοῖνος
414 2473 713 2567 πατροπαραδότου
740 2482 1000 2565 δεισιδαιμονίας
1020 2473 1099 2546 ἄνα-

132 2576 379 2668 κεχωρηκύτας,
409 2580 644 2656 οίκειωθέυτας
677 2577 713 2646 δέ
736 2584 782 2670 τῷ
806 2584 878 2670 θεῷ
904 2581 973 2648 των
996 2582 1100 2648 ταύτα

108 2675 497 2769 ιπροαναφωνησύντων
527 2681 727 2768 προφητῶν,
759 2680 815 2747 καὶ
846 2681 965 2749 τούτου
994 2678 1098 2769 μόνον
1112 2708 1139 2748 ετ

134 2783 312 2867 σέβοντας,
343 2781 400 2849 καλ
425 2776 533 2848 πάντα
557 2777 708 2852 θάνατον
737 2776 985 2869 ἀσπαζομένους
1013 2775 1100 2868 ὑπὲρ

133 2884 191 2968 τῆς
211 2887 258 2961 είς
277 2877 379 2950 αύτδν
399 2876 588 2969 εύσεβείας,
608 2879 679 2970 ὥρα
697 2879 741 2970 μὴ
759 2878 866 2962 ἄλλως
885 2885 989 2951 ταύτα
1006 2909 1100 2970 γεγο-

133 2983 229 3051 νέναι
260 2992 502 3071 συνομολογεῖν
532 2977 553 3070 ἢ
584 2987 643 3052 τοῦ
674 2991 794 3072 κυρίου
826 2980 1028 3071 ἐληλυθότος
1053 2990 1100 3064 είς

134 3094 309 3172 Αἴγυπτον
327 3079 522 3164 ἀκολούθως
549 3087 590 3174 τῇ
615 3087 815 3175 προκειμένη
841 3083 1033 3175 προρρήσει.
1069 3091 1099 3153 5.

135 3193 203 3255 ἐστι
221 3184 283 3274 μέν
301 3175 363 3256 οὖν
382 3187 435 3255 καὶ
462 3182 569 3266 ἄλλως
594 3182 652 3254 τὸν
675 3183 776 3272 λόγον
800 3192 1007 3256 αἰνίττεσθαι
1025 3215 1100 3276 τρο·
1115 3215 1143 3255 εο

131 3332 337 3342 ᾖ..

202 3419 218 3463 3
236 3415 323 3466 Exod.
337 3420 361 3483 5,
375 3421 400 3470 ⁸2.
