2326 3818
127 114 187 179 186
529 114 679 168 EUSEBII

126 258 181 326 καί
212 252 389 345 τετάρακτο
420 252 481 344 τήν
506 254 635 344 ψυχήν,
663 253 713 326 ότι
742 252 837 326 αὐτοὶ
871 250 974 325 αὐτόν
1007 250 1093 327 ἀπο-

126 355 279 439 λιπόντες
297 354 439 450 ςόχοντο,
458 353 479 446 ἢ
496 355 547 427 ὅτι
570 351 587 427 ὁ
612 355 749 428 πάντων
772 353 887 428 αὐτῶν
911 382 1087 447 προκεκρι-

125 463 224 547 μένος
241 456 421 540 ἀπόστολός
433 486 469 529 τε
483 461 537 529 καὶ
556 459 709 548 μαθητής
727 455 833 528 αὐτοῦ
843 461 970 545 Πέτρος
988 457 1091 547 βασά-

126 592 196 632 νων
223 559 314 644 ἐκτός
332 563 387 631 καί
405 556 600 650 άρχοντικῆς
618 557 755 649 ἀπειλῆς
769 566 881 648 τρίτον
893 555 996 630 αὐτόν
1014 563 1091 644 ἐξω·

125 662 257 752 μόσατο.
298 668 400 733 ταῦτα
423 661 488 751 γάρ
509 657 572 732 κάν
596 657 706 732 ἀλλων
730 659 898 750 λεγόντων
921 665 1005 751 χρῆν
1029 658 1118 749 δή·ι

125 778 257 837 πουθεν
274 761 453 854 ἀρνεῖσθαι
471 762 549 843 τοδς
567 759 668 833 οὐδέν
685 760 765 833 ἀλλο
792 758 813 850 ῆ
839 770 1034 853 χαρίζεσθαι
1052 762 1093 834 τὰ

127 864 308 957 σεμνότερα
326 870 372 957 τῷ
392 862 583 958 διδασκάλῳ
601 868 889 954 προτεθειμένοις.
918 869 987 934 101.
1010 871 1042 935 εί
1055 864 1092 935 δὲ

127 965 326 1057 φιλαλήθεις
351 970 387 1036 έν
405 981 473 1048 τοῖς
491 967 568 1055 περὶ
600 963 705 1037 αὐτοά
726 977 943 1056 σκυθρωποῖς
974 963 1093 1055 διηγή-

101 1091 206 1158 εμασι
232 1074 421 1158 φαίνονται,
446 1065 532 1139 πολύ
555 1071 682 1157 μάλλον
707 1071 744 1138 ἐν
779 1082 847 1149 τοῖς
872 1070 1093 1157 ἐνδοξοτέροις

128 1170 196 1241 εἶεν
219 1164 260 1239 ἀν
285 1173 436 1240 τοιοῦτοι.
475 1168 552 1251 τοὺς
574 1166 640 1258 γάρ
663 1165 748 1252 ἅπαξ
772 1167 961 1251 ψεύδεσθαι
992 1196 1093 1258 προε-
1107 1198 1131 1239 ιο

127 1275 286 1361 λομένους
303 1270 344 1341 τά
357 1267 490 1362 λυπηρά
508 1274 592 1360 χρῆν
609 1275 735 1360 μᾶλλον
760 1274 921 1358 ἐκφυγεῖν
944 1267 1017 1358 ήτοι
1037 1268 1092 1340 διὰ

126 1381 265 1463 σιωπῆς,
284 1369 305 1461 ή
321 1370 376 1442 διά
393 1376 451 1461 τῆς
469 1374 545 1462 περὶ
570 1367 683 1442 αὐτῶν
701 1367 891 1460 ἀρνήσεως,
916 1369 960 1461 μή
984 1368 1093 1453 ἀλλοις

125 1480 193 1547 τῶν
216 1473 386 1564 ὀψιγόνων
410 1475 537 1563 ἐλέγξαι
573 1477 773 1564 δυναμένων
807 1471 848 1543 τά
878 1474 1090 1562 σεσιγημένα.

113 1571 198 1648 102.
228 1577 283 1647 διὰ
300 1583 336 1646 τί
350 1574 414 1665 γάρ
432 1574 477 1664 μή
497 1573 698 1663 ἐψεύσαντο,
717 1578 773 1645 καὶ
787 1581 917 1664 ἔφησαν
940 1571 991 1645 ότι
1012 1569 1112 1645 Ἰοά·’

127 1686 187 1760 δας
213 1675 314 1767 μένδ
345 1673 493 1767 προδοδς
518 1672 620 1747 αὐτόν
650 1674 829 1765 φιλήματι,
859 1674 1025 1765 τολμήσας
1054 1667 1131 1747 τόιι

127 1778 297 1869 σύμβολον
321 1781 535 1862 ἐνδείξασθαι
559 1780 617 1866 τῆς
641 1784 841 1867 προδοσίας,
859 1773 1093 1868 ἀπολιθωθείη

126 1877 263 1971 αὐτίκα,
288 1876 306 1950 ὁ
332 1881 369 1950 δὲ
394 1887 533 1973 ῥαπίσαι
553 1875 655 1950 αὐτὸν
672 1876 837 1968 τολμήσας
863 1877 960 1969 ξηρὸς
984 1906 1094 1965 παροι-

126 1987 233 2072 χρῆμα
253 1984 380 2071 γένοιτο
398 1979 460 2070 τήν
484 1979 612 2069 δεξιάν,
641 1978 658 2049 ὁ
681 1978 713 2049 δ’
735 1976 907 2070 ἀρχιερεύς
925 1977 1094 2069 Καϊάφας,

128 2079 171 2165 ὥς
206 2079 248 2152 ἀν
283 2085 474 2172 συντρέχων
508 2099 577 2164 τοῖς
612 2077 686 2153 κατ’
723 2077 826 2153 αὐτοῦ
857 2078 1094 2172 συκοφάνταις,

88 2191 301 2275 Αοπηρωθείη
324 2182 382 2266 τ’ἀς
400 2181 509 2269 όφεις;
547 2189 617 2255 103.
644 2180 699 2254 διά
722 2190 758 2252 τί
780 2184 817 2253 δὲ
840 2179 885 2272 μή
910 2180 1132 2266 ἐψεύσαντοιι

127 2286 264 2374 πάντες,
296 2283 347 2356 ότι
372 2288 479 2376 μηδὲν
505 2285 711 2378 σκυθρωπὸν
735 2279 871 2373 ἀληθεῖς
895 2286 972 2370 περὶ
992 2281 1095 2357 αὐτὸν

126 2391 282 2479 γέγονεν,
314 2384 387 2458 ἀλλ’
413 2384 430 2460 ὁ
455 2388 516 2479 μέν
540 2385 671 2478 ἀφανής
701 2375 745 2475 ῆν
775 2383 1001 2474 καταγελάσας
1032 2383 1095 2458 αό-

126 2499 193 2564 τῶν
215 2495 276 2562 τοῦ
305 2498 538 2581 δικαστηρίου,
573 2495 608 2562 οί
635 2491 672 2559 δέ
702 2484 993 2575 ἐπιβουλεύοντες,
1028 2485 1095 2558 ὑπὸ

126 2601 312 2682 φαντασίας
346 2590 515 2680 θεηλάτου
554 2588 785 2679 πλανώμενοι,
828 2592 978 2678 ἐνεργεῖν
1018 2585 1092 2659 κατ’

127 2690 230 2764 αὐτοῦ
259 2686 303 2783 μῆ
334 2690 499 2781 παρόντος
531 2689 687 2776 έδόκονν;
717 2697 753 2761 τί
777 2685 813 2760 δ’
845 2687 927 2778 ἀρα;
958 2688 1020 2760 οὐκ
1050 2681 1131 2779 ῆνιτ

128 2792 328 2884 σεμνότερον
353 2796 413 2863 τοῦ
438 2790 642 2863 πλάττεσθαι
668 2790 717 2862 ότι
745 2795 813 2862 τῶν
838 2796 978 2863 τοιῶνδε
1000 2818 1094 2880 ποιη-

127 2896 185 2983 τής
204 2901 312 2985 ἔργων
336 2891 535 2984 παραδόξων
557 2896 713 2983 γέγονεν,
736 2891 774 2963 τό
797 2891 941 2982 γράφειν
965 2891 1015 2964 ὅτι
1033 2921 1094 2984 μη·

130 2998 187 3069 δέν
211 2997 274 3086 μέν
297 2995 516 3084 ἀνθρώπινον
538 2996 623 3085 μηδὲ
641 2992 768 3084 θνητόν
793 2997 870 3084 περὶ
894 2991 996 3066 αὐτὸν
1014 3017 1093 3065 σνν·

129 3102 206 3190 έβη,
232 3104 339 3192 ἐνθέςο
365 3099 402 3168 δὲ
427 3096 568 3187 δυνάμει
597 3096 637 3168 τά
669 3094 778 3167 πάντα
804 3095 1094 3185 καταστησάμενος

127 3202 188 3290 τήν
213 3208 260 3284 είς
290 3197 456 3291 οὐρανοάς
481 3197 648 3271 ἐπάνοδον
671 3196 752 3288 μετά
787 3199 960 3287 θειοτέρας
995 3196 1131 3286 δόξηςιο

60 3330 115 3381 (αι)
130 3302 321 3393 ἐποιήσατο;
354 3299 395 3373 οὐ
419 3301 483 3391 γάρ
504 3299 546 3391 δή
569 3298 698 3381 τούτοις
721 3294 873 3370 ἀπιστεῖν
899 3306 1037 3387 ἔμελλον
1060 3302 1096 3369 οί

127 3419 199 3484 ταῖς
217 3399 331 3485 ἀλλαις
351 3400 466 3474 αὐτῶν
481 3401 653 3494 διηγήσεσι
671 3397 936 3482 πεπιστευκότες.
970 3403 1040 3470 104.
1060 3403 1096 3470 οί
