2326 3818
142 124 204 187 208
531 119 696 178 ,Ευεεειι

144 257 325 350 άλοῦσηςὴ
349 259 423 331 κατ’
445 270 619 348 Αίγυπτον
644 263 713 330 τῶν
730 266 951 349 Πτολεμαίων
970 259 1114 348 διαδοχὴ

80 367 276 445 ρεαλέλυτο·
313 366 344 445 ἐξ
370 366 501 432 ἐκείνου
525 364 639 432 τεκαὶ
664 368 710 442 είς
730 365 830 451 δεῦρο
854 359 891 429 τῦ
909 355 969 428 ἀπ’
990 363 1115 443 αἰῶνος

144 467 200 534 καὶ
218 461 275 533 ἀπ’
297 460 399 551 αὐτῆς
417 458 462 544 ῶς
480 469 587 533 εἰπεῖν
600 467 658 550 της
671 459 802 551 πρῶτης
816 459 1032 552 ἀνθρωπείας
1050 481 1116 531 συ-

146 563 227 636 στάν
245 563 419 653 Αἰγύπτου
436 570 607 652 βασίλειον
631 560 811 652 καθῄρητο.
855 568 905 631 32.
926 565 958 644 ἐξ
980 565 1114 632 ἐκείνου

144 695 180 737 τε
198 669 254 736 καὶ
271 666 308 736 τῦ
323 663 496 738 Ἰουδαίων
515 673 615 744 ἔθνος
628 659 797 752 Ῥωμαίων
820 667 942 733 δοῦλον
961 665 1114 752 γέγονεν,
1141 692 1154 733 ι

145 771 201 838 καὶ
218 766 254 837 τό
272 765 398 857 Σόρων
417 761 592 853 ῶσαάτως,
612 763 851 836 Καππαδόκων
869 792 905 834 τε
922 766 978 833 καὶ
998 775 1114 835 Μακε-

146 867 272 955 δόνων,
297 870 352 936 καὶ
376 873 553 953 Βιθυνῶν,
578 869 633 936 καὶ
648 862 832 953 Ἑλλήνων,
856 868 913 935 καὶ
937 863 1115 936 συνελόντι

146 968 251 1058 φάναι
281 975 348 1036 τῶν
379 972 505 1037 λοιπῶν
535 974 603 1037 τῶν
632 965 697 1037 ῦπῦ
728 966 789 1056 τὴν
809 961 976 1057 Ῥωμαίων
1006 963 1116 1056 ἀρχὴν

146 1066 313 1138 ἁπάντων.
363 1072 413 1137 33.
432 1072 529 1138 τοῦτο
560 1070 598 1137 δὲ
627 1065 677 1138 ὅτι
701 1067 746 1156 μὴ
771 1066 867 1138 ἀθεεὶ
893 1070 934 1156 τῇ
958 1070 1035 1156 περὶ
1051 1075 1114 1138 τοῦ

146 1172 292 1259 σωτῆρος
316 1166 412 1258 ἡμῶν
437 1174 637 1260 διδασκαλίᾳ
661 1175 886 1258 συνεισῆλθεν
911 1179 960 1247 τίς
985 1165 1047 1239 οῦκ
1071 1164 1155 1238 ἀνιο

146 1269 376 1359 ὁμολογήσειε,
397 1273 592 1358 διανοηθείς
606 1265 649 1352 ῶς
664 1267 703 1339 οῦ
723 1268 841 1362 ῥηίδιον
859 1260 901 1357 ἦν
914 1285 983 1350 τοῖς
1000 1281 1115 1359 μαθη-

119 1389 217 1453 οταῖς
244 1372 348 1442 αὐτοῦ
374 1379 513 1459 πορείαν
538 1375 592 1441 ἐπὶ
614 1376 672 1458 της
697 1367 887 1458 ἀλλοδαπῆς
905 1376 1114 1460 στείλασθαι,

148 1471 336 1545 διεστώτων
366 1472 448 1560 πρὸς
472 1469 598 1561 άλληλα
620 1476 688 1542 τῶν
715 1477 845 1559 ἐθνῶν,
869 1475 926 1541 καὶ
951 1478 1115 1561 μηδεμιᾶς

146 1573 248 1663 οῦσης
267 1579 304 1645 ἐν
321 1572 433 1654 αὐτοῖς
454 1578 616 1662 ἐπιμιξίας
631 1572 685 1643 διδι
699 1573 756 1654 τάς
774 1571 897 1655 πολλάς
917 1576 1114 1662 ἐθναρχίας·

148 1665 196 1744 ῶν
228 1676 482 1765 περιηρημίνων
513 1670 650 1762 ἀφόβως
678 1672 745 1762 ἤδη
769 1678 825 1743 καὶ
856 1670 908 1743 ἐπ’
935 1673 1049 1756 ἀδείας
1079 1673 1156 1744 τότε

147 1782 366 1865 προκείμενον
384 1772 507 1863 ἤνυον,
532 1774 593 1862 τὴν
617 1782 757 1863 πορείαν
781 1772 895 1856 αὐτοῖς
913 1779 1117 1865 προεξευμα-

147 1884 302 1968 ρίσαντος
320 1879 381 1946 τοῦ
398 1878 452 1945 ἐπὶ
470 1872 606 1945 πάντων
620 1880 723 1961 θεοῦ,
738 1879 797 1951 ,καὶ
810 1873 887 1957 τοῦς
899 1873 1036 1965 θυμοῦςΙ
1047 1880 1118 1946 τῶν

148 1976 229 2046 κατά
247 1976 359 2057 πόλεις
378 1974 635 2065 δεισιδαιμόνων
652 1974 748 2069 φόβφ
766 1981 824 2064 τῆς
848 1984 995 2065 μείζονος
1013 1975 1118 2068 ἀρχῆς

148 2085 431 2156 καταστείλαντος.
481 2081 531 2145 34.
558 2076 688 2165 λόγισαι
718 2076 782 2165 γάρ
814 2076 858 2158 ῶς
889 2085 920 2147 εί
942 2079 1048 2167 μηδὲν
1077 2079 1117 2150 τὸ

148 2184 279 2247 κωλῦον
303 2168 346 2267 ἦν
368 2173 445 2258 τοῦς
470 2179 546 2265 περὶ
570 2178 635 2266 τηνΙ
651 2177 822 2248 πολῦθεον
846 2177 977 2268 πλάνην
996 2181 1116 2269 ἐπτοη-
1132 2210 1158 2251 ιο

148 2282 268 2367 με’νους
292 2286 332 2368 τῇ
355 2283 415 2349 τοῦ
433 2283 579 2370 Χριστοῦ
598 2289 755 2368 πολεμεῖν
774 2285 992 2372 διδασκαλία,
1013 2278 1119 2352 πάλαι

123 2376 190 2450 οῦν
215 2378 320 2470 ἕῶρας
350 2372 433 2451 κατά
458 2379 569 2461 πόλεις
593 2385 648 2451 καί
671 2380 755 2451 κατά
785 2373 908 2471 άγροῦς
933 2384 1120 2470 ἐμφυλίους

94 2508 133 2560 [οη
150 2481 298 2570 στάσεις,
324 2480 489 2573 διωγμοῦς
512 2510 548 2551 τε
572 2485 627 2552 καὶ
652 2486 816 2571 πολέμους
843 2481 883 2551 οῦ
900 2479 978 2564 τοῦς
995 2482 1120 2572 τυχόν-

147 2612 216 2669 τας,
237 2591 268 2652 εί
285 2584 326 2671 δὴ
346 2588 361 2652 ἐ
390 2583 397 2608 ’
422 2586 552 2662 ἑαυτοῖς
566 2582 656 2671 εἶχον
669 2590 704 2653 οί
722 2589 965 2673 δεισιδαίμονες
979 2583 1040 2670 την
1060 2582 1117 2655 ἐπ’

149 2682 261 2752 αὐτῶν
281 2687 443 2764 ἐξουσίαν.
480 2688 530 2752 35.
549 2691 613 2753 νῦν
633 2686 669 2752 δὲ
692 2688 744 2754 καὶ
765 2692 861 2755 τοῦτο
879 2691 964 2754 θεοῦ
980 2691 1041 2755 τοῦ
1061 2689 1158 2757 ἐπλετ

148 2781 285 2852 πάντων
304 2789 402 2872 ἔργον
419 2774 478 2871 ἦν,
497 2782 533 2852 τὸ
551 2793 674 2872 μείζονι
689 2778 789 2878 φόβῳ
807 2790 863 2875 της
877 2783 1035 2855 ἀνωτάτω
1054 2783 1115 2876 ἀρ-

148 2890 207 2971 χῆς
231 2881 308 2963 τοῦς
332 2885 473 2975 ἐχθροὺς
496 2887 555 2955 τοῦ
577 2892 703 2956 οίκείου
725 2885 825 2974 λόγου
844 2891 1114 2958 καταδουλῶσαι·

149 2982 349 3075 προκόπτειν
372 2986 435 3076 γάρ
459 2983 564 3056 αῦτόν
586 2982 746 3077 ὁσημέραι
770 2991 825 3058 καὶ
845 2995 891 3070 είς
909 2987 1036 3069 πάντας
1053 2983 1116 3057 ἀν-

147 3082 307 3178 θρῶπους
330 3083 444 3168 αῦξειν
470 3086 633 3175 βούλεται.
680 3095 730 3159 36.
750 3088 852 3160 πάλιν
874 3117 910 3159 τε
935 3081 978 3159 αῦ
1002 3087 1046 3171 ῶς
1068 3088 1116 3179 μὴ

148 3195 325 3277 νομισθείη
350 3189 431 3257 κατά
455 3187 666 3280 συγχῶρησιν
688 3197 756 3260 τῶν
779 3188 993 3281 κρατούντων
1018 3197 1115 3280 διαρ-
1130 3219 1158 3263 ω

121 3290 277 3377 ικέσειν,
304 3292 417 3360 είποτέ
436 3319 485 3371 τις
507 3290 635 3361 τοῦτων
661 3300 805 3384 πονηρίᾳ
828 3295 971 3382 ληφθεὶς
988 3298 1034 3384 τῶ
1052 3295 1116 3362 τοῦ

149 3395 293 3478 Χριστοῦ
317 3388 404 3484 λόγῳ
428 3401 584 3479 πολεμεῖν
610 3391 795 3484 προύθετο,
821 3397 877 3464 καὶ
895 3397 991 3464 τοῦτο
1009 3391 1116 3484 πράτ-
