2326 3818
147 120 211 191 290
550 122 701 174 Ευεεειι

147 278 251 349 εῖχεν
292 264 342 331 23.
380 269 410 331 εί
437 259 467 330 δ’
496 252 558 331 οῦν
582 290 631 342 τις
654 260 715 350 τήν
738 266 849 331 πᾶσαν
873 261 1038 352 περιοχὴν
1063 270 1128 357 τῆς

146 363 297 441 Μωσέως
322 367 452 450 γραφῆς
477 364 532 432 καὶ
556 367 624 432 τῶν
647 360 718 451 μετ’
746 360 849 434 αὐτόν
873 359 1023 451 ἀκριβοῦς
1052 374 1127 440 διε-

147 460 358 551 ρευνήσειεν,
392 460 485 551 εῦροι
515 460 558 533 ἀν
586 462 777 553 προτροπὴν
807 466 863 533 καὶ
893 470 1126 541 διδασκαλίαν

147 561 319 652 εὐσεβείας
336 570 394 653 τῆς
414 573 461 647 είς
478 564 537 635 τόν
554 569 621 635 των
644 563 732 635 ὅλων
755 564 838 637 θεὸν
862 563 966 635 αὐτὸν
991 568 1037 657 δή
1062 568 1124 643 τόν

146 664 350 754 δημιουργὸν
380 664 538 735 ἀπάντων
567 672 805 755 περιέχουσαν,
835 668 963 753 χνῶσίν
989 697 1028 737 τε
1063 674 1148 743 καλε

144 776 325 854 θεολογίαν
343 765 404 853 τὴν
423 762 581 836 ἀνωτάτω
598 772 657 836 τοῦ
677 770 836 856 δευτέρου
855 775 981 858 αίτίου,
1006 771 1122 863 πάσης

82 876 137 929 [²⁰⁸]
146 870 182 937 δὲ
201 870 372 937 πολυθίου
386 866 515 955 πλάνης
528 863 732 956 ἀποτροπήν,
752 868 822 938 εἶτα
835 872 903 938 των
916 866 1020 940 πάλαι
1035 886 1121 946 θεο-

143 973 252 1058 φιλῶν
276 964 412 1053 ἀνδρῶν
435 974 503 1037 τῶν
530 967 571 1056 δή
595 971 649 1039 καὶ
673 967 917 1059 ἀπαρξαμένων
940 975 999 1059 τῆς
1023 982 1121 1065 είρη-

142 1072 243 1156 μένης
263 1066 436 1156 εὐσεβείας
453 1068 599 1158 μνήμην,
619 1069 816 1159 προρρήσεις
834 1098 870 1141 τε
896 1074 952 1140 καί
970 1070 1120 1163 ἀναφω-

144 1167 256 1256 νήσεις
274 1168 356 1239 κατά
374 1169 433 1241 τὸν
451 1176 591 1242 ἐκείνων
609 1179 685 1259 βίον
708 1170 862 1260 ῦστὲροις
883 1174 961 1241 ποτε
978 1175 1118 1265 χρόνοις
1131 1202 1155 1243 ω

142 1267 333 1359 μελλόντων
350 1271 548 1360 βιάσεσθαι,
568 1269 614 1343 δι’
635 1277 905 1360 ἐπιφανείαςκαὶ
924 1286 1118 1363 παρουσίας

143 1379 189 1452 είς
207 1368 410 1460 ἀνθρώπους
427 1380 531 1460 θεοῦ,
550 1371 654 1444 αὐτοῦ
673 1374 789 1461 δήτοῦ
808 1378 969 1461 δευτέρου
989 1388 1118 1466 κυρίου

142 1477 196 1543 καί
214 1480 298 1545 θεοῦ
322 1475 403 1563 μετὰ
421 1472 478 1544 τόν
496 1471 653 1545 ἀνωτάτω
671 1480 796 1562 πατέρα
820 1477 875 1544 καὶ
900 1471 1009 1546 αὐτοῦ
1033 1509 1116 1571 χρη-

139 1585 327 1663 ματίζοντος
346 1573 550 1647 διδασκάλου
568 1580 625 1664 τῆς
639 1575 741 1664 αὐτῆς
761 1574 950 1665 εὐσεβείας,
969 1581 1028 1649 καὶ
1047 1603 1116 1653 σω·

141 1680 238 1764 τηρος
264 1680 554 1766 ἐπιφανησομένου
577 1684 623 1769 τῷ
646 1683 715 1747 τῶν
739 1675 931 1764 ἀνθρώπων
949 1685 1035 1771 βίφ,
1062 1680 1111 1755 δι”
1126 1702 1149 1745 ιτ

112 1767 183 1847 νοῦ
200 1781 281 1846 πᾶσι
298 1795 366 1859 τοῖς
385 1787 539 1866 ἒθνεσιυ,
556 1777 715 1866 Ἕλλησιν
737 1774 821 1867 ὁμοῦ
838 1782 893 1848 καὶ
912 1779 1113 1874 βαρβάροις,

140 1878 327 1969 προύλεγον
345 1877 404 1949 τόν
421 1887 478 1966 τής
496 1887 691 1967 θεοσεβείας
715 1884 782 1949 των
808 1879 909 1950 πάλαι
933 1892 1115 1970 θεοφιλῶν

135 1975 299 2067 Ἐβραίων
316 1978 440 2065 τρόπον
465 1978 775 2068 παραδοθήσεσθαι.
816 1986 865 2050 24.
894 1986 998 2051 ταῦτα
1021 1996 1113 2056 Μω-

139 2084 211 2168 σής,
230 2084 334 2148 ταῦτα
357 2081 394 2148 δέ
411 2083 467 2149 καὶ
484 2084 552 2150 των
571 2086 696 2151 λοιπωυ
716 2086 898 2170 προφητῶν
915 2088 1057 2173 παῖδες,
1076 2096 1115 2159 οἳ

139 2179 260 2261 πάντες
287 2185 319 2264 ἐξ
345 2180 418 2263 ἑνός
443 2181 602 2271 στόματος
629 2183 889 2271 προεκήρυττον
931 2191 987 2252 καλ
1010 2185 1108 2259 τοῦτ’
1123 2212 1149 2253 ει

138 2273 232 2369 ἦντὸ
251 2287 308 2371 τῆς
327 2291 373 2364 είς
392 2282 595 2371 ἀνθρώπους
618 2286 678 2354 τοῦ
700 2292 799 2353 θείου
824 2282 1013 2373 πνεύματος
1032 2292 1106 2359 ἐπι·

137 2388 242 2474 φοράς
267 2397 390 2473 αίτιου,
423 2385 554 2469 διδάξαι
577 2393 790 2473 θεογυωσίαν
816 2382 1020 2475 ἀνθρώπους
1047 2393 1108 2461 καὶ

137 2484 199 2573 τήν
216 2483 375 2558 ἀνωτάτω
394 2491 470 2572 περὶ
494 2485 616 2574 πατρὸς
641 2490 695 2556 καὶ
715 2494 793 2557 υίοῦ
812 2495 1008 2577 θεολογίαν,
1027 2517 1108 2563 παι·

138 2593 259 2657 δεῦσαί
280 2616 315 2657 τε
339 2586 463 2673 τρόπον
492 2586 640 2675 ἀληθοῦς
674 2587 864 2676 εὐσεβείας,
891 2591 947 2658 καί
977 2620 1107 2680 μνημο-

138 2695 255 2758 νεῦσαι
265 2695 332 2757 τῶν
342 2687 443 2757 πάλαι
457 2688 740 2778 κατωρθωκότων,
755 2693 810 2759 καὶ
823 2694 891 2760 των
904 2689 985 2779 μετά
998 2700 1105 2765 ταῦτα
1118 2715 1149 2773 ²⁶:

136 2794 193 2875 της
211 2794 279 2857 τάν
297 2787 474 2876 προγόνων
498 2784 670 2877 εὐσεβείας
697 2791 967 2879 ἐκπεπτωκότων,
990 2792 1052 2863 τόν
1068 2823 1107 2866 τε

112 2886 218 2959 εκατά
240 2888 370 2960 τούτων
394 2896 531 2980 ἐλεγχον
555 2892 610 2961 διά
638 2897 776 2982 μακρῶν
807 2898 948 2982 ἐκφῦναι
979 2892 1104 2985 λόγων,

135 2999 295 3061 θεσπίσαι
318 3022 353 3063 τε
377 2990 439 3079 τήν
462 3002 651 3080 παρουσίαν
674 2997 735 3064 τοῦ
757 3000 904 3083 σωτῆρος
927 2997 983 3064 καὶ
1009 3002 1105 3068 διδα-

136 3091 260 3163 σκάλου
283 3099 343 3164 τοῦ
367 3091 489 3174 παντὸς
512 3091 706 3184 ἀνθρώπων
729 3122 865 3184 γενους,
889 3099 944 3166 καὶ
968 3096 1031 3185 τὴν
1053 3096 1111 3169 δι’·

136 3195 239 3265 αὐτοῦ
261 3199 319 3284 τής
343 3200 484 3277 παλαιάς
511 3191 674 3284 Ἐβραίων
697 3203 892 3285 θεοσεβείας
920 3203 967 3277 είς
990 3197 1103 3269 πάντα
1116 3221 1147 3271 ³⁰.

135 3295 174 3363 τά
193 3304 277 3384 ἔθνη
295 3296 474 3386 μετάδοσιν
501 3301 715 3388 προκηρῦξαι.

211 3402 261 3466 25.
296 3402 407 3468 Ταῦτα
428 3389 471 3486 ήυ
489 3397 529 3469 τά
550 3403 582 3483 ἐξ
602 3406 722 3483 αίιῦνος
743 3397 878 3488 στήλαις
898 3400 953 3469 καλ
967 3396 1101 3487 βίβλοις
