2326 3818
123 115 184 180 104
530 113 681 166 ευευυω

119 254 202 325 λαόν
226 250 331 324 αῦτοῦ
354 251 394 324 όν
417 254 578 345 προέγνω.
622 247 727 342 ἢοῦκ
753 258 866 324 οίδατε
890 255 927 323 ἐν
941 248 1036 347 Ἠλία
1058 262 1097 325 τί

120 361 209 446 λέγει
241 351 260 444 ἡ
288 355 419 446 γραφὴ,
452 353 496 437 άς
530 353 723 445 ἐντυγχάνει
752 361 799 449 τῷ
823 358 896 449 θεῷ
919 352 1001 425 κατά
1029 361 1090 426 τοτ’

59 486 100 537 (ει)
116 457 257 550 Ἰσραὴλ,
277 455 372 548 κύριε
384 456 462 540 τοῦς
480 455 653 549 προφήτας
664 478 727 528 σου
745 454 955 546 ῦπέκτειναν,
974 454 1014 527 τά
1026 470 1088 531 θυ-

122 558 298 652 σιαστήριά
316 583 378 631 σου
396 562 626 647 κατέσκαψαν,
645 553 736 646 κάγνδ
749 552 964 648 ὑπελείφθην
976 557 1087 649 μόνος,

122 666 177 733 καί
196 665 332 753 ζητοῦσί
346 690 411 753 μου
429 659 490 752 την
507 657 636 749 ψυχὴν,
655 663 714 730 τοῦ
731 667 849 748 λαβεῖν
867 657 981 749 αὐτήν.
1006 657 1117 732 άλλάσ

121 773 157 835 τί
184 767 274 854 λέγει
305 759 396 856 αὐτῷ
426 757 443 832 ὁ
472 759 711 854 χρηματισμός;
751 765 928 833 κατέλιπον
960 765 1091 859 ἐμαυτῷ

123 868 392 955 ἑπτακισχιλίους
404 860 547 954 άνδρας,
566 869 687 946 οἵτινες
705 859 767 935 οῦκ
779 871 932 954 ἔκαμψαν
949 863 1033 952 γόνν
1049 867 1092 956 τῇ

122 966 224 1038 Βάαλ.
262 964 368 1046 οὕτως
393 955 455 1036 οῦν
472 969 528 1036 καὶ
554 969 589 1035 ἐν
607 970 653 1060 τῷ
671 967 736 1037 νῦν
754 970 859 1061 καιρῷ
877 974 998 1056 λεῖμμα
1016 961 1091 1037 κατ’

124 1066 266 1156 ἐκλογὴν
284 1063 414 1157 χάριτος
432 1062 606 1156 γέγονεν.”

200 1174 249 1240 57.
262 1166 332 1240 Ὅτι
347 1164 381 1238 δ’
400 1164 462 1239 οῦκ
476 1176 523 1252 είς
537 1167 640 1240 ἄλλον
652 1166 782 1261 καιρόν,
800 1164 877 1239 ἀλλ’
899 1175 945 1251 είς
957 1167 1016 1240 τόν
1033 1173 1092 1259 τῆς
1106 1200 1134 1241 ιο

124 1273 322 1361 ἐπιφανείας
348 1271 408 1341 τοῦ
431 1276 580 1362 σωτῆρος
603 1269 698 1361 ἡμῶν
712 1269 820 1361 Ἰησοῦ
844 1274 991 1359 Χριστοῦ
1009 1292 1094 1343 συν·

92 1401 106 1442 b
121 1379 224 1446 τείνει
242 1368 263 1464 ἡ
281 1379 484 1464 προφητεία,
510 1375 584 1462 έξῆς
607 1368 625 1443 ὁ
644 1370 741 1463 λόγος
759 1370 840 1463 μετὰ
863 1371 900 1443 τό
918 1371 1025 1463 φάναι
1039 1368 1098 1444 “sl

122 1474 167 1565 μὴ
181 1473 459 1567 κάριοςΣαβαωθ
477 1477 692 1565 ἐγκατέλιπεν
710 1470 790 1566 ἡμῖν
808 1477 949 1566 σπέρμα,
970 1469 1013 1557 ὡς
1026 1472 1094 1546 Σό-

122 1583 208 1668 δομα
233 1573 276 1648 άν
302 1576 511 1667 ἐγενήθημεν
536 1580 591 1647 καί
616 1575 660 1658 ὡς
678 1574 833 1668 Γόμορρα
856 1571 899 1648 ῦν
918 1571 1094 1666 ῦμοιάθη-

121 1675 218 1768 μεν,”
240 1675 299 1747 τόν
316 1676 425 1749 πάντα
442 1682 510 1748 τῶν
523 1673 697 1749 Ἰουδαίων
720 1676 803 1750 λαόν
820 1675 902 1750 λαόν
919 1675 1093 1769 Γομόρρας
1106 1706 1134 1749 ιο

120 1775 301 1870 ὀνομάσας,
320 1776 398 1862 τοῦς
413 1779 450 1850 δὲ
462 1774 668 1870 ἡγουμένους
681 1777 794 1851 αὐτων
806 1775 966 1872 ἄρχοντας
985 1779 1095 1851 Σοδό-

121 1911 205 1972 μων,
225 1882 375 1972 ἐπιφέρει
386 1888 587 1972 παραίτησιν
600 1884 658 1971 τῆς
671 1881 754 1952 κατά
766 1885 897 1955 Μωσέα
908 1889 1094 1972 θρησκείας

122 1985 178 2053 καί
196 1988 256 2072 τῆς
275 1981 332 2053 διά
349 1987 409 2054 τοῦ
428 1989 575 2075 σωτῆρος
593 1984 689 2074 ἡμων
707 1987 810 2055 πᾶσιν
823 1979 1017 2075 άνθράποις
1034 2012 1093 2054 πα-
1126 2064 1128 2069 ,

122 2086 346 2174 τηγγελμένης
371 2083 537 2176 διαθήκης
554 2084 613 2157 τόν
630 2083 774 2178 τρόπον,
799 2087 885 2175 λέγω
905 2085 941 2156 δέ
959 2084 1017 2156 τόν
1036 2084 1095 2157 διὰ

122 2190 266 2277 λουτροῦ
285 2195 558 2278 παλιγγενεσίας,
584 2185 685 2276 λόγον
708 2215 745 2258 τε
762 2185 921 2279 άντικρυς
939 2188 1019 2258 νέον
1036 2191 1135 2259 καίεο

68 2315 108 2368 ιιι]
123 2287 227 2379 νόμον
246 2292 393 2378 εἰσῆκται
418 2293 455 2360 ἐν
472 2292 515 2382 τῇ
537 2291 613 2382 περὶ
637 2288 883 2362 τῶντοιούτων
900 2286 1093 2381 προρρήσει.

121 2395 171 2463 58.
193 2393 282 2481 λέγει
307 2387 341 2463 δ’
366 2381 431 2463 νῦν
449 2387 637 2465 “άκοάσατε
661 2390 763 2481 λόγον
789 2399 910 2479 κυρίου
933 2386 1095 2481 ἄρχοντες

92 2525 102 2554 e
120 2492 303 2585 Σοδόμων,
328 2497 507 2586 προσέχετε
526 2492 631 2585 νόμον
647 2495 733 2565 θεοῦ
756 2492 834 2576 λαός
851 2490 1043 2585 Γομόρρας,
1061 2500 1099 2565 τί

120 2622 175 2684 μοι
194 2599 324 2685 πλῆθος
343 2600 412 2666 τῶν
434 2600 570 2666 θυσιῶν
586 2591 726 2684 ῦμῶν;”
752 2597 807 2666 καὶ
825 2593 865 2665 τά
886 2597 980 2685 ἑξῆς,
1006 2589 1094 2684 άπερ

121 2700 228 2765 οἰκεία
259 2691 340 2766 ὄντα
370 2697 428 2784 τῆς
459 2695 542 2766 κατά
565 2699 695 2767 Μωσέα
729 2704 932 2787 νομοθεσίας
960 2693 1134 2768 άνελῦνω

121 2791 310 2885 ἀντεισάγει
323 2792 475 2885 άφέσεως
488 2793 732 2889 ἁμαρτημάτων
745 2801 860 2889 ἕτερον
877 2794 1015 2887 τρόπον,
1032 2795 1093 2870 τόν

122 2894 177 2965 διά
194 2900 255 2969 τοῦ
271 2906 438 2988 σωτηρίου
456 2901 600 2989 λουτροῦ
617 2902 673 2970 καί
690 2902 753 2970 τοῦ
769 2897 835 2971 σῦν
851 2897 958 2994 τοότφ
971 2928 1092 2992 κηρυτ-

120 3000 263 3090 τομένου
287 3005 366 3088 βίου
389 3001 498 3088 λέγων
517 2995 728 3092 “λον’σασθε,
759 3004 905 3094 καθαροί
934 3006 1091 3093 γενέσθε,

121 3095 261 3191 άφέλετε
277 3099 341 3183 τάς
368 3109 530 3194 πονηρίας
556 3099 622 3174 άπδ
645 3104 713 3175 νῦν
736 3106 855 3194 ψυχῶν
877 3097 1015 3193 ῦμοῖν·”
1033 3104 1092 3175 καλ

120 3201 160 3272 τά
179 3205 260 3293 ἑξῆς.
296 3207 346 3274 59.
365 3200 528 3296 ἄρχοντας
546 3205 583 3276 δέ
596 3204 773 3296 Σοδόμων,
791 3207 846 3276 καί
860 3203 943 3276 λαόν
960 3202 1091 3298 Γομόρ-
1102 3234 1132 3276 ιο

191 3435 382 3502 πωπω
486 3439 677 3502 πωπω
