2326 3818
231 163 239 176 ’·
324 164 745 219 οωαοιιενωνεαονιιι.
766 167 789 215 1.
971 163 1035 228 503

65 310 218 375 τοιοῦτον
243 304 279 374 δέ
297 301 400 373 αὐτὸν
416 300 515 390 ὅντα,
538 308 666 392 μᾶλλον
694 303 732 372 δέ
748 305 908 393 τοιαύτην
927 294 1065 375 ούσανο

65 403 127 494 τήν
144 404 273 494 φυλήν,
299 410 365 493 τίς,
389 406 510 493 φησὶν,
534 400 733 492 ἀναστήσεις
756 406 862 493 μέγαν
887 404 962 475 τινὰ
980 409 1036 475 καὶ

64 504 264 595 θαυμαστὸν
280 503 423 576 σπάνιόν
440 532 477 575 τε
495 506 551 574 καὶ
570 502 810 594 δυσθεώρητον
827 511 964 577 ἔσεσθαι
977 505 1037 577 τὸν

65 604 274 732 μίλλρντα’
256 604 458 695 αναστήσειν
483 612 544 729 τοή
574 603 726 696 θρόνου
721 608 790 676 καὶ
817 605 1036 695 μεταστήσειν
1123 677 1128 689 x

38 712 124 778 ετού
142 705 282 798 ἀρχικου
267 703 536 797 ύξιύματος
499 735 561 796 την
580 712 795 796 δηλωθεῑσαν
816 706 930 795 φυλήν
947 715 1035 778 αίνι-

64 807 211 898 ξάμενος.
256 815 308 880 42.
333 816 383 890 τίς
407 805 494 878 δέ”
473 837 538 898 αρα
561 799 657 890 οὗτος
679 797 724 896 ήν
748 806 865 898 ἕξής
847 812 933 898 ημᾶς
961 812 1035 897 ἐφί-

64 932 178 999 στησι,
195 911 316 981 τούτου
334 910 421 981 εἶναι
440 906 661 980 διδύσκων
627 937 686 979 τον
708 912 870 999 μέλλοντα
888 915 1036 1001 προσδο·

64 1019 142 1082 κίαν
161 1017 298 1083 ἔσεσθαι
310 1015 378 1083 των
394 1005 555 1099 ἐθνῶν,
535 1040 572 1091 ος
585 1008 625 1080 ού
639 1008 802 1100 πρότερον
819 1009 1034 1102 φανήσεσθαι

65 1115 101 1181 ἔν
120 1111 313 1202 ἀνθρώποις
330 1108 351 1200 5
366 1115 533 1183 ἐκλείπειν
550 1113 606 1181 καὶ
623 1109 767 1201 ἄρχοντα
779 1115 834 1181 κοιλ
846 1111 1036 1202 ἡγούμενον

25 1242 51 1280 10
62 1211 394 1302 μετασταθήσεσθαι,
409 1214 465 1283 καὶ
479 1209 776 1301 ύπαναστήσεσθαι
788 1217 847 1302 τῆς
859 1210 962 1304 ἀρχῆς
974 1213 1036 1301 τήν

61 1319 120 1383 τού
142 1309 249 1383 Ἰούδα
267 1311 380 1402 φυλήν
397 1312 652 1405 προφητεύεται.
670 1336 672 1342 ·
687 1318 738 1383 43.
757 1323 807 1395 τίς
827 1311 859 1384 5'
878 1305 975 1395 οὗτος
992 1306 1035 1403 ήν

64 1408 83 1501 5
108 1412 126 1483 5
150 1412 261 1504 σωτήρ
284 1417 339 1490 καὶ
365 1413 481 1503 κύριος
505 1413 603 1503 ήμῶν
615 1412 739 1503 Ἰησοῦς
765 1409 783 1484 5
811 1413 968 1506 Χριστός;
992 1405 1034 1484 ού
1046 1445 1103 1495 (ιιι)

64 1517 117 1585 ἐπὶ
135 1521 193 1602 τῆς
210 1518 384 1605 γενέσεως,
402 1512 598 1599 ἀκολούθως
616 1521 656 1604 τή
674 1519 875 1608 προκειμένῃ
890 1514 1034 1605 προρρή·

63 1638 113 1685 σει
123 1617 306 1704 ,ἐξέλιπον
329 1618 391 1706 μὲν
414 1615 571 1706 ἄρχοντες
589 1620 645 1686 καλ
662 1615 841 1741 ἡγούμενοι
869 1620 901 1700 ἐξ
921 1615 1034 1687 αὐτῶν

23 1743 49 1784 ιι
59 1669 230 1789 Ἰουδαίων
249 1716 351 1788 ἐπὶ
316 1746 354 1789 το
372 1727 473 1800 ἔθνος
491 1716 604 1789 αὐτῶν
618 1716 868 1808 καθιστάμενοι,
886 1747 906 1807 η
896 1717 961 1788 ’δὲ
973 1721 1036 1789 τού

57 1817 170 1941 Ἰούδα
192 1817 283 1909 φυλή
308 1817 399 1914 αύτῷ
424 1828 518 1891 ἔθνει
543 1821 645 1890 παντὶ
662 1826 722 1890 τοῦ
749 1822 836 1903 ἐξα(
800 1825 921 1900 αῶνος
938 1816 1035 1911 ἀρχι-

62 1950 125 1993 κου
109 1925 199 1992 καὶ
218 1891 396 2011 βασιλικού
407 1918 589 2011 ἀξιώματος
606 1933 863 2010 καθαιρεθεῖσα,
882 1938 1018 2002 τοϊςσ
966 1929 1033 1990 εἰσ-

62 2027 110 2091 έτι
128 2025 246 2093 nal*
201 2052 268 2093 νυν
285 2030 466 2111 κρατοῦσιν
485 2027 516 2106 ἐξ
536 2027 668 2094 ἐκείνου
685 2025 790 2093 καὶί
760 2029 790 2094 ε
791 2053 807 2105 ς
832 2026 932 2113 δεύρο
952 2027 1033 2092 δου-

62 2121 153 2192 λεύει
173 2122 359 2212 Ῥωμαίοις,
382 2122 463 2212 μετὰ
488 2127 557 2193 των
581 2127 708 2194 λοιποὶν
726 2126 782 2194 καὶ
806 2122 843 2194 τύ
860 2120 1032 2195 Ἰουδαίων

23 2249 49 2288 νο
64 2230 163 2305 ἔθνος
187 2225 460 2312 χειρωσαμένοις,
490 2222 570 2312 παρ’
593 2214 642 2294 οἷν
663 2221 831 2313 Ἡρύδης,
851 2229 979 2313 πρῶτος
999 2228 1031 2306 ἐξ

61 2322 254 2448 ἀλλοφύλου
272 2325 390 2445 γέγους
408 2321 571 2413 ύπύρχων
586 2329 679 2407 ίδίως
692 2352 752 2394 του
737 2328 890 2405 ἔθνους
904 2323 1030 2412 αύτων,

60 2420 127 2494 ύπό
144 2453 180 2494 τε
198 2421 401 2521 Αὐγούστου
419 2425 530 2494 καὶ
491 2452 549 2512 της
561 2421 732 2513 Ρωμαίων
745 2422 934 2547 συγκλήτου
948 2433 1032 2512 βου-

61 2529 121 2612 λῆς
145 2524 301 2614 βασιλεύς
324 2521 566 2596 ύναδέδεικται.
608 2516 698 2595 44.
679 2554 721 2614 ην
738 2528 823 2614 γούν
848 2520 1058 2612 ὁΗρύδηςι

56 2624 276 2718 Ἀντιπάτρου
294 2655 341 2697 πα
344 2644 384 2751 ις,
403 2656 421 2697 ο
409 2625 476 2698 δέ
492 2623 583 2699 Ἀντί
581 2654 704 2712 πατρος
718 2625 973 2714 Ἀσκαλωνίτης,
994 2633 1031 2696 ἔτι

22 2753 49 2793 τι
60 2757 150 2812 τινος
167 2733 236 2800 τῶν
252 2726 380 2818 περὶ
346 2758 406 2799 τον
422 2726 512 2801 νεύν
527 2757 588 2799 του
576 2726 808 2852 ’Λπόλλωνος
827 2725 1031 2818 ἱεροδούλων
1106 2744 1109 2752 “

61 2827 323 2918 καλουμένων,
313 2829 349 2912 δς
368 2829 410 2918 55
428 2828 639 2920 Κυπρίνην’
624 2828 778 2953 ονύματι,
795 2827 833 2899 τδ
850 2833 945 2917 γε’νος
962 2833 1031 2899 τῶν

62 2933 94 3013 ἐξ
115 2925 287 3018 Ἀραβίας,
318 2947 464 3019 γυναῖκα
494 2928 577 3053 πρὸς
606 2928 714 3019 γύμον
744 2927 948 3019 ἀγαγόμενος
972 2929 1031 3000 τὸν

55 3029 211 3121 Ἡρύδην
234 3046 385 3102 ποιεῖται.
428 3036 481 3102 45.
501 3022 597 3112 οὗτος
613 3030 657 3120 55
675 3020 737 3101 ούν
760 3058 889 3120 πρωτος
908 3036 944 3100 ἔκ
961 3059 1031 3100 τοι-

60 3132 162 3203 ούτου
178 3127 330 3255 γίνους’
315 3129 507 3259 ορμύμενος
525 3129 584 3203 τὸν
603 3135 639 3201 ἐκ
658 3136 816 3223 διαδοχῆς
832 3139 900 3201 τῶν
917 3129 1031 3253 ἀρχιε-

21 3231 195 3325 ωρέων”
171 3256 316 3305 υστατον
339 3232 552 3359 ἡγησάμενον
571 3222 751 3323 Ὑρκανὸν,
778 3228 876 3321 ἔφ’“
857 3261 898 3303 ον
913 3229 954 3301 τὰ
971 3234 1031 3320 τῆς

60 3331 221 3417 οἰκείας
201 3342 305 3426 αρχῆς
321 3365 381 3407 του
366 3332 567 3408 Ἰουδαίων
584 3342 708 3414 ἔθνους
725 3335 913 3422 κατέληξεν,
933 3336 1030 3404 ἐκπο-

55 3432 133 3506 δων
149 3444 350 3527 μεθίστησιν
367 3433 513 3528 ύνελδν,
539 3433 667 3527 τρωτός
685 3463 721 3507 τε
739 3431 849 3525 αὐτὸς,
868 3433 912 3518 ὡς
931 3441 1029 3524 ἔφην,
1045 3477 1056 3505 0
