2326 3818
146 149 210 214 470
557 149 707 202 υοευυυ

146 294 244 361 τοῦτο
270 297 449 381 παρίστησι
476 285 523 359 δι’
552 279 601 359 τόν
630 311 734 379 φησιν
752 285 891 362 ’Ἕνεκεν
914 293 1028 379 Δαβίδ
1054 298 1116 364 τοῦ

149 388 273 462 δούλου
287 413 360 480 σου,
374 389 420 480 μὴ
432 389 643 482 όποστρὲψης
656 391 693 461 τό
708 390 890 480 πρόσωπον
903 395 962 462 τοῦ
969 397 1117 481 Χριστοῦ

146 488 245 562 σου.”
289 487 573 564 καί“πύλιν“ἐκεί
596 495 779 575 ἐξανατελω
803 496 901 584 κε’ρας
922 500 969 587 τῷ
987 497 1115 584 Λαβίδ,

145 591 310 683 ἡτοίμασα
323 592 447 683 λύχνον
459 598 505 686 τῳ
518 597 653 687 Χριστῳ
666 623 743 683 μου,
758 592 835 675 τοῦς
851 593 992 685 ἐχθρούς
1010 591 1116 666 αῦτοῦ

146 693 277 766 ἐνδύσω
295 694 472 784 αἰσχύνην,
492 696 546 764 ἐπὶ
562 695 599 764 δέ
612 691 715 766 αῦτδν
729 693 906 784 ἐξανθήσει
920 693 956 765 τδ
966 692 1141 786 ἆγίασμύε

143 794 243 885 μου.”
287 800 337 865 41.
357 799 424 865 ποῦ
457 799 496 865 δέ
512 818 616 884 φησιν
647 800 717 867 ἐκεί
740 798 923 878 ἐξανατελιῦ
948 798 1046 886 κε’ρας
1069 803 1116 891 τῷ

145 898 261 985 Λαβίδ
278 891 299 984 ἢ
320 899 356 966 ἐν
373 900 414 986 τῇ
431 898 586 986 Βηθλεὲμ
604 901 647 988 τῇ
658 895 827 988 Ἐῳραθύ;
852 900 1014 967 ἐντεῦθεν
1031 903 1117 987 γοῦν

115 1026 130 1065 d
144 997 181 1066 τὸ
199 999 298 1087 κόρας
316 1000 377 1066 τοῦ
393 1001 507 1085 Λαβίδ
523 996 541 1068 5
561 995 701 1089 Χριστός
718 995 755 1069 τδ
772 995 855 1067 κατὰ
873 995 980 1085 σύρκα
993 994 1067 1069 οἷόν
1084 1029 1117 1070 τι

143 1099 229 1186 μέγα
246 1101 317 1187 ῳῦς
337 1101 550 1188 ἐξανέτειλεν,
570 1098 718 1171 ἐνταῦθά
734 1128 770 1170 τε
788 1106 1031 1188 προητοίμαστο
1048 1098 1116 1170 ῦπδ

143 1203 204 1268 τοῦ
221 1205 306 1270 θεοῦ
328 1202 397 1270 τῶν
419 1196 508 1271 όλωυ
531 1199 549 1270 5
574 1207 633 1271 τοῦ
651 1204 799 1292 Χριστοῦ
816 1199 945 1289 λύχνος.
989 1206 1041 1271 42.
1063 1212 1114 1291 εἰη
1129 1231 1153 1271 ιο

145 1295 178 1368 δ’
198 1295 242 1370 ῦν
265 1298 386 1389 λύχνος
411 1299 534 1387 αύτοῦ,
559 1297 613 1370 οἷα
631 1305 752 1393 νοεροῦ
769 1300 896 1389 φωτὸς,
921 1299 958 1371 τὸ
976 1300 1116 1394 ἀνθρύ-

143 1426 240 1473 πειον
250 1405 391 1494 σκῆνος,
399 1398 446 1471 δι’
459 1392 502 1472 οῦ
514 1407 613 1491 δίκην
624 1398 825 1494 όστρακίνου
837 1398 991 1491 σκεύους,
1001 1401 1114 1493 ὥσπερ

145 1499 199 1571 διδ
218 1501 363 1591 λύχνου,
387 1499 445 1583 τοίς
468 1505 529 1573 τοῦ
553 1509 642 1574 ἰδίου
665 1503 775 1591 φωτὸς
792 1500 928 1583 ῦκτϊνας
943 1506 1026 1574 ’πᾶσι
1044 1521 1115 1587 τοίς

145 1605 181 1673 ἐν
198 1601 319 1696 ιἰηνοίῳ
336 1610 423 1675 θεοῦ
442 1607 497 1674 καί
516 1601 623 1698 σκότῳ
641 1611 746 1692 βαθεῖ
762 1607 963 1693 πιεζομένοις
982 1607 1115 1694 ἐξέλαμ-

142 1720 215 1786 ψεν.
251 1709 302 1773 43.
321 1702 406 1773 ῦλλῦ
429 1703 491 1796 γὰρ
519 1708 575 1775 καί
594 1708 631 1774 ἐν
648 1703 777 1786 τούτοις
795 1701 1037 1795 ἀποδεδεῖχθαι
1055 1726 1114 1776 σα·
1128 1733 1153 1775 15

143 1805 215 1892 ῳῦς
238 1800 383 1894 ἡγοῦμαι
406 1804 492 1876 θεόν
506 1803 624 1893 Ἰακῦβ
647 1802 707 1876 ἄπ’
727 1803 830 1898 ἀρχῆς
853 1808 910 1875 καὶ
929 1808 960 1890 ἐξ
978 1803 1115 1894 ἡμεροῦν

142 1904 350 1994 τυγχάνοντα
368 1910 489 1987 αίοῖνος
507 1903 700 1997 ἀνθρώποις
719 1905 946 1996 ἐπιδημήσειν,
965 1908 1020 1975 καί
1037 1933 1114 1993 μεν-

142 2003 356 2094 νηθήσεσθαι
387 2003 449 2076 οῦκ
478 2005 642 2096 ἀλλαχόθι
671 2012 731 2096 γῆς
760 2003 833 2077 ἀλλ’
859 2005 880 2097 ἢ
905 2012 942 2078 ἐν
965 2009 1011 2101 τῷ
1029 2008 1114 2077 κατὰ

142 2107 298 2195 Βηθλεὲμ
311 2105 413 2200 τόπῳ,
434 2107 514 2198 πρὸς
528 2126 596 2190 τοῖς
610 2104 848 2199 Ἱεροσολύμοις
866 2111 965 2180 εἰσέτι
979 2111 1034 2179 καί
1048 2112 1115 2180 νῦν

144 2209 406 2302 ἐπιδεικνυμένῳ
429 2218 558 2303 χωρίῳ,
590 2218 675 2281 ἔνθα
705 2207 780 2281 οὐδ’
807 2207 904 2292 ῦλλος
928 2210 1010 2299 μετὰ
1036 2210 1114 2293 τοῦς
1127 2241 1153 2282 ιο

141 2312 210 2380 τιῦν
226 2315 410 2399 προφητῶν
427 2310 569 2401 χρόνους
587 2311 750 2401 ἐπιφανὴς
769 2315 825 2381 καί
844 2318 890 2392 εἰς
908 2309 1035 2393 πάντας
1052 2308 1114 2381 ιἰν-

75 2438 128 2490 (κη
142 2407 302 2501 θρύπους
326 2414 476 2496 ἐπίδοξος
507 2407 528 2500 ἢ
553 2411 655 2502 μόνος
674 2410 800 2501 Ἰησοῦς
822 2410 840 2481 5
865 2412 1006 2502 Χριστὸς
1031 2409 1114 2502 πρδς

141 2519 209 2583 τῦν
224 2517 412 2604 ἐπιχωρίων
425 2511 583 2584 ἁπάντων
596 2511 792 2595 ἀκολούθως
800 2528 873 2594 ταίς
884 2511 1115 2601 εύαγγελικαῖς

142 2631 273 2700 φωναῖς
297 2610 442 2701 γεγονώς
460 2629 685 2706 μαρτυρεῖται.
727 2619 778 2686 44.
800 2611 1018 2703 ἑρμηνεύεται
1037 2609 1114 2702 δὲὴ

142 2715 297 2802 Βηθλεὲμ
324 2715 414 2794 οἰκος
437 2711 555 2804 ῦρτου,
581 2713 778 2804 φερόνυμος
801 2705 885 2784 οὖσα
908 2717 968 2783 τοῦ
991 2723 1154 2802 προελ-νι

141 2811 264 2894 θόντος
295 2817 328 2897 ἐξ
354 2810 456 2903 αὐτῆς
480 2819 628 2906 σωτῆρος
649 2814 745 2904 ἡμῶν
769 2813 864 2897 όντος
889 2819 972 2886 θεοῦ
998 2813 1113 2904 λόγου,

143 2919 261 3004 ψυχῶν
277 2919 421 3004 λογικῶν
439 2923 631 3006 θρεπτικοῦ.
674 2912 692 2986 5
709 2919 765 2987 καὶ
790 2924 991 3007 παρίστησιν
1013 2915 1114 3008 αῦτδς

142 3017 251 3103 λέγων
265 3011 353 3105 “ἐγω’
371 3025 438 3107 είμι
455 3016 473 3087 5
491 3016 589 3108 ῦρτος
607 3013 624 3087 5
644 3021 680 3087 ἐκ
697 3022 757 3089 τοῦ
770 3016 919 3109 ούρανοῦ
936 3013 1110 3104 καταβός.”

141 3120 193 3186 45.
213 3113 288 3187 ἀλλ’
308 3118 422 3207 ἐπειδὴ
440 3119 497 3189 καί
515 3122 577 3189 τοῦ
588 3121 705 3207 Δαβίδ
722 3123 861 3207 γέγονεν
879 3117 963 3206 αῦτη
980 3120 1112 3207 πατρὶς,

143 3215 277 3300 εἰκότως
295 3220 351 3290 καὶ
369 3215 387 3289 5
405 3218 489 3290 κατῦ
506 3218 614 3311 σύρκα
630 3218 810 3310 γενόμενος
828 3217 900 3302 υίδς
917 3221 1033 3306 Δαβίδ
1050 3217 1114 3306 τὴν
1126 3248 1152 3291 ιο

146 3365 347 3378 -—-...-.....—

210 3447 242 3497 τε
260 3447 304 3499 Jo.
319 3450 344 3516 ο,
357 3451 399 3501 ιι.
