2326 3818
149 148 214 210 410
554 148 705 200 Ευεεεα

150 298 394 377 βλασφημεῖται
415 291 451 357 ἑν
467 304 537 370 τοῖς
555 295 685 357 ἔθνεσι·
721 288 776 357 διόι
799 293 896 357 τοῦτο
914 286 1080 376 γνώσεται
1099 285 1117 360 ό

122 389 228 471 σλαός
251 419 316 479 μου
340 394 377 460 ἐν
400 393 440 480 τῇ
463 391 570 480 ἡμέρᾳ
595 393 706 478 ἐκείνη
730 386 780 459 ὅτι
804 388 869 476 έγύ
894 396 961 478 είμι
979 388 1117 472 αὐτόςὸ

150 495 279 580 λαλοῑν,
303 489 439 580 πάρειμι
463 489 506 571 ὡς
530 489 599 578 ύρα
626 493 680 560 ἐπὶ
706 498 775 560 τῶν
800 487 925 579 ὀρέων,
952 487 995 571 ὡς
1014 490 1119 574 πόδες

83 618 134 669 [188]
151 590 442 681 εὐαγγελιζομένου
464 589 569 681 ιἰκοὴν
587 590 737 681 εἰρήνης,
763 590 807 672 ὡς
826 590 1119 680 εὐαγγελιζόμενος

149 690 278 782 ὐγαθδι,
297 693 349 763 ὅτι·
364 691 531 780 ἀκουστὴν
548 691 677 781 ποιήσω
694 693 757 781 τὴν
774 701 942 780 σωτηρίαν
960 717 1041 780 σου,
1061 697 1144 767 λέηι

148 825 230 884 γων,
250 793 344 866 Σιών
361 794 553 880 βασιλεύσει
570 793 663 864 σονδ
681 793 769 874 θεός.
795 793 892 883 φωνὴ
906 801 973 864 τῶν
986 804 1119 883 φυλασ-

43 969 47 977 ,
148 897 278 967 υόντων
297 917 334 963 σε
350 892 492 982 ὑψώθη,
517 899 572 964 καὶ
590 900 629 984 τῇ
647 900 745 984 φωνῇ
763 893 830 983 ἅμα
857 893 1121 985 εὐφρανθήσον-

148 1027 220 1084 ται,
244 993 296 1064 ὅτι
321 994 491 1084 ὀφθαλμοὶ
517 993 599 1084 πρὸς
617 993 814 1085 ὀφθαλμούς
831 995 987 1084 ὄψονται,
1013 995 1120 1086 ἡνίκα

149 1095 191 1167 όὶν
210 1094 329 1187 ἐλεύση
347 1095 460 1186 κύριος
475 1095 646 1185 τὴνΣιοόν,
673 1096 800 1188 ῥηξύτω
820 1094 1120 1187 εὐφροσύνηνᾶμα

149 1197 188 1268 τοὶ
208 1207 312 1287 έρημα
325 1194 555 1289 Ἰερουσαλὴμ,
579 1196 629 1268 ὅτι
647 1195 767 1288 ἠλέησε
785 1198 898 1286 κύριος
917 1198 1040 1287 αὐτὴν,
1060 1204 1118 1272 καλ
1131 1232 1158 1272 ιο

150 1299 311 1390 ἐρρύσατο
324 1298 554 1389 Ἰερουσαλὴμ,
579 1304 634 1369 καὶ
652 1296 860 1384 ἀποκαλύψει
876 1297 935 1370 τόν
953 1310 1119 1391 βραχίονα

147 1400 206 1471 τόν
230 1397 327 1489 όῖγιον
351 1401 455 1472 αὐτοῦ
479 1399 622 1471 ἐντόπιον
645 1400 781 1472 πάντων
804 1407 872 1471 τῶν
903 1405 1031 1489 έθνοὸν,
1061 1408 1119 1473 καὶ

148 1501 287 1586 ὄψονται
305 1502 414 1573 πάντα
441 1500 480 1572 τό
506 1501 593 1589 όλκρα
615 1507 673 1591 της
697 1506 759 1592 γῆς
782 1501 845 1590 τὴν
868 1511 1037 1594 σωτηρίαν
1054 1503 1118 1592 την

148 1603 238 1694 παρὰ
256 1611 315 1673 τοῦ
332 1608 417 1675 θεού
433 1600 562 1694 ἡμῶν.”

223 1710 253 1773 2.
279 1702 414 1787 Τούτοις
431 1709 503 1795 ἑξῆς
522 1710 743 1792 ἐπισννῆπται
759 1701 823 1794 ὐφ’
842 1709 902 1775 ένα
916 1708 971 1774 καὶ
984 1704 1044 1775 τὸν
1056 1705 1118 1775 αὐ·
1132 1737 1157 1779 ιι

147 1803 206 1875 τόν
230 1804 343 1894 είρμὸν
367 1805 388 1894 ἡ
412 1810 488 1894 περὶ
511 1814 572 1877 τού
589 1805 721 1887 πόθους
744 1811 804 1877 τού
822 1811 968 1893 Χριστοῦ
987 1833 1117 1895 προφη-

147 1917 235 1993 τεία,
253 1903 297 1994 ἣν
315 1910 371 1976 καὶ
391 1910 444 1977 ἐπὶ
461 1912 581 1997 σχολῆς
600 1904 794 1996 ἐκθήσομαι.
835 1905 883 1987 εἷς
902 1909 939 1977 δέ
957 1902 1005 1977 τόν
1023 1911 1080 1977 καὶ
1098 1904 1117 1978 ό

149 2005 247 2088 αὐτὸς
278 2006 393 2092 κύριος
417 2006 435 2076 ὁ
460 2007 569 2095 φήσας
594 2012 631 2080 ἐν
654 2015 693 2098 τῇ
717 2006 782 2099 πρό
806 2009 927 2098 ταύτης
951 2013 1118 2098 περικοπῇ

79 2134 134 2184 (σοι)
149 2106 230 2192 πρός
248 2107 307 2176 τόν
321 2105 495 2179 Ἰουδαίων
513 2110 594 2180 λαὸν
607 2107 701 2189 “rats
715 2109 889 2199 ἁμαρτίαις
901 2105 999 2198 ὑμῶν
1012 2109 1117 2200 έπρολ-

148 2221 248 2297 θητε,
272 2211 329 2278 καὶ
351 2227 424 2292 ταῖς
447 2209 600 2300 ιἰνομίαις
622 2208 719 2299 ὑμῶν
744 2216 954 2293 έξαπέστειλα
971 2210 1034 2300 την
1050 2240 1115 2299 μη·
1128 2243 1155 2283 νο

147 2316 226 2399 τέρα
243 2308 355 2400 ύμιόν,
376 2310 461 2381 διότι
479 2302 598 2401 ἦλθον,
617 2314 672 2381 καὶ
687 2310 749 2381 οὐκ
766 2304 809 2399 ἦν
826 2310 1020 2400 ἅνθρωπος·
1041 2311 1116 2381 έκολ-

148 2422 244 2501 λεσα,
267 2414 325 2481 καὶ
350 2411 412 2483 οὐκ
436 2403 478 2502 ἦν
501 2412 518 2483 ό
542 2409 762 2500 ύπακούων,”
790 2414 846 2482 διὰ
867 2419 936 2484 τῶν
960 2417 996 2482 ἐν
1020 2416 1116 2502 χερσὶ

148 2513 229 2604 πρός
241 2514 319 2594 τούς
330 2513 453 2594 αὐτούς
466 2537 572 2604 φησιν
581 2511 652 2584 “δι’
666 2512 753 2603 ὑμᾶς
763 2514 799 2585 τό
813 2512 918 2604 όνομοῖ
930 2543 995 2603 μου
1009 2521 1115 2599 βλασ-

147 2631 306 2704 φημεῖται
324 2618 361 2685 έν
382 2633 452 2697 τοῖς
471 2613 639 2686 ἔθνεσιυ.”
665 2620 694 2684 3.
718 2615 800 2702 εἷθ’,
827 2615 871 2695 ὡς
896 2623 981 2703 έχων
999 2617 1114 2701 ἕτερον

148 2714 226 2802 παρ’
254 2712 375 2797 αὐτούς
400 2713 498 2804 λαόν,
528 2720 677 2804 ἐπιφέρει
696 2711 775 2787 “dui
798 2721 895 2786 τούτο
913 2711 1077 2802 γνύσεται
1095 2709 1113 2784 ό
1128 2748 1155 2789 25

148 2814 225 2896 λαός
248 2844 313 2905 μου
337 2815 373 2886 τό
390 2812 496 2906 όνομιλ
518 2815 604 2908 μου”
633 2815 784 2888 διδάσκει
800 2847 837 2888 τε
859 2813 909 2887 ότι
927 2813 971 2905 μὴ
990 2818 1114 2905 ἕτερος,

147 2912 219 2985 ἀλλ’
241 2913 373 3000 αὐτόςὸ
393 2921 515 3001 ἐντοῖς
533 2918 718 3009 προφήταις
737 2918 882 3007 λαλήσας
900 2916 1025 3007 κύριος,
1045 2921 1114 2987 έπι·

148 3016 289 3108 δημήσει
307 3021 386 3089 ποτὲ
403 3028 449 3114 τῷ
467 3027 550 3115 βίςο,
570 3024 678 3108 λέγων
691 3017 780 3110 ελέγει’
798 3028 881 3110 εἰμι,
901 3017 1036 3101 αὐτόςὸ
1054 3028 1115 3087 λα-

121 3125 216 3189 ιλώυ
240 3118 408 3211 παρειμι.”
444 3120 480 3191 τό
509 3123 546 3190 δὲ
567 3117 634 3202 “ο5ς
658 3119 727 3211 ὥρα
752 3123 806 3190 ἐπὶ
829 3125 898 3191 τῶν
920 3117 1044 3210 ὀρέων,
1070 3114 1115 3213 σός

147 3219 247 3302 πόδες
266 3218 559 3312 εὐαγγελιζομένου
577 3219 682 3312 ἆιιοῆν
701 3220 850 3310 εἰρήνης,
876 3217 920 3304 ύς
939 3217 1114 3309 εὐαγγελι-
1127 3253 1154 3294 ιο

148 3319 280 3408 ζόμενος
297 3321 426 3412 ἀγαθὰ,
445 3319 613 3413 ἀκουστὴν
631 3321 759 3411 ποιήσω
777 3323 839 3412 τὴν
852 3328 1020 3412 σωτηρίαν
1038 3344 1113 3411 σου,

147 3424 272 3509 λέγων,
297 3423 408 3513 Σιιδυ,
434 3422 626 3512 βασιλεύσει
650 3418 747 3494 σουό
771 3420 888 3512 θεός,”
907 3425 1115 3512 σαφέστερον
