<?xml version="1.0" encoding="UTF-8"?>
<!DOCTYPE html PUBLIC "-//W3C//DTD XHTML 1.0 Transitional//EN"
    "http://www.w3.org/TR/xhtml1/DTD/xhtml1-transitional.dtd">
<html xmlns="http://www.w3.org/1999/xhtml" xml:lang="en" lang="en">
 <head>
  <title>
</title>
<meta http-equiv="Content-Type" content="text/html;charset=utf-8" />
  <meta name='ocr-system' content='tesseract 3.04.00' />
  <meta name='ocr-capabilities' content='ocr_page ocr_carea ocr_par ocr_line ocrx_word'/>
</head>
<body>
  <div class='ocr_page' id='page_1' title='image "./eusebiicaesarie01dindgoog/eusebiicaesarie01dindgoog_0709.png"; bbox 0 0 2326 3818; ppageno 0'>
   <div class='ocr_carea' id='block_1_1' title="bbox 314 129 1062 193">
    <p class='ocr_par' dir='ltr' id='par_1_1' title="bbox 314 129 1062 193">
     <span class='ocr_line' id='line_1_1' title="bbox 314 129 1062 193; baseline 0.003 -9"><span class='ocrx_word' id='word_1_1' title='bbox 314 130 498 184; x_wconf 83' lang='lat' dir='ltr'>DEMONST.</span> <span class='ocrx_word' id='word_1_2' title='bbox 511 130 645 184; x_wconf 83' lang='lat' dir='ltr'>EVANG.</span> <span class='ocrx_word' id='word_1_3' title='bbox 659 131 693 184; x_wconf 87' lang='lat' dir='ltr'><strong><em>X.</em></strong></span> <span class='ocrx_word' id='word_1_4' title='bbox 705 132 832 182; x_wconf 76' lang='grc' dir='ltr'><strong><em>Ρεοοειι.</em></strong></span> <span class='ocrx_word' id='word_1_5' title='bbox 1002 129 1062 193; x_wconf 78' lang='grc'><strong><em>621</em></strong></span> 
     </span>
    </p>
   </div>
   <div class='ocr_carea' id='block_1_2' title="bbox 55 266 1138 3102">
    <p class='ocr_par' dir='ltr' id='par_1_2' title="bbox 55 266 1138 3102">
     <span class='ocr_line' id='line_1_2' title="bbox 91 266 1064 364; baseline -0.002 -21"><span class='ocrx_word' id='word_1_6' title='bbox 91 269 236 364; x_wconf 93' lang='grc' dir='ltr'><strong><em>μεγάλης</em></strong></span> <span class='ocrx_word' id='word_1_7' title='bbox 258 296 295 340; x_wconf 82' lang='grc' dir='ltr'><strong><em>τε</em></strong></span> <span class='ocrx_word' id='word_1_8' title='bbox 319 274 442 361; x_wconf 77' lang='grc' dir='ltr'><strong><em>βουλῆς</em></strong></span> <span class='ocrx_word' id='word_1_9' title='bbox 466 266 623 358; x_wconf 77' lang='grc' dir='ltr'><strong><em>ἄγγελος,</em></strong></span> <span class='ocrx_word' id='word_1_10' title='bbox 654 272 755 358; x_wconf 88' lang='grc' dir='ltr'><strong><em>μέγας</em></strong></span> <span class='ocrx_word' id='word_1_11' title='bbox 781 298 817 340; x_wconf 85' lang='grc' dir='ltr'><strong><em>τε</em></strong></span> <span class='ocrx_word' id='word_1_12' title='bbox 844 274 899 341; x_wconf 84' lang='grc' dir='ltr'><strong><em>καὶ</em></strong></span> <span class='ocrx_word' id='word_1_13' title='bbox 931 270 1064 354; x_wconf 89' lang='grc' dir='ltr'><strong><em>αίῶνιος</em></strong></span> 
     </span>
     <span class='ocr_line' id='line_1_3' title="bbox 93 370 1065 466; baseline -0.001 -22"><span class='ocrx_word' id='word_1_14' title='bbox 93 370 267 466; x_wconf 87' lang='grc' dir='ltr'><strong><em>άρχιερεῦς</em></strong></span> <span class='ocrx_word' id='word_1_15' title='bbox 294 370 380 464; x_wconf 73' lang='grc' dir='ltr'><strong><em>ὑπὲρ</em></strong></span> <span class='ocrx_word' id='word_1_16' title='bbox 402 378 460 460; x_wconf 79' lang='grc' dir='ltr'><strong><em>τῆς</em></strong></span> <span class='ocrx_word' id='word_1_17' title='bbox 483 375 551 440; x_wconf 89' lang='grc' dir='ltr'><strong><em>τῶν</em></strong></span> <span class='ocrx_word' id='word_1_18' title='bbox 568 378 741 459; x_wconf 74' lang='grc' dir='ltr'><strong><em>γεννητῶν</em></strong></span> <span class='ocrx_word' id='word_1_19' title='bbox 764 370 924 444; x_wconf 83' lang='grc' dir='ltr'><strong><em>ἁπάντων</em></strong></span> <span class='ocrx_word' id='word_1_20' title='bbox 941 372 1065 443; x_wconf 85' lang='grc' dir='ltr'><strong><em>οὐσιῶ-</em></strong></span> 
     </span>
     <span class='ocr_line' id='line_1_4' title="bbox 95 472 1092 562; baseline -0.002 -14"><span class='ocrx_word' id='word_1_21' title='bbox 95 473 180 557; x_wconf 85' lang='grc' dir='ltr'><strong><em>σεῶς</em></strong></span> <span class='ocrx_word' id='word_1_22' title='bbox 197 503 234 545; x_wconf 90' lang='grc' dir='ltr'><strong><em>τε</em></strong></span> <span class='ocrx_word' id='word_1_23' title='bbox 251 479 305 546; x_wconf 76' lang='grc' dir='ltr'><strong><em>καί</em></strong></span> <span class='ocrx_word' id='word_1_24' title='bbox 325 481 490 562; x_wconf 80' lang='grc' dir='ltr'><strong><em>σωτηρίας</em></strong></span> <span class='ocrx_word' id='word_1_25' title='bbox 509 474 705 562; x_wconf 84' lang='grc' dir='ltr'><strong><em>ίερωμένος,</em></strong></span> <span class='ocrx_word' id='word_1_26' title='bbox 723 475 778 542; x_wconf 83' lang='grc' dir='ltr'><strong><em>καὶ</em></strong></span> <span class='ocrx_word' id='word_1_27' title='bbox 798 472 989 562; x_wconf 83' lang='grc' dir='ltr'><strong><em>ίλεοῦμενος</em></strong></span> <span class='ocrx_word' id='word_1_28' title='bbox 1007 476 1092 546; x_wconf 72' lang='grc' dir='ltr'><strong><em>τὸνι</em></strong></span> 
     </span>
     <span class='ocr_line' id='line_1_5' title="bbox 93 571 1065 668; baseline -0.003 -20"><span class='ocrx_word' id='word_1_29' title='bbox 93 580 234 668; x_wconf 82' lang='grc' dir='ltr'><strong><em>πατέρα·</em></strong></span> <span class='ocrx_word' id='word_1_30' title='bbox 262 585 308 667; x_wconf 78' lang='grc' dir='ltr'><strong><em>πῆ</em></strong></span> <span class='ocrx_word' id='word_1_31' title='bbox 328 578 365 648; x_wconf 75' lang='grc' dir='ltr'><strong><em>δὲ</em></strong></span> <span class='ocrx_word' id='word_1_32' title='bbox 382 573 400 646; x_wconf 83' lang='grc' dir='ltr'><strong>ὁ</strong></span> <span class='ocrx_word' id='word_1_33' title='bbox 418 571 522 664; x_wconf 82' lang='grc' dir='ltr'><strong><em>άμνός</em></strong></span> <span class='ocrx_word' id='word_1_34' title='bbox 538 579 599 644; x_wconf 91' lang='grc' dir='ltr'><strong><em>τοῦ</em></strong></span> <span class='ocrx_word' id='word_1_35' title='bbox 616 577 703 644; x_wconf 98' lang='grc' dir='ltr'><strong><em>θεοῦ</em></strong></span> <span class='ocrx_word' id='word_1_36' title='bbox 721 572 740 644; x_wconf 86' lang='grc' dir='ltr'>ὁ</span> <span class='ocrx_word' id='word_1_37' title='bbox 758 585 865 664; x_wconf 86' lang='grc' dir='ltr'><strong><em>αίροιν</em></strong></span> <span class='ocrx_word' id='word_1_38' title='bbox 881 573 943 663; x_wconf 80' lang='grc' dir='ltr'><strong><em>τὴν</em></strong></span> <span class='ocrx_word' id='word_1_39' title='bbox 961 571 1065 664; x_wconf 84' lang='grc' dir='ltr'><strong><em>ἆμαρ-</em></strong></span> 
     </span>
     <span class='ocr_line' id='line_1_6' title="bbox 55 673 1065 769; baseline -0.003 -20"><span class='ocrx_word' id='word_1_40' title='bbox 55 709 69 749; x_wconf 86' lang='grc' dir='ltr'><strong><em>ι</em></strong></span> <span class='ocrx_word' id='word_1_41' title='bbox 94 686 171 750; x_wconf 84' lang='grc' dir='ltr'><strong><em>τίαν</em></strong></span> <span class='ocrx_word' id='word_1_42' title='bbox 187 682 247 749; x_wconf 88' lang='grc' dir='ltr'><strong><em>τοῦ</em></strong></span> <span class='ocrx_word' id='word_1_43' title='bbox 263 677 390 769; x_wconf 88' lang='grc' dir='ltr'><strong><em>κόσμου</em></strong></span> <span class='ocrx_word' id='word_1_44' title='bbox 407 678 463 747; x_wconf 79' lang='grc' dir='ltr'><strong><em>καὶ</em></strong></span> <span class='ocrx_word' id='word_1_45' title='bbox 481 673 652 767; x_wconf 79' lang='grc' dir='ltr'><strong><em>πρόβατον</em></strong></span> <span class='ocrx_word' id='word_1_46' title='bbox 666 678 720 746; x_wconf 79' lang='grc' dir='ltr'><strong><em>ἐπὶ</em></strong></span> <span class='ocrx_word' id='word_1_47' title='bbox 733 674 869 766; x_wconf 76' lang='grc' dir='ltr'><strong><em>σφαγὴν</em></strong></span> <span class='ocrx_word' id='word_1_48' title='bbox 882 673 1065 764; x_wconf 83' lang='grc' dir='ltr'><strong><em>άγόμενον·</em></strong></span> 
     </span>
     <span class='ocr_line' id='line_1_7' title="bbox 94 771 1067 874; baseline -0.003 -23"><span class='ocrx_word' id='word_1_49' title='bbox 94 788 192 852; x_wconf 85' lang='grc' dir='ltr'><strong><em>τοῦτο</em></strong></span> <span class='ocrx_word' id='word_1_50' title='bbox 219 782 256 850; x_wconf 73' lang='grc' dir='ltr'><strong><em>δὲ</em></strong></span> <span class='ocrx_word' id='word_1_51' title='bbox 279 771 323 870; x_wconf 79' lang='grc' dir='ltr'><strong><em>ἦν</em></strong></span> <span class='ocrx_word' id='word_1_52' title='bbox 340 772 377 850; x_wconf 85' lang='grc' dir='ltr'><strong><em>τῦ</em></strong></span> <span class='ocrx_word' id='word_1_53' title='bbox 400 777 617 868; x_wconf 84' lang='grc' dir='ltr'><strong><em>άνθρῶπειον</em></strong></span> <span class='ocrx_word' id='word_1_54' title='bbox 642 785 781 867; x_wconf 78' lang='grc' dir='ltr'><strong><em>σκῆνος,</em></strong></span> <span class='ocrx_word' id='word_1_55' title='bbox 804 773 1067 874; x_wconf 73' lang='grc' dir='ltr'><strong><em>ῶθίκηηάμυοῦ</em></strong></span> 
     </span>
     <span class='ocr_line' id='line_1_8' title="bbox 94 875 1066 972; baseline -0.003 -20"><span class='ocrx_word' id='word_1_56' title='bbox 94 884 150 952; x_wconf 84' lang='grc' dir='ltr'><strong><em>καὶ</em></strong></span> <span class='ocrx_word' id='word_1_57' title='bbox 168 879 338 972; x_wconf 74' lang='grc' dir='ltr'><em>προβάτου</em></span> <span class='ocrx_word' id='word_1_58' title='bbox 358 885 394 952; x_wconf 86' lang='grc' dir='ltr'><strong><em>έκ</em></strong></span> <span class='ocrx_word' id='word_1_59' title='bbox 411 885 469 970; x_wconf 78' lang='grc' dir='ltr'><strong><em>τῆς</em></strong></span> <span class='ocrx_word' id='word_1_60' title='bbox 485 878 647 971; x_wconf 79' lang='grc' dir='ltr'><strong><em>ἡμετέρας</em></strong></span> <span class='ocrx_word' id='word_1_61' title='bbox 666 877 785 970; x_wconf 90' lang='grc' dir='ltr'><strong><em>άγέλης</em></strong></span> <span class='ocrx_word' id='word_1_62' title='bbox 808 875 862 950; x_wconf 81' lang='grc' dir='ltr'><strong><em>οἷά</em></strong></span> <span class='ocrx_word' id='word_1_63' title='bbox 885 910 933 963; x_wconf 83' lang='grc' dir='ltr'><strong><em>τις</em></strong></span> <span class='ocrx_word' id='word_1_64' title='bbox 958 876 1066 968; x_wconf 86' lang='grc' dir='ltr'><strong><em>άρχιε-</em></strong></span> 
     </span>
     <span class='ocr_line' id='line_1_9' title="bbox 95 978 1068 1073; baseline -0.005 -18"><span class='ocrx_word' id='word_1_65' title='bbox 95 982 173 1072; x_wconf 88' lang='grc' dir='ltr'><strong><em>ρεῦς</em></strong></span> <span class='ocrx_word' id='word_1_66' title='bbox 190 980 373 1073; x_wconf 82' lang='grc' dir='ltr'><strong><em>άναλαβῶν</em></strong></span> <span class='ocrx_word' id='word_1_67' title='bbox 389 986 445 1054; x_wconf 81' lang='grc' dir='ltr'><strong><em>καὶ</em></strong></span> <span class='ocrx_word' id='word_1_68' title='bbox 461 980 525 1072; x_wconf 80' lang='grc' dir='ltr'><strong><em>τὴν</em></strong></span> <span class='ocrx_word' id='word_1_69' title='bbox 541 978 697 1073; x_wconf 81' lang='grc' dir='ltr'><strong><em>άπαρχην</em></strong></span> <span class='ocrx_word' id='word_1_70' title='bbox 713 990 773 1053; x_wconf 87' lang='grc' dir='ltr'><strong><em>τοῦ</em></strong></span> <span class='ocrx_word' id='word_1_71' title='bbox 789 986 857 1053; x_wconf 88' lang='grc' dir='ltr'><strong><em>τῶν</em></strong></span> <span class='ocrx_word' id='word_1_72' title='bbox 875 979 1068 1071; x_wconf 86' lang='grc' dir='ltr'><strong><em>άνθρῶπων</em></strong></span> 
     </span>
     <span class='ocr_line' id='line_1_10' title="bbox 95 1081 1138 1176; baseline -0.004 -20"><span class='ocrx_word' id='word_1_73' title='bbox 95 1089 214 1174; x_wconf 89' lang='grc' dir='ltr'><strong><em>γένους</em></strong></span> <span class='ocrx_word' id='word_1_74' title='bbox 233 1085 534 1176; x_wconf 75' lang='grc' dir='ltr'><strong><em>καλλιερησάμενος</em></strong></span> <span class='ocrx_word' id='word_1_75' title='bbox 551 1082 779 1173; x_wconf 74' lang='grc' dir='ltr'><strong><em>προσηγάγετο</em></strong></span> <span class='ocrx_word' id='word_1_76' title='bbox 803 1089 849 1176; x_wconf 81' lang='grc' dir='ltr'><strong><em>τῶ</em></strong></span> <span class='ocrx_word' id='word_1_77' title='bbox 876 1087 993 1173; x_wconf 83' lang='grc' dir='ltr'><strong><em>πατρὶ,</em></strong></span> <span class='ocrx_word' id='word_1_78' title='bbox 1020 1081 1063 1152; x_wconf 81' lang='grc' dir='ltr'><strong><em>δι’</em></strong></span> <span class='ocrx_word' id='word_1_79' title='bbox 1136 1129 1138 1131; x_wconf 96' lang='grc'>-</span> 
     </span>
     <span class='ocr_line' id='line_1_11' title="bbox 58 1177 1069 1276; baseline -0.002 -20"><span class='ocrx_word' id='word_1_80' title='bbox 58 1177 140 1258; x_wconf 81' lang='grc' dir='ltr'><strong><em>ιοοῦ</em></strong></span> <span class='ocrx_word' id='word_1_81' title='bbox 162 1187 218 1255; x_wconf 79' lang='grc' dir='ltr'><strong><em>καὶ</em></strong></span> <span class='ocrx_word' id='word_1_82' title='bbox 240 1192 281 1276; x_wconf 79' lang='grc' dir='ltr'><strong><em>τῇ</em></strong></span> <span class='ocrx_word' id='word_1_83' title='bbox 304 1194 374 1257; x_wconf 91' lang='grc' dir='ltr'><strong><em>τῶν</em></strong></span> <span class='ocrx_word' id='word_1_84' title='bbox 395 1182 590 1273; x_wconf 86' lang='grc' dir='ltr'><strong><em>άνθρῶπων</em></strong></span> <span class='ocrx_word' id='word_1_85' title='bbox 614 1182 763 1273; x_wconf 90' lang='grc' dir='ltr'><strong><em>ῶμίλησε</em></strong></span> <span class='ocrx_word' id='word_1_86' title='bbox 780 1184 903 1275; x_wconf 85' lang='grc' dir='ltr'><strong><em>φάσει,</em></strong></span> <span class='ocrx_word' id='word_1_87' title='bbox 930 1183 991 1257; x_wconf 87' lang='grc' dir='ltr'><strong><em>οῦκ</em></strong></span> <span class='ocrx_word' id='word_1_88' title='bbox 1008 1182 1069 1255; x_wconf 86' lang='grc' dir='ltr'><strong><em>άλ-</em></strong></span> 
     </span>
     <span class='ocr_line' id='line_1_12' title="bbox 96 1282 1070 1379; baseline 0.001 -24"><span class='ocrx_word' id='word_1_89' title='bbox 96 1296 161 1366; x_wconf 84' lang='grc' dir='ltr'><strong><em>λως</em></strong></span> <span class='ocrx_word' id='word_1_90' title='bbox 180 1291 352 1379; x_wconf 80' lang='grc' dir='ltr'><strong><em>δυναμένη</em></strong></span> <span class='ocrx_word' id='word_1_91' title='bbox 364 1285 465 1374; x_wconf 87' lang='grc' dir='ltr'><strong><em>λόγου</em></strong></span> <span class='ocrx_word' id='word_1_92' title='bbox 472 1291 558 1358; x_wconf 87' lang='grc' dir='ltr'><strong><em>θεοῦ</em></strong></span> <span class='ocrx_word' id='word_1_93' title='bbox 567 1287 623 1355; x_wconf 82' lang='grc' dir='ltr'><strong><em>καὶ</em></strong></span> <span class='ocrx_word' id='word_1_94' title='bbox 634 1284 807 1375; x_wconf 79' lang='grc' dir='ltr'><strong><em>δυνάμεως</em></strong></span> <span class='ocrx_word' id='word_1_95' title='bbox 817 1282 995 1375; x_wconf 86' lang='grc' dir='ltr'><strong><em>άσῶμάτου</em></strong></span> <span class='ocrx_word' id='word_1_96' title='bbox 1014 1289 1070 1356; x_wconf 78' lang='grc' dir='ltr'><strong><em>καὶ</em></strong></span> 
     </span>
     <span class='ocr_line' id='line_1_13' title="bbox 96 1383 1093 1482; baseline -0.007 -23"><span class='ocrx_word' id='word_1_97' title='bbox 96 1391 214 1478; x_wconf 81' lang='grc' dir='ltr'><strong><em>νοερᾶς</em></strong></span> <span class='ocrx_word' id='word_1_98' title='bbox 232 1388 363 1482; x_wconf 81' lang='grc' dir='ltr'><strong><em>έπηκάφ</em></strong></span> <span class='ocrx_word' id='word_1_99' title='bbox 381 1389 559 1476; x_wconf 86' lang='grc' dir='ltr'><strong><em>γενέσθαι,</em></strong></span> <span class='ocrx_word' id='word_1_100' title='bbox 577 1383 664 1456; x_wconf 81' lang='grc' dir='ltr'><strong><em>οῦδέ</em></strong></span> <span class='ocrx_word' id='word_1_101' title='bbox 677 1416 709 1456; x_wconf 89' lang='grc' dir='ltr'><strong><em>τι</em></strong></span> <span class='ocrx_word' id='word_1_102' title='bbox 726 1395 839 1475; x_wconf 76' lang='grc' dir='ltr'><strong><em>μεῖζον</em></strong></span> <span class='ocrx_word' id='word_1_103' title='bbox 857 1395 994 1477; x_wconf 79' lang='grc' dir='ltr'><strong><em>σαρκῶν</em></strong></span> <span class='ocrx_word' id='word_1_104' title='bbox 1012 1389 1068 1456; x_wconf 84' lang='grc' dir='ltr'><strong><em>καὶ</em></strong></span> <span class='ocrx_word' id='word_1_105' title='bbox 1083 1423 1093 1451; x_wconf 78' lang='lat' dir='ltr'>c</span> 
     </span>
     <span class='ocr_line' id='line_1_14' title="bbox 97 1485 1070 1578; baseline -0.001 -20"><span class='ocrx_word' id='word_1_106' title='bbox 97 1487 261 1578; x_wconf 84' lang='grc' dir='ltr'><strong><em>σωμάτων</em></strong></span> <span class='ocrx_word' id='word_1_107' title='bbox 285 1491 332 1560; x_wconf 78' lang='grc' dir='ltr'><strong><em>δι’</em></strong></span> <span class='ocrx_word' id='word_1_108' title='bbox 359 1485 550 1576; x_wconf 77' lang='grc' dir='ltr'><strong><em>ὀφθαλμῶν</em></strong></span> <span class='ocrx_word' id='word_1_109' title='bbox 571 1485 694 1577; x_wconf 79' lang='grc' dir='ltr'><strong><em>σαρκὸς</em></strong></span> <span class='ocrx_word' id='word_1_110' title='bbox 719 1491 902 1577; x_wconf 78' lang='grc' dir='ltr'><strong><em>ἐπινοῆσαι.</em></strong></span> <span class='ocrx_word' id='word_1_111' title='bbox 948 1495 978 1558; x_wconf 90' lang='grc'><strong><em>4.</em></strong></span> <span class='ocrx_word' id='word_1_112' title='bbox 1008 1486 1070 1558; x_wconf 82' lang='grc' dir='ltr'><strong><em>ὅσα</em></strong></span> 
     </span>
     <span class='ocr_line' id='line_1_15' title="bbox 97 1587 1069 1680; baseline 0 -22"><span class='ocrx_word' id='word_1_113' title='bbox 97 1598 214 1659; x_wconf 84' lang='grc' dir='ltr'><strong><em>τοίνυν</em></strong></span> <span class='ocrx_word' id='word_1_114' title='bbox 238 1591 292 1660; x_wconf 74' lang='grc' dir='ltr'><strong><em>ἐπὶ</em></strong></span> <span class='ocrx_word' id='word_1_115' title='bbox 316 1592 353 1660; x_wconf 85' lang='grc' dir='ltr'><strong><em>τὸ</em></strong></span> <span class='ocrx_word' id='word_1_116' title='bbox 376 1587 612 1676; x_wconf 82' lang='grc' dir='ltr'><strong><em>ταπεινότερον</em></strong></span> <span class='ocrx_word' id='word_1_117' title='bbox 636 1588 764 1671; x_wconf 75' lang='grc' dir='ltr'><strong><em>δόξειεν</em></strong></span> <span class='ocrx_word' id='word_1_118' title='bbox 787 1594 824 1659; x_wconf 80' lang='grc' dir='ltr'><strong><em>ἐν</em></strong></span> <span class='ocrx_word' id='word_1_119' title='bbox 845 1606 915 1672; x_wconf 74' lang='grc' dir='ltr'><strong><em>τοῖς</em></strong></span> <span class='ocrx_word' id='word_1_120' title='bbox 939 1618 1069 1680; x_wconf 88' lang='grc' dir='ltr'><strong><em>προκει-</em></strong></span> 
     </span>
     <span class='ocr_line' id='line_1_16' title="bbox 59 1686 1071 1781; baseline -0.004 -16"><span class='ocrx_word' id='word_1_121' title='bbox 59 1724 84 1765; x_wconf 83' lang='lat'><strong><em>15</em></strong></span> <span class='ocrx_word' id='word_1_122' title='bbox 96 1691 208 1778; x_wconf 85' lang='grc' dir='ltr'><strong><em>μένοις</em></strong></span> <span class='ocrx_word' id='word_1_123' title='bbox 226 1695 304 1781; x_wconf 85' lang='grc' dir='ltr'><strong><em>περὶ</em></strong></span> <span class='ocrx_word' id='word_1_124' title='bbox 329 1688 434 1762; x_wconf 82' lang='grc' dir='ltr'><strong><em>αὐτοῦ</em></strong></span> <span class='ocrx_word' id='word_1_125' title='bbox 456 1693 633 1778; x_wconf 83' lang='grc' dir='ltr'><strong><em>λέγεσθαι,</em></strong></span> <span class='ocrx_word' id='word_1_126' title='bbox 659 1695 764 1759; x_wconf 89' lang='grc' dir='ltr'><strong><em>ταῦτα</em></strong></span> <span class='ocrx_word' id='word_1_127' title='bbox 787 1688 847 1761; x_wconf 80' lang='grc' dir='ltr'><strong><em>τῶν</em></strong></span> <span class='ocrx_word' id='word_1_128' title='bbox 863 1689 971 1780; x_wconf 86' lang='grc' dir='ltr'><strong><em>ιἰμνὸν</em></strong></span> <span class='ocrx_word' id='word_1_129' title='bbox 987 1686 1071 1781; x_wconf 83' lang='grc' dir='ltr'><strong><em>ὁρᾶν</em></strong></span> 
     </span>
     <span class='ocr_line' id='line_1_17' title="bbox 96 1786 1071 1884; baseline 0.001 -23"><span class='ocrx_word' id='word_1_130' title='bbox 96 1796 156 1862; x_wconf 91' lang='grc' dir='ltr'><strong><em>τοῦ</em></strong></span> <span class='ocrx_word' id='word_1_131' title='bbox 174 1795 259 1863; x_wconf 89' lang='grc' dir='ltr'><strong><em>θεοῦ</em></strong></span> <span class='ocrx_word' id='word_1_132' title='bbox 276 1794 334 1865; x_wconf 82' lang='grc' dir='ltr'><strong><em>τὸν</em></strong></span> <span class='ocrx_word' id='word_1_133' title='bbox 352 1803 490 1884; x_wconf 84' lang='grc' dir='ltr'><strong><em>αίροντα</em></strong></span> <span class='ocrx_word' id='word_1_134' title='bbox 507 1788 569 1880; x_wconf 77' lang='grc' dir='ltr'><strong><em>τὴν</em></strong></span> <span class='ocrx_word' id='word_1_135' title='bbox 592 1786 758 1882; x_wconf 82' lang='grc' dir='ltr'><strong><em>ἁμαρτίαν</em></strong></span> <span class='ocrx_word' id='word_1_136' title='bbox 783 1795 846 1861; x_wconf 90' lang='grc' dir='ltr'><strong><em>τοῦ</em></strong></span> <span class='ocrx_word' id='word_1_137' title='bbox 871 1792 996 1883; x_wconf 89' lang='grc' dir='ltr'><strong><em>κόσμου</em></strong></span> <span class='ocrx_word' id='word_1_138' title='bbox 1016 1796 1071 1862; x_wconf 84' lang='grc' dir='ltr'><strong><em>καὶ</em></strong></span> 
     </span>
     <span class='ocr_line' id='line_1_18' title="bbox 97 1891 1072 1984; baseline 0 -20"><span class='ocrx_word' id='word_1_139' title='bbox 97 1893 135 1964; x_wconf 84' lang='grc' dir='ltr'><strong><em>τὸ</em></strong></span> <span class='ocrx_word' id='word_1_140' title='bbox 160 1899 282 1984; x_wconf 82' lang='grc' dir='ltr'><strong><em>σκῆνος</em></strong></span> <span class='ocrx_word' id='word_1_141' title='bbox 305 1894 342 1966; x_wconf 79' lang='grc' dir='ltr'><strong><em>τά</em></strong></span> <span class='ocrx_word' id='word_1_142' title='bbox 366 1893 583 1984; x_wconf 86' lang='grc' dir='ltr'><strong><em>άνθρῶπειον</em></strong></span> <span class='ocrx_word' id='word_1_143' title='bbox 612 1891 796 1982; x_wconf 77' lang='grc' dir='ltr'><strong><em>ὑποβάλλει</em></strong></span> <span class='ocrx_word' id='word_1_144' title='bbox 819 1910 920 1965; x_wconf 85' lang='grc' dir='ltr'><strong><em>νοείν.</em></strong></span> <span class='ocrx_word' id='word_1_145' title='bbox 969 1893 1072 1983; x_wconf 82' lang='grc' dir='ltr'><strong><em>ἀμνὸς</em></strong></span> 
     </span>
     <span class='ocr_line' id='line_1_19' title="bbox 98 1989 1072 2088; baseline -0.001 -22"><span class='ocrx_word' id='word_1_146' title='bbox 98 1996 162 2085; x_wconf 73' lang='grc' dir='ltr'><strong><em>μὲν</em></strong></span> <span class='ocrx_word' id='word_1_147' title='bbox 184 1994 248 2088; x_wconf 84' lang='grc' dir='ltr'><strong><em>γάρ</em></strong></span> <span class='ocrx_word' id='word_1_148' title='bbox 270 1989 314 2086; x_wconf 81' lang='grc' dir='ltr'><strong><em>ἦν</em></strong></span> <span class='ocrx_word' id='word_1_149' title='bbox 338 2008 446 2087; x_wconf 79' lang='grc' dir='ltr'><strong><em>αίροτν</em></strong></span> <span class='ocrx_word' id='word_1_150' title='bbox 468 1995 531 2085; x_wconf 83' lang='grc' dir='ltr'><strong><em>τὴν</em></strong></span> <span class='ocrx_word' id='word_1_151' title='bbox 552 1990 718 2087; x_wconf 85' lang='grc' dir='ltr'><strong><em>άμαρτίαν</em></strong></span> <span class='ocrx_word' id='word_1_152' title='bbox 743 2001 804 2068; x_wconf 88' lang='grc' dir='ltr'><strong><em>τοῦ</em></strong></span> <span class='ocrx_word' id='word_1_153' title='bbox 831 1995 958 2088; x_wconf 85' lang='grc' dir='ltr'><strong><em>κόσμου</em></strong></span> <span class='ocrx_word' id='word_1_154' title='bbox 989 1993 1072 2066; x_wconf 89' lang='grc' dir='ltr'><strong><em>κατά</em></strong></span> 
     </span>
     <span class='ocr_line' id='line_1_20' title="bbox 97 2094 1073 2189; baseline 0.002 -22"><span class='ocrx_word' id='word_1_155' title='bbox 97 2096 157 2167; x_wconf 86' lang='grc' dir='ltr'><strong><em>τὸν</em></strong></span> <span class='ocrx_word' id='word_1_156' title='bbox 180 2097 367 2188; x_wconf 72' lang='grc' dir='ltr'><strong><em>βαπτιστήν</em></strong></span> <span class='ocrx_word' id='word_1_157' title='bbox 385 2096 545 2186; x_wconf 85' lang='grc' dir='ltr'><strong><em>Ἰωάννην</em></strong></span> <span class='ocrx_word' id='word_1_158' title='bbox 569 2096 629 2167; x_wconf 83' lang='grc' dir='ltr'><strong><em>τὸν</em></strong></span> <span class='ocrx_word' id='word_1_159' title='bbox 653 2102 794 2186; x_wconf 86' lang='grc' dir='ltr'><strong><em>λέγοντα</em></strong></span> <span class='ocrx_word' id='word_1_160' title='bbox 811 2097 830 2124; x_wconf 84' lang='grc'><strong><em>“</em></strong></span> <span class='ocrx_word' id='word_1_161' title='bbox 845 2106 896 2171; x_wconf 79' lang='grc' dir='ltr'><strong><em>ίδε</em></strong></span> <span class='ocrx_word' id='word_1_162' title='bbox 922 2094 939 2169; x_wconf 87' lang='grc' dir='ltr'>ὁ</span> <span class='ocrx_word' id='word_1_163' title='bbox 970 2097 1073 2189; x_wconf 86' lang='grc' dir='ltr'><strong><em>άμνός</em></strong></span> 
     </span>
     <span class='ocr_line' id='line_1_21' title="bbox 60 2192 1072 2289; baseline -0.002 -18"><span class='ocrx_word' id='word_1_164' title='bbox 60 2232 87 2272; x_wconf 80' lang='grc' dir='ltr'><strong><em>ιο</em></strong></span> <span class='ocrx_word' id='word_1_165' title='bbox 99 2202 159 2270; x_wconf 81' lang='grc' dir='ltr'><strong><em>τοῦ</em></strong></span> <span class='ocrx_word' id='word_1_166' title='bbox 176 2203 273 2288; x_wconf 85' lang='grc' dir='ltr'><strong><em>θεοῦ,</em></strong></span> <span class='ocrx_word' id='word_1_167' title='bbox 291 2198 309 2269; x_wconf 85' lang='grc' dir='ltr'>ὁ</span> <span class='ocrx_word' id='word_1_168' title='bbox 329 2211 436 2288; x_wconf 85' lang='grc' dir='ltr'><strong><em>αίρων</em></strong></span> <span class='ocrx_word' id='word_1_169' title='bbox 453 2199 515 2288; x_wconf 82' lang='grc' dir='ltr'><strong><em>τὴν</em></strong></span> <span class='ocrx_word' id='word_1_170' title='bbox 531 2192 698 2286; x_wconf 89' lang='grc' dir='ltr'><strong><em>άμαρτίαν</em></strong></span> <span class='ocrx_word' id='word_1_171' title='bbox 715 2205 775 2269; x_wconf 89' lang='grc' dir='ltr'><strong><em>τοῦ</em></strong></span> <span class='ocrx_word' id='word_1_172' title='bbox 794 2196 951 2289; x_wconf 86' lang='grc' dir='ltr'><strong><em>κόσμου,”</em></strong></span> <span class='ocrx_word' id='word_1_173' title='bbox 970 2198 1072 2288; x_wconf 87' lang='grc' dir='ltr'><strong><em>άμνὸς</em></strong></span> 
     </span>
     <span class='ocr_line' id='line_1_22' title="bbox 100 2292 1071 2391; baseline -0.003 -21"><span class='ocrx_word' id='word_1_174' title='bbox 100 2300 138 2369; x_wconf 71' lang='grc' dir='ltr'><strong><em>θλ</em></strong></span> <span class='ocrx_word' id='word_1_175' title='bbox 160 2292 203 2390; x_wconf 79' lang='grc' dir='ltr'><strong><em>ἦν</em></strong></span> <span class='ocrx_word' id='word_1_176' title='bbox 227 2304 282 2370; x_wconf 82' lang='grc' dir='ltr'><strong><em>καὶ</em></strong></span> <span class='ocrx_word' id='word_1_177' title='bbox 299 2298 318 2370; x_wconf 84' lang='grc' dir='ltr'><strong>ὁ</strong></span> <span class='ocrx_word' id='word_1_178' title='bbox 338 2303 392 2370; x_wconf 79' lang='grc' dir='ltr'><strong><em>ἐπὶ</em></strong></span> <span class='ocrx_word' id='word_1_179' title='bbox 415 2296 552 2388; x_wconf 77' lang='grc' dir='ltr'><strong><em>σφαγὴν</em></strong></span> <span class='ocrx_word' id='word_1_180' title='bbox 574 2294 737 2386; x_wconf 85' lang='grc' dir='ltr'><strong><em>άγόμενος</em></strong></span> <span class='ocrx_word' id='word_1_181' title='bbox 763 2299 900 2369; x_wconf 81' lang='grc' dir='ltr'><strong><em>κατὰτὸ</em></strong></span> <span class='ocrx_word' id='word_1_182' title='bbox 919 2299 1008 2385; x_wconf 89' lang='grc' dir='ltr'><strong><em>παρά</em></strong></span> <span class='ocrx_word' id='word_1_183' title='bbox 1026 2305 1071 2391; x_wconf 79' lang='grc' dir='ltr'><strong><em>τῶ</em></strong></span> 
     </span>
     <span class='ocr_line' id='line_1_23' title="bbox 92 2393 1071 2493; baseline -0.001 -23"><span class='ocrx_word' id='word_1_184' title='bbox 92 2399 213 2493; x_wconf 79' lang='grc' dir='ltr'><strong><em>Ἠσαίᾳ</em></strong></span> <span class='ocrx_word' id='word_1_185' title='bbox 227 2401 341 2491; x_wconf 89' lang='grc' dir='ltr'><strong><em>λόγιον</em></strong></span> <span class='ocrx_word' id='word_1_186' title='bbox 354 2398 485 2490; x_wconf 86' lang='grc' dir='ltr'><strong><em>φάσκον</em></strong></span> <span class='ocrx_word' id='word_1_187' title='bbox 494 2393 562 2478; x_wconf 78' lang='grc' dir='ltr'><strong><em>“ῶς</em></strong></span> <span class='ocrx_word' id='word_1_188' title='bbox 575 2397 745 2488; x_wconf 82' lang='grc' dir='ltr'><strong><em>πρόβατον</em></strong></span> <span class='ocrx_word' id='word_1_189' title='bbox 760 2403 813 2469; x_wconf 79' lang='grc' dir='ltr'><strong><em>ἐπὶ</em></strong></span> <span class='ocrx_word' id='word_1_190' title='bbox 824 2399 959 2488; x_wconf 79' lang='grc' dir='ltr'><strong><em>σφαγὴν</em></strong></span> <span class='ocrx_word' id='word_1_191' title='bbox 969 2398 1071 2488; x_wconf 77' lang='grc' dir='ltr'><strong><em>ἤχθη,</em></strong></span> 
     </span>
     <span class='ocr_line' id='line_1_24' title="bbox 98 2497 1071 2592; baseline -0.002 -20"><span class='ocrx_word' id='word_1_192' title='bbox 98 2499 223 2586; x_wconf 79' lang='grc' dir='ltr'><strong><em>καλῶς</em></strong></span> <span class='ocrx_word' id='word_1_193' title='bbox 249 2501 353 2592; x_wconf 86' lang='grc' dir='ltr'><strong><em>άμνός</em></strong></span> <span class='ocrx_word' id='word_1_194' title='bbox 379 2506 532 2572; x_wconf 82' lang='grc' dir='ltr'><strong><em>ἐναντίον</em></strong></span> <span class='ocrx_word' id='word_1_195' title='bbox 553 2504 614 2568; x_wconf 90' lang='grc' dir='ltr'><strong><em>τοῦ</em></strong></span> <span class='ocrx_word' id='word_1_196' title='bbox 644 2506 813 2590; x_wconf 83' lang='grc' dir='ltr'><strong><em>κείροντος</em></strong></span> <span class='ocrx_word' id='word_1_197' title='bbox 838 2497 1001 2591; x_wconf 85' lang='grc' dir='ltr'><strong><em>άφωνος.”</em></strong></span> <span class='ocrx_word' id='word_1_198' title='bbox 1042 2506 1071 2570; x_wconf 87' lang='lat'><strong><em>5.</em></strong></span> 
     </span>
     <span class='ocr_line' id='line_1_25' title="bbox 97 2596 1097 2694; baseline -0.005 -21"><span class='ocrx_word' id='word_1_199' title='bbox 97 2606 243 2694; x_wconf 83' lang='grc' dir='ltr'><strong><em>περὶτοῦ</em></strong></span> <span class='ocrx_word' id='word_1_200' title='bbox 254 2601 359 2676; x_wconf 85' lang='grc' dir='ltr'><strong><em>αὐτοῦ</em></strong></span> <span class='ocrx_word' id='word_1_201' title='bbox 374 2605 413 2675; x_wconf 74' lang='grc' dir='ltr'><strong><em>δὲ</em></strong></span> <span class='ocrx_word' id='word_1_202' title='bbox 427 2601 472 2685; x_wconf 90' lang='grc' dir='ltr'><strong><em>ῶς</em></strong></span> <span class='ocrx_word' id='word_1_203' title='bbox 490 2603 567 2690; x_wconf 82' lang='grc' dir='ltr'><strong><em>περὶ</em></strong></span> <span class='ocrx_word' id='word_1_204' title='bbox 583 2596 693 2689; x_wconf 86' lang='grc' dir='ltr'><strong><em>άμνοῦ</em></strong></span> <span class='ocrx_word' id='word_1_205' title='bbox 709 2605 839 2692; x_wconf 77' lang='grc' dir='ltr'><strong><em>ἐλέγετο</em></strong></span> <span class='ocrx_word' id='word_1_206' title='bbox 855 2605 912 2672; x_wconf 85' lang='grc' dir='ltr'><strong><em>καὶ</em></strong></span> <span class='ocrx_word' id='word_1_207' title='bbox 929 2601 966 2671; x_wconf 88' lang='grc' dir='ltr'><strong><em>τὸ</em></strong></span> <span class='ocrx_word' id='word_1_208' title='bbox 980 2597 1097 2671; x_wconf 60' lang='lat' dir='ltr'><strong><em>“dudd</em></strong></span> 
     </span>
     <span class='ocr_line' id='line_1_26' title="bbox 59 2700 1074 2795; baseline -0.003 -20"><span class='ocrx_word' id='word_1_209' title='bbox 59 2742 87 2782; x_wconf 74' lang='lat'><strong><em>25</em></strong></span> <span class='ocrx_word' id='word_1_210' title='bbox 99 2709 168 2776; x_wconf 87' lang='grc' dir='ltr'><strong><em>τῶν</em></strong></span> <span class='ocrx_word' id='word_1_211' title='bbox 184 2701 356 2795; x_wconf 87' lang='grc' dir='ltr'><strong><em>άμαρτιῶν</em></strong></span> <span class='ocrx_word' id='word_1_212' title='bbox 373 2711 433 2777; x_wconf 89' lang='grc' dir='ltr'><strong><em>τοῦ</em></strong></span> <span class='ocrx_word' id='word_1_213' title='bbox 451 2709 534 2775; x_wconf 89' lang='grc' dir='ltr'><strong><em>λαοῦ</em></strong></span> <span class='ocrx_word' id='word_1_214' title='bbox 552 2731 618 2793; x_wconf 90' lang='grc' dir='ltr'><strong><em>μου</em></strong></span> <span class='ocrx_word' id='word_1_215' title='bbox 632 2700 720 2794; x_wconf 73' lang='grc' dir='ltr'><strong><em>ἤχθη</em></strong></span> <span class='ocrx_word' id='word_1_216' title='bbox 738 2713 784 2788; x_wconf 88' lang='grc' dir='ltr'><strong><em>είς</em></strong></span> <span class='ocrx_word' id='word_1_217' title='bbox 797 2701 974 2776; x_wconf 85' lang='grc' dir='ltr'><strong><em>θάνατον.”</em></strong></span> <span class='ocrx_word' id='word_1_218' title='bbox 1006 2709 1074 2774; x_wconf 81' lang='grc' dir='ltr'><strong><em>ἔδει</em></strong></span> 
     </span>
     <span class='ocr_line' id='line_1_27' title="bbox 100 2801 1074 2897; baseline -0.001 -21"><span class='ocrx_word' id='word_1_219' title='bbox 100 2807 164 2896; x_wconf 84' lang='grc' dir='ltr'><strong><em>γάρ</em></strong></span> <span class='ocrx_word' id='word_1_220' title='bbox 181 2807 241 2877; x_wconf 85' lang='grc' dir='ltr'><strong><em>τὸν</em></strong></span> <span class='ocrx_word' id='word_1_221' title='bbox 258 2804 366 2897; x_wconf 81' lang='grc' dir='ltr'><strong><em>άμνόν</em></strong></span> <span class='ocrx_word' id='word_1_222' title='bbox 383 2811 443 2878; x_wconf 88' lang='grc' dir='ltr'><strong><em>τοῦ</em></strong></span> <span class='ocrx_word' id='word_1_223' title='bbox 459 2809 556 2894; x_wconf 84' lang='grc' dir='ltr'><strong><em>θεοῦ,</em></strong></span> <span class='ocrx_word' id='word_1_224' title='bbox 574 2802 634 2875; x_wconf 80' lang='grc' dir='ltr'><strong><em>τῶν</em></strong></span> <span class='ocrx_word' id='word_1_225' title='bbox 650 2801 717 2875; x_wconf 86' lang='grc' dir='ltr'><strong><em>ῦπὸ</em></strong></span> <span class='ocrx_word' id='word_1_226' title='bbox 730 2814 792 2877; x_wconf 88' lang='grc' dir='ltr'><strong><em>τοῦ</em></strong></span> <span class='ocrx_word' id='word_1_227' title='bbox 806 2816 953 2897; x_wconf 83' lang='grc' dir='ltr'><strong><em>μεγάλου</em></strong></span> <span class='ocrx_word' id='word_1_228' title='bbox 966 2803 1074 2896; x_wconf 85' lang='grc' dir='ltr'><strong><em>άρχιε-</em></strong></span> 
     </span>
     <span class='ocr_line' id='line_1_28' title="bbox 101 2904 1076 2999; baseline -0.002 -20"><span class='ocrx_word' id='word_1_229' title='bbox 101 2912 184 2999; x_wconf 85' lang='grc' dir='ltr'><strong><em>ρέως</em></strong></span> <span class='ocrx_word' id='word_1_230' title='bbox 227 2904 468 2998; x_wconf 76' lang='grc' dir='ltr'><strong><em>ἀναληφθέντα</em></strong></span> <span class='ocrx_word' id='word_1_231' title='bbox 508 2905 595 2994; x_wconf 71' lang='grc' dir='ltr'><strong><em>ὑπὲρ</em></strong></span> <span class='ocrx_word' id='word_1_232' title='bbox 634 2911 703 2977; x_wconf 91' lang='grc' dir='ltr'><strong><em>τῶν</em></strong></span> <span class='ocrx_word' id='word_1_233' title='bbox 737 2913 865 2978; x_wconf 86' lang='grc' dir='ltr'><strong><em>λοιπῶν</em></strong></span> <span class='ocrx_word' id='word_1_234' title='bbox 900 2911 1076 2997; x_wconf 89' lang='grc' dir='ltr'><strong><em>συγγενῶν</em></strong></span> 
     </span>
     <span class='ocr_line' id='line_1_29' title="bbox 99 3002 1075 3102; baseline -0.004 -22"><span class='ocrx_word' id='word_1_235' title='bbox 99 3006 218 3100; x_wconf 87' lang='grc' dir='ltr'><strong><em>άμνῶν</em></strong></span> <span class='ocrx_word' id='word_1_236' title='bbox 236 3013 291 3080; x_wconf 79' lang='grc' dir='ltr'><strong><em>καί</em></strong></span> <span class='ocrx_word' id='word_1_237' title='bbox 309 3006 395 3102; x_wconf 73' lang='grc' dir='ltr'><strong><em>ὑπὲρ</em></strong></span> <span class='ocrx_word' id='word_1_238' title='bbox 413 3007 520 3098; x_wconf 89' lang='grc' dir='ltr'><strong><em>πάσης</em></strong></span> <span class='ocrx_word' id='word_1_239' title='bbox 537 3010 594 3094; x_wconf 83' lang='grc' dir='ltr'><strong><em>τῆς</em></strong></span> <span class='ocrx_word' id='word_1_240' title='bbox 612 3002 832 3099; x_wconf 85' lang='grc' dir='ltr'><strong><em>άνθρωπίνης</em></strong></span> <span class='ocrx_word' id='word_1_241' title='bbox 856 3006 993 3099; x_wconf 84' lang='grc' dir='ltr'><strong><em>άγέλης,</em></strong></span> <span class='ocrx_word' id='word_1_242' title='bbox 1011 3020 1075 3076; x_wconf 90' lang='grc' dir='ltr'><strong><em>θυ-</em></strong></span> 
     </span>
    </p>
   </div>
   <div class='ocr_carea' id='block_1_3' title="bbox 704 3105 722 3132">
    <p class='ocr_par' dir='ltr' id='par_1_3' title="bbox 704 3105 722 3132">
     <span class='ocr_line' id='line_1_30' title="bbox 704 3105 722 3132; baseline 0 0"><span class='ocrx_word' id='word_1_243' title='bbox 704 3105 722 3132; x_wconf 68' lang='lat' dir='ltr'><strong><em>&lt;f</em></strong></span> 
     </span>
    </p>
   </div>
   <div class='ocr_carea' id='block_1_4' title="bbox 100 3105 1075 3205">
    <p class='ocr_par' dir='ltr' id='par_1_4' title="bbox 100 3105 1075 3205">
     <span class='ocr_line' id='line_1_31' title="bbox 100 3105 1075 3205; baseline -0.004 -23"><span class='ocrx_word' id='word_1_244' title='bbox 100 3120 181 3183; x_wconf 91' lang='grc' dir='ltr'><strong><em>σίαν</em></strong></span> <span class='ocrx_word' id='word_1_245' title='bbox 196 3118 244 3205; x_wconf 78' lang='grc' dir='ltr'><strong><em>τῷ</em></strong></span> <span class='ocrx_word' id='word_1_246' title='bbox 267 3115 340 3182; x_wconf 85' lang='grc' dir='ltr'><strong><em>θεῶ</em></strong></span> <span class='ocrx_word' id='word_1_247' title='bbox 361 3117 604 3204; x_wconf 79' lang='grc' dir='ltr'><strong><em>προσαχθῆναι.</em></strong></span> <span class='ocrx_word' id='word_1_248' title='bbox 650 3114 679 3179; x_wconf 93' lang='grc'><strong><em>6.</em></strong></span> <span class='ocrx_word' id='word_1_249' title='bbox 728 3110 843 3199; x_wconf 74' lang='grc' dir='ltr'><strong><em>ἐπειδὴ</em></strong></span> <span class='ocrx_word' id='word_1_250' title='bbox 867 3108 932 3198; x_wconf 89' lang='grc' dir='ltr'><strong><em>γάρ</em></strong></span> <span class='ocrx_word' id='word_1_251' title='bbox 950 3107 995 3178; x_wconf 82' lang='grc' dir='ltr'><strong><em>δι’</em></strong></span> <span class='ocrx_word' id='word_1_252' title='bbox 1017 3105 1075 3178; x_wconf 85' lang='grc' dir='ltr'><strong><em>άν-</em></strong></span> 
     </span>
    </p>
   </div>
   <div class='ocr_carea' id='block_1_5' title="bbox 102 3377 1076 3512">
    <p class='ocr_par' dir='ltr' id='par_1_5' title="bbox 102 3377 1076 3512">
     <span class='ocr_line' id='line_1_32' title="bbox 171 3377 1076 3443; baseline -0.002 -13"><span class='ocrx_word' id='word_1_253' title='bbox 171 3382 203 3430; x_wconf 80' lang='lat'><strong><em>19</em></strong></span> <span class='ocrx_word' id='word_1_254' title='bbox 221 3379 265 3430; x_wconf 85' lang='lat' dir='ltr'><strong><em>Jo.</em></strong></span> <span class='ocrx_word' id='word_1_255' title='bbox 280 3382 304 3443; x_wconf 92' lang='lat'><strong><em>1,</em></strong></span> <span class='ocrx_word' id='word_1_256' title='bbox 317 3381 361 3431; x_wconf 67' lang='lat' dir='ltr'><strong><em>29.x</em></strong></span> <span class='ocrx_word' id='word_1_257' title='bbox 524 3382 556 3428; x_wconf 80' lang='lat'><strong><em>22</em></strong></span> <span class='ocrx_word' id='word_1_258' title='bbox 575 3379 621 3430; x_wconf 83' lang='lat' dir='ltr'><strong><em>Es.</em></strong></span> <span class='ocrx_word' id='word_1_259' title='bbox 635 3382 677 3442; x_wconf 75' lang='lat'><strong><em>53,</em></strong></span> <span class='ocrx_word' id='word_1_260' title='bbox 692 3380 716 3428; x_wconf 79' lang='grc' dir='ltr'><strong><em>λ.</em></strong></span> <span class='ocrx_word' id='word_1_261' title='bbox 884 3378 917 3427; x_wconf 79' lang='lat'><strong><em>25</em></strong></span> <span class='ocrx_word' id='word_1_262' title='bbox 935 3377 982 3426; x_wconf 83' lang='grc' dir='ltr'><strong><em>Εε.</em></strong></span> <span class='ocrx_word' id='word_1_263' title='bbox 996 3379 1037 3441; x_wconf 84' lang='grc'><strong><em>53,</em></strong></span> <span class='ocrx_word' id='word_1_264' title='bbox 1051 3378 1076 3428; x_wconf 85' lang='lat'><strong><em>8.</em></strong></span> 
     </span>
     <span class='ocr_line' id='line_1_33' title="bbox 102 3446 563 3512; baseline 0.009 -16"><span class='ocrx_word' id='word_1_265' title='bbox 102 3448 136 3497; x_wconf 76' lang='lat'><strong><em>29</em></strong></span> <span class='ocrx_word' id='word_1_266' title='bbox 156 3452 168 3496; x_wconf 92' lang='lat'>1</span> <span class='ocrx_word' id='word_1_267' title='bbox 189 3446 251 3497; x_wconf 86' lang='lat' dir='ltr'><strong>Cor.</strong></span> <span class='ocrx_word' id='word_1_268' title='bbox 266 3449 306 3512; x_wconf 81' lang='lat'><strong><em>15,</em></strong></span> <span class='ocrx_word' id='word_1_269' title='bbox 320 3449 361 3498; x_wconf 83' lang='lat'><strong><em>21.</em></strong></span> <span class='ocrx_word' id='word_1_270' title='bbox 392 3446 468 3499; x_wconf 89' lang='lat' dir='ltr'><strong>Rom.</strong></span> <span class='ocrx_word' id='word_1_271' title='bbox 482 3449 507 3511; x_wconf 79' lang='grc' dir='ltr'><strong><em>ὅ,</em></strong></span> <span class='ocrx_word' id='word_1_272' title='bbox 522 3448 563 3500; x_wconf 85' lang='grc'><strong><em>18.</em></strong></span> 
     </span>
    </p>
   </div>
   <div class='ocr_carea' id='block_1_6' title="bbox 0 0 1182 3818">
    <p class='ocr_par' dir='ltr' id='par_1_6' title="bbox 0 0 1182 3818">
     <span class='ocr_line' id='line_1_34' title="bbox 0 0 1182 3818; baseline 0 0"><span class='ocrx_word' id='word_1_273' title='bbox 0 0 1182 3818; x_wconf 95' lang='lat' dir='ltr'><strong><em> </em></strong></span> 
     </span>
    </p>
   </div>
  </div>
 </body>
</html>
