2326 3818
141 128 204 192 350
548 126 697 178 ευειιΒιι

112 270 226 337 οθεοῦ
253 262 480 354 πρωτότοκον,
511 266 678 353 μονογενῆ
699 292 734 333 τε
757 259 851 349 υίόν,
882 263 938 331 καὶ
961 260 1051 334 θεὸν
1078 270 1117 335 ἐκ

140 371 243 455 θεοῦ,
261 364 405 456 μεγάλης
423 393 458 435 τε
476 370 600 453 βουλής
617 362 775 453 ἀγγελον,
794 366 850 433 καὶ
867 367 935 432 τών
953 360 1030 433 κατ’
1052 364 1116 437 οῦ-

141 467 246 557 ρανόν
263 472 427 557 στρατιῶν
444 464 605 556 ἀρχοντα,
625 468 680 535 καλ
697 469 757 535 τοῦ
780 462 903 550 πατρὸς
920 458 1113 557 ὑπουργὸν,

140 571 196 639 ναὶ
219 566 285 658 μήν
310 571 366 638 καὶ
389 566 508 655 κύριον
530 572 599 639 τών
621 565 727 654 ὅλων,
751 569 807 636 καὶ
829 571 915 636 θεοῦ
933 564 1037 653 λόγον
1056 572 1114 639 καὶ

139 675 225 741 θεοῦ
239 668 394 759 δύναμιν,
413 675 448 738 οί
456 681 546 738 θελοι
560 666 789 759 προηγόρευον
800 666 904 755 λόγοι,
924 674 956 737 εί
965 686 1137 755 φανείενε

73 799 126 851 [ιοοι
141 775 195 841 ἐπὶ
218 779 277 841 τοῦ
304 768 467 858 παρόντος
485 776 523 838 αί
537 772 738 859 προφητικαὶ
761 775 941 858 μαρτυρίαι
957 767 1045 841 θεὸν
1064 779 1113 854 είς

139 869 341 961 ἀνθρώπους
375 869 556 957 ἀφίξεσθαι
589 871 752 958 μέλλοντα
787 873 1111 961 προαναφωνοῦσαι,

140 978 244 1041 παντί
257 999 303 1063 τρι
324 974 426 1058 δήλου
445 973 499 1041 ἐπὶ
525 978 600 1041 τίνα
617 968 678 1060 χρή
696 967 757 1057 τήν
775 966 951 1060 ἀναφορὰν
968 976 1029 1041 τοῦ
1046 994 1113 1060 ση-

139 1072 342 1161 μαινομένου
359 1084 548 1160 ποιεϊσθαι,
566 1068 620 1142 ῦτε
638 1070 778 1160 μάλιστα
798 1071 852 1140 διὰ
869 1078 938 1141 τών
955 1069 1112 1162 πρόσθεν

139 1177 177 1243 ἐν
190 1170 374 1263 ἀνθρώπου
380 1178 492 1265 μορφῇ
504 1176 560 1243 καλ
572 1171 713 1262 σχήματι
719 1190 787 1255 τοῖς
793 1171 880 1262 ἀμφὶ
888 1172 948 1242 τὸν
956 1171 1109 1266 Ἀβραάμ
1121 1212 1147 1251 10

113 1277 334 1362 ιθεοφιλέσιν
360 1273 378 1345 ὁ
407 1273 487 1356 θεὸς
514 1272 612 1362 λόγος
642 1272 693 1343 ἐπ’
718 1272 879 1362 ὀνόματος
903 1282 1027 1363 κυρίου
1050 1278 1109 1346 καλ

137 1378 223 1446 θεοῦ
245 1379 375 1465 πέφηνε
396 1372 455 1458 τάς
481 1383 529 1457 είς
552 1373 755 1462 ἀνθρώπους
781 1374 941 1456 ὀπτασίας
964 1403 1127 1466 πεποιή-

137 1481 244 1566 μένος.
291 1483 321 1547 2.
347 1479 429 1568 φέρε
451 1471 514 1547 οῦν
537 1483 663 1565 ίθωμεν
686 1472 775 1558 ὅπως
798 1477 878 1546 ποτὲ
895 1477 957 1565 μὲν
974 1474 1106 1569 κύριον,

136 1579 214 1649 ποτὲ
234 1579 272 1647 δὲ
289 1575 373 1648 θεὸν
390 1577 640 1667 καταβήσεσθαι
652 1585 698 1659 είς
711 1574 915 1668 ἀνθρώπους
932 1579 989 1648 καὶ
1002 1577 1107 1650 πάλιν

137 1675 369 1766 ἀναβήσεσθαι
396 1683 543 1767 ἐναργῶς
568 1675 676 1759 οὕτως
701 1696 941 1768 προαναφωνεῑ
961 1676 1002 1748 τά
1020 1680 1101 1770 παρ’
1117 1715 1141 1755 ιι

130 1777 297 1869 Ἑβραίοις
314 1779 427 1868 λόγια,
447 1783 504 1851 καὶ
520 1779 578 1860 τάς
596 1809 633 1867 γε
652 1786 760 1859 αίτίας
778 1784 835 1868 τής
853 1778 1021 1850 καθόδου·
1048 1806 1105 1871 ση·

135 1878 262 1971 μειώση
282 1879 313 1949 δ’
336 1876 379 1962 ως
397 1879 471 1951 τινὰ
488 1881 551 1969 μὲν
569 1891 696 1967 είρηται
715 1876 761 1950 δι’
781 1879 1002 1970 αίνιγμάτων,
1028 1882 1105 1953 τινά

136 1982 175 2051 δὲ
192 1980 435 2071 φανερώτερον.
472 1986 501 2050 3.
521 1980 561 2050 τὰ
571 1982 634 2069 μὲν
646 1972 707 2052 οῦν
721 1978 768 2051 δι’
783 1981 992 2072 ἐπικρύψεως
1002 1979 1104 2072 ήγοῦ-

135 2110 194 2170 μαι
217 2086 284 2151 τών
309 2087 345 2150 ἐκ
370 2089 547 2172 περιτομῆς
573 2085 670 2152 ἕνεκα
699 2088 957 2173 κεκαλυμμένας
979 2081 1103 2156 ἀποδε-

106 2180 274 2271 ιδόσθαι,
299 2182 355 2252 διὰ
372 2182 412 2253 τὰ
428 2183 651 2274 θεσπιζόμενα
674 2182 745 2254 κατ’
767 2182 879 2256 αῦτών
897 2184 1102 2275 σκυθρωπά·
1116 2220 1143 2261 εο

137 2282 181 2352 δι’
202 2282 286 2375 ἀπερ
306 2283 393 2367 είκὸς
416 2275 459 2374 ήν
477 2289 532 2355 καὶ
549 2284 713 2374 ἀφανίσαι
737 2284 859 2368 αὐτοῦς
877 2285 938 2375 τήν
955 2286 1102 2377 γραφήν,

136 2393 165 2455 εί
191 2390 227 2456 ἐκ
253 2391 314 2457 τοῦ
336 2391 529 2478 προφανοῦς
553 2387 616 2476 τήν
635 2385 776 2477 ἐσχάτην
800 2386 913 2457 αὐτών
929 2385 1104 2477 ἀποβολήν

135 2486 327 2577 ἐσήμαινεν·
362 2486 467 2570 οῦτως
490 2494 573 2577 γοῦν
600 2491 656 2557 καὶ
685 2505 754 2570 τοϊς
775 2487 962 2578 προφήταις
986 2486 1102 2572 αὐτοῖς

134 2593 370 2676 ἐπιβουλεῦσαι
384 2587 505 2669 αὐτοῦς
518 2591 647 2677 κατέχει
661 2585 768 2677 λόγος,
789 2585 837 2658 δι’
852 2585 911 2670 οῦς
927 2593 1100 2661 ἐποιοῦντο

133 2688 209 2757 κατ’
234 2687 345 2758 αὐτῶν
370 2693 532 2778 ἐλέγχους.
574 2695 603 2758 4.
631 2696 668 2757 αι’
690 2691 727 2758 δὲ
751 2707 868 2777 σαφεῖς
899 2707 1098 2780 προφητεῖαι
1111 2720 1138 2760 ετ

132 2785 194 2874 τήν
216 2795 284 2857 τῶν
310 2790 422 2859 ἐθνών
447 2793 566 2878 κλήσιν
589 2788 770 2860 λευκότατα
793 2792 1002 2882 περιέχουσι,
1031 2795 1100 2861 τών

133 2886 205 2957 κατ’
234 2884 407 2979 εὐσέβειαν
431 2886 572 2979 ἀγαθοῖν
594 2889 652 2972 τάς
677 2895 872 2980 ἐπαγγελίας
896 2889 937 2963 οῦ
959 2899 1007 2986 τῷ
1021 2888 1098 2963 'Iov-

134 2995 240 3059 δαίων
257 2998 369 3080 ἔθνει,
388 2997 469 3062 πᾶσι
487 2994 524 3062 δὲ
542 2990 734 3082 ἀνθρώποις
752 3011 821 3074 τοῖς
844 2991 923 3064 καθ’
944 2989 1023 3081 ὅλης
1039 2996 1098 3080 τής

132 3095 328 3182 οἰκουμένης
346 3096 637 3183 καταγγέλλουσαι.
676 3084 724 3164 ών
742 3092 847 3175 οῦτως
867 3092 1012 3184 ἐχόντων
1028 3122 1099 3163 και·

132 3193 188 3280 ρός
207 3193 271 3284 ήδη
290 3198 346 3265 καὶ
363 3199 430 3267 τών
447 3204 555 3266 θείων
574 3200 756 3266 ἐπακοῦσαι
774 3202 905 3282 λογίων.
1109 3225 1134 3264 ao
