2326 3818
317 94 501 171 DEMONS'T.
518 113 650 167 εοεαε.
667 115 714 165 ιν.
735 117 773 164 ιι.
963 115 1026 178 253

54 252 120 344 γάρ
131 256 173 343 τῆ
185 249 292 322 αῦτοῦ
305 257 419 342 γραφῇ
432 249 491 322 τόν
509 261 745 340 χρηματίζοντα
763 251 853 346 αῦτςό
873 254 957 326 θεόν
970 261 1025 326 καὶ
1045 298 1055 325 e

55 353 178 445 κῦριον
203 351 390 442 διαρρήδην
413 352 730 441 παρακελεύσασθαι
754 352 843 447 αῦτςῦ
875 356 1026 428 διδάσκει

56 453 143 527 κατά
165 450 227 543 τῆν
248 451 513 542 ῦποδειχθείσαν
537 451 628 546 αὐτῷ
652 453 776 542 νοητῆν
794 459 849 524 καὶ
867 453 1027 544 οῦράνιον

57 553 165 628 αῦτοῦ
194 558 282 625 θέαν
311 557 590 644 σωματικωτέραν
620 558 673 623 ἐπὶ
702 560 763 643 γῆς
794 556 1027 644 συστήσασθαι

26 665 228 747 ελατρείαν,
248 655 360 727 εἰκόνα
381 661 449 726 τῶν
472 659 603 744 νοητῶν
626 659 682 726 καὶ
705 654 890 745 ἀσωμάτων
914 662 1027 746 περιέ-

56 781 193 850 χονσαν.
234 759 366 846 λέγεται
389 761 473 846 γοῦν
495 765 564 827 τῶν
588 762 625 828 έν
647 763 693 850 τῷ
716 753 852 851 οῦρανῷ
876 757 1027 847 ἀγγέλων

57 863 116 930 καὶ
140 869 247 931 θείων
271 858 450 948 δυνάμεων
475 856 626 942 διάταξιν
649 857 756 930 τόπον
772 857 847 929 τινά
870 884 1027 950 σκιογρα-

56 968 181 1051 φῆσαι,
200 959 370 1051 φήσαντος
388 956 480 1053 αῦτῷ
492 965 553 1030 τοῦ
571 967 719 1049 χρησμοῦ
732 958 904 1049 “ποιη’σεις
919 961 1027 1034 πάντα

56 1062 154 1147 κατάἱ
168 1061 228 1134 τὸν
257 1061 365 1132 τῦπον
396 1061 457 1131 τὸν
489 1064 666 1150 δειχθέντα
699 1083 751 1131 σοι
784 1071 821 1133 ἐν
853 1069 898 1155 τῷ
928 1061 1025 1153 ὅρει.”

16 1189 43 1230 10
56 1169 107 1234 46.
136 1152 290 1253 ἀρκοῦν
314 1157 357 1243 ὡς
381 1161 421 1232 τά
450 1159 552 1251 ἀλλα,
584 1161 673 1232 οῦτω
702 1167 758 1232 καὶ
786 1162 845 1234 τόν
873 1163 1027 1254 ἀρχιερέα

57 1270 220 1352 παρῆγεν,
238 1263 333 1357 μύρρα
352 1263 471 1352 γεώδει
489 1270 594 1353 χρίων
608 1262 722 1351 αὐτὸν,
740 1272 800 1334 καί
809 1293 885 1335 τινα
900 1266 1026 1356 σκιώδη
1041 1296 1055 1335 ο

58 1369 113 1435 καὶ
133 1364 312 1452 είκονικόν,
330 1362 404 1433 ἀλλ’
425 1361 486 1436 οῦκ
503 1363 615 1454 ἀληθῆ
630 1364 775 1455 Χριστόν
792 1370 847 1436 καί
860 1366 1026 1457 ἀρχιερέα,

57 1471 119 1537 τοῦ
143 1463 216 1536 κατ’
244 1461 391 1552 οῦρανδν
414 1471 562 1556 Χριστοῦ
581 1496 617 1537 τε
642 1471 698 1536 καί
728 1463 905 1558 ἀρχιερέως
934 1466 1027 1539 ἀντί-

58 1596 160 1658 μιμον
184 1563 460 1656 ἀπεργαζόμενος,
501 1572 553 1638 47.
587 1566 660 1637 ἀλλ’
695 1566 745 1637 ὅτι
769 1565 871 1657 μένὸ
902 1580 1027 1658 κυρίως

20 1694 45 1734 15
60 1666 201 1759 Χριστός
219 1665 282 1738 οῦκ
299 1665 480 1757 ἅνθρωπος
497 1661 552 1757 ῆν,
570 1668 643 1750 υίὸς
663 1672 704 1738 δέ
718 1699 766 1750 τις
783 1675 884 1758 θεοῦ,
906 1676 1026 1754 δεξιοῖς

57 1776 116 1859 τῆς
133 1776 294 1862 πατρικῆς
312 1769 469 1859 θεότητος
486 1775 716 1859 τετιμημένος,
740 1773 796 1840 καὶ
814 1771 898 1841 πολῦ
917 1782 1027 1861 κρείτ-

56 1902 125 1943 των
147 1870 190 1944 οῦ
214 1871 319 1962 μόνον
342 1879 400 1959 τῆς
418 1876 546 1959 θνητῆς
570 1875 626 1941 καὶ
649 1871 863 1963 ἀνθρωπείας
881 1872 1026 1962 φάσεως,

58 1972 141 2044 ἀλλά
171 1977 226 2044 καί
256 1972 365 2062 πάσης
394 1978 452 2060 τῆς
482 1977 520 2043 έν
548 1990 720 2062 γεννητοῖς
749 1978 868 2064 νοερᾶς
898 1972 1026 2064 οὐσίας,

58 2079 173 2162 σαφῶς
191 2075 281 2164 οἶμαι
299 2071 561 2163 ἀποδεδειχέναι.
597 2081 648 2146 48,
677 2075 765 2163 πλῆν
782 2074 855 2145 ἀλλ’
877 2074 926 2146 ὅτι
945 2075 1027 2147 κατά

16 2203 44 2241 κο
58 2173 98 2244 τά
116 2174 280 2265 πρότερον
299 2179 457 2265 εἰρημένα
474 2170 492 2244 ό
512 2174 612 2256 αὐτὸς
627 2179 741 2264 Δαβὶδ
761 2180 797 2246 έν
814 2174 869 2266 μδ’
887 2188 1025 2271 Ψαλμῷ,

58 2282 238 2366 προγραφῇ
262 2274 467 2366 χρησάμενος
489 2280 532 2365 τῇ
549 2275 659 2364 “indo
682 2280 742 2346 τοῦ
770 2275 942 2365 ἀγαπητοῦ
971 2283 1027 2348 καὶ

57 2380 126 2448 των
143 2374 495 2466 ἀλλοιωθησομένων,”
520 2376 606 2466 ὁμοῦ
621 2376 706 2446 θεὸν
729 2380 783 2446 καὶ
808 2381 947 2464 βασιλέα
971 2382 1026 2447 καὶ

58 2478 203 2566 Χριστὸν
222 2481 281 2548 ἕνα
299 2476 374 2548 τινά
392 2481 446 2550 καλ
468 2478 527 2550 τόν
545 2474 648 2548 αῦτὸν
671 2474 868 2564 ἀναγορεύει
886 2475 1028 2565 γράφων

56 2578 162 2663 οῦτως
176 2578 393 2670 “έξηρεῦξατο
411 2577 432 2669 ῆ
446 2586 569 2670 καρδία
582 2609 649 2670 μον
662 2578 762 2668 λόγον
777 2575 920 2665 ἀγαθόν,
940 2582 1026 2667 λέγω
1038 2605 1093 2654 (μοι

16 2707 42 2747 ετ
57 2680 121 2770 ἐγω
139 2683 180 2752 τά
198 2689 279 2772 ἔργα
292 2711 358 2772 μου
373 2687 419 2773 τῷ
438 2690 579 2769 βασιλεῖ.
612 2679 633 2769 ῆ
651 2680 785 2769 γλῶσσά
802 2710 867 2771 μου
881 2678 1026 2769 κάλαμος
1041 2712 1093 2763 μιιχ

58 2789 273 2868 γραμματέως
298 2780 509 2870 ὀξυγράφον,
542 2778 663 2872 ιῦραῖος
687 2782 801 2854 κάλλει
831 2782 920 2870 παρά
949 2782 1027 2865 τοῦς

58 2879 155 2959 υίοῦς
181 2886 248 2947 τῶν
279 2876 499 2966 ἀνθρώπων.”
548 2886 600 2951 49.
634 2880 683 2963 οἷς
715 2888 787 2970 ἑξῆς
817 2887 960 2971 ἐπιλέγει
985 2880 1026 2954 “ὁ

57 2978 182 3072 θρόνος
201 3000 263 3048 σου
280 2971 297 3047 ό
316 2975 396 3059 θεός
415 2986 462 3058 είς
479 2978 539 3051 τόν
552 2986 658 3051 αίῦνα
672 2990 730 3053 τοῦ
744 2991 882 3072 αἰῶνος,
903 2984 1026 3073 ῥάβδος

59 3080 244 3171 εῦθῦτητος
268 3077 288 3168 ῆ
315 3076 439 3169 ῥάβδος
463 3086 521 3168 τῆς
545 3088 716 3168 βασιλείας
740 3103 816 3155 σου·
852 3083 1026 3173 ῆγάπησας

18 3217 45 3255 so
61 3182 280 3270 δικαιοσύνην
297 3182 353 3250 καὶ
373 3185 531 3270 ἐμίσησας
555 3179 708 3272 ἀδικίαν,
728 3185 784 3255 διὰ
800 3190 898 3255 τοῦτο
918 3189 1029 3272 έχρισέ

126 3420 158 3467 ει
175 3420 219 3471 Ps.
233 3421 275 3481 44,
290 3420 311 3468 1.
