2326 3818
144 109 207 171 214
554 112 702 163 EUSEBH

85 277 124 328 [55]
106 247 252 336 5ὅντος,
282 245 385 320 οὐδὲν
407 251 469 338 μὲν
493 248 745 373 προσφερές’
703 257 793 344 αυτῷ
817 249 893 322 οὐδ’
919 250 1088 322 οίκείον”
1068 284 1112 324 αν

141 353 270 440 γένοιτο
288 350 515 474 παράδειγμα,
535 350 657 440 πίην”
639 374 719 421 οσον
737 352 817 422 αὐτὸ
838 358 935 422 τοῦτο
953 351 1113 473 μόγον,ὸ

143 452 184 541 δὴ
203 455 258 522 καὶ
276 452 382 575 φάναι
399 455 528 540 περὶί
489 483 511 522 ν
526 457 567 523 οὖ
579 450 651 522 οἷόν
665 474 716 523 τε
744 451 946 543 ἀπαύγασμα
960 484 1023 542 γαρ
1043 461 1112 526 ἐστι

140 553 250 643 φωτὸς
268 551 391 642 ἆίὸίον,
412 557 468 624 καὶ
482 562 644 640 ἔσοπτρον
657 553 864 643 ιἰκηίίὸωτον
879 560 935 643 της
949 560 1009 626 τοῦ
1025 561 1113 626 θεοῦ

142 661 329 746 ἐνεργείας,
354 658 409 725 καὶ
434 654 533 724 είκών
558 660 616 743 τῆς
634 653 839 745 ἆγαθότητος
857 652 969 727 αὐτοῦ.
1006 663 1035 726 4,
1059 657 1139 728 διόι

141 753 339 846 είρηται“ὁ’ς
364 753 411 824 535
434 754 637 845 ἀπαύγασμα
660 762 719 845 τῆς
743 756 840 846 δόξης
864 761 919 827 καὶ
944 757 1113 851 χαρακτὴρ

140 863 198 946 της
216 855 427 936 ὑποστάσεως
442 854 579 926 αὕτοῦ.”
612 855 696 927 ἄλλα
710 864 770 927 τοῦ
784 860 846 946 μὲν
864 863 1030 946 αἰσθητοῦ
1042 889 1113 948 φω-

140 960 194 1038 τὸς
212 956 391 1047 ἆχοίριστος
410 953 430 1045 ἡ
450 955 553 1046 αὐγὴ,
572 956 589 1026 ὁ
609 957 640 1028 δ’
661 956 734 1041 νίός
753 965 847 1041 ἰδίως
865 961 955 1047 παρὰ
972 959 1030 1030 τὸν
1049 988 1112 1030 πα-

140 1061 218 1145 τέρα
237 1054 315 1129 καθ’
337 1058 456 1129 ἑαυτὸν
474 1059 655 1147 ὑφέστηκε·
692 1063 748 1130 καὶ
766 1058 876 1149 φωτὸς
899 1063 961 1149 μὲν
983 1057 1003 1148 ἡ
1023 1059 1112 1150 αὐγὴ

114 1159 253 1249 ιχιόραν
277 1165 444 1248 ἐνεργείας
469 1164 595 1250 ἐπέχει,
620 1159 637 1230 ὁ
658 1163 694 1230 55
718 1161 790 1240 νίός
792 1161 922 1290 ἐτερόγ
939 1192 971 1231 τι
988 1160 1008 1249 ἢ
1028 1161 1111 1231 κατὰ
1128 1194 1154 1233 ιο

141 1265 311 1388 ἐνέργειαν
329 1261 501 1352 τυγχάνει,
521 1261 601 1332 καθ’
624 1260 745 1332 ἑαυτὸν
762 1261 976 1352 οὐσιωμένος.
1010 1269 1039 1333 5.
1056 1267 1114 1333 καὶ

140 1361 276 1433 παλιν
259 1394 279 1453 η
297 1393 360 1453 μεν
378 1362 466 1452 αὐγὴ
493 1386 748 1456 σοννπαρχει
718 1392 763 1433 τω
750 1367 886 1452 φωτὶ,
912 1373 1113 1453 συμπληρω-

139 1464 214 1554 τική
232 1495 279 1546 τις
304 1488 388 1536 ονσα
413 1461 534 1535 αυτοῦ·
569 1462 720 1554 (ανευ
684 1494 746 1554 γαρ
766 1462 870 1588 αιἰγης
889 1462 951 1534 οὐκ
970 1494 1012 1534 αν
1029 1461 1114 1535 ὑπο·

140 1576 237 1655 σταίη
255 1561 403 1688 φῶς)
387 1573 472 1685 ομοῦ
497 1595 532 1636 τε
557 1569 613 1635 καὶ
637 1565 716 1636 καθ’
740 1562 820 1636 αὑτὸ
839 1570 1112 1654 σννυφέστηκεν

140 1664 214 1737 ὁδε
229 1667 351 1786 πατὴρ
373 1665 581 1788 προϋπαρχει
604 1671 663 1736 τοῦ
686 1697 708 1736 ν
711 1672 764 1736 ίοῦ
711 1670 846 1737 ίκαὶ
869 1671 926 1754 της
949 1673 1114 1754 γενεσεως
1126 1698 1154 1738 15

141 1767 244 1838 αὐτοῦ
263 1775 393 1858 προῦφ
382 1771 532 1857 ’στηκεν,
558 1796 579 1856 η
604 1765 703 1854 μόνος
721 1758 940 1857 αγέννητος
919 1798 970 1889 ηγ.
1007 1774 1036 1837 6.
1057 1772 1114 1838 καὶ

142 1866 160 1940 ὁ
186 1871 248 1958 μὲν
272 1867 352 1941 καθ’
379 1869 500 1939 ἑαυτὸν
524 1872 646 1949 τέλειος
671 1872 726 1938 καὶ
750 1874 896 1959 πρῶτος,
922 1865 966 1951 ὦς
992 1868 1114 1960 πατὴρ,

145 1975 275 2058 καὶτῆς
300 1975 359 2039 τοῦ
382 1974 460 2038 νίοῦ
485 1990 673 2050 σνστασεως
698 1981 817 2059 αίτιος,
844 1967 945 2040 ονδέν
964 1978 1010 2050 είς
1028 1992 1117 2058 συμ-

146 2069 319 2159 πλήρωσιν
343 2073 400 2158 τῆς
426 2074 548 2139 ἑαυτοῦ
564 2069 721 2160 θεότητος
745 2071 835 2158 παρὰ
858 2100 917 2140 τον
906 2075 1013 2141 νίον
1032 2080 1117 2160 ίαμ-

146 2170 277 2259 βανων
306 2166 452 2260 ὁδε,“
429 2201 473 2252 ως
500 2176 531 2255 ἐξ
556 2179 664 2242 αίτίου
681 2170 932 2260 γεγονωςυιὸς,
959 2169 1156 2265 ὃεύτεροςεο

148 2302 188 2343 ον
178 2263 297 2345 ἐστιν
314 2272 387 2354 υίὸς
415 2276 638 2362 καθέστηκεν,
662 2299 752 2362 παρα
775 2279 832 2344 τοῦ
851 2270 973 2363 πατρὸς
997 2270 1113 2341 καὶ
1077 2302 1116 2342 το

47 2374 239 2458 ρεηείναι
257 2373 364 2445 καί
330 2405 366 2445 το
384 2373 569 2446 τοιόσδε
538 2403 624 2445 ειναι
650 2373 802 2463 είίηφιός.
847 2381 874 2444 7.
896 2377 951 2443 καί
975 2369 1116 2463 παίινη
1157 2400 1161 2405 ’

142 2479 203 2567 μὲν
228 2475 376 2566 αὐγη’
339 2505 379 2547 ου
405 2506 487 2546 κατα
510 2484 706 2565 προαίρεσιν
729 2480 791 2546 τοῦ
816 2467 926 2564 φωτὸς
945 2473 1115 2564 ἐκλαμπει,
1154 2498 1157 2502 ’

140 2577 224 2649 κατα
241 2607 273 2648 τι
292 2580 328 2647 55
351 2582 409 2665 της
434 2573 551 2657 οὐσίας
570 2576 780 2665 συμβεβηκὸς
806 2575 1011 2666 ἀχώριστον,
1037 2571 1113 2645 ὅδὲ

140 2679 213 2760 νίός
232 2676 315 2748 κατίι
333 2676 472 2765 γνώμην
494 2680 550 2747 καὶ
568 2687 765 2768 προαίρεσιν
791 2676 891 2747 είκοίν
908 2676 1035 2765 ὑπέστη
1053 2683 1113 2748 τοῦ
1125 2704 1153 2746 55

140 2777 276 2868 πατρός.
313 2782 494 2866 βουληθεὶς
518 2778 582 2870 γὰρ
599 2777 617 2848 ὁ
636 2777 716 2861 θεὸς
739 2781 879 2868 γέγονεν
896 2782 975 2849 νίού
992 2775 1114 2868 πατὴρ,

141 2883 198 2950 καὶ
216 2883 288 2969 φοός
308 2875 469 2970 δεύτερον
486 2878 568 2950 κατὰ
595 2880 704 2951 πάντα
724 2883 832 2972 ἑαυτῷ
850 2879 1116 2969 ἀφωμοιωμένον

141 2977 359 3072 ὑπεστήσατο.
385 2980 421 3052 78.
441 2979 626 3071 νἰγεννήτον
644 2985 824 3071 τοιγαροῦν
841 2985 896 3052 καὶ
911 2982 1024 3051 ιἰίδίον
1041 3006 1116 3064 φω-

142 3082 196 3166 τός
215 3083 310 3165 ὄντος
334 3081 425 3171 ἑνὸς,
451 3089 521 3163 πῶς
544 3077 588 3155 ἂν
610 3086 744 3172 γένοιτο
762 3081 842 3153 ἄλλο
861 3081 916 3154 οἷοί
933 3109 982 3161 τις
1001 3075 1115 3167 είκοέν,

119 3184 222 3275 ιούχὶ
241 3189 277 3257 δὲ
296 3188 351 3254 καὶ
376 3182 463 3274 αὐγὴ
481 3175 567 3255 οὖσα
589 3189 661 3275 φώς
687 3183 770 3256 κατίι
793 3183 902 3256 πάντα
919 3181 955 3253 τὸ
975 3180 1114 3272 ἐμφερὲς
1130 3209 1157 3249 ιο

213 3417 398 3477 GHQL&
