2326 3818
111 91 132 153 ς
524 86 671 138 εκέευιι

111 255 182 314 τητι
201 223 327 312 λόγων,
346 221 366 313 ἢ
385 224 593 311 κακοτέχνοις
611 220 752 306 ἀπάταις
770 229 1019 312 συλλογισμῶν,
1040 230 1077 295 ἓν

110 323 199 413 άπλῇ
225 326 262 394 δὲ
286 326 341 394 καὶ
359 323 561 418 ἀπανούργῳ
582 331 797 419 διδασκαλίᾳ,
822 316 860 415 ής
883 324 918 396 τό
937 325 1078 414 γνήσιον

110 428 166 498 καὶ
184 425 359 522 εἰλικρινὲς
376 432 434 515 τῆς
451 424 612 515 ἀληθείας
631 426 651 516 ἡ
670 432 737 498 τῶν
753 436 946 499 θεσπεσίων
963 426 1076 498 αὐτῶν

111 531 249 597 ἐκείνων
266 525 402 617 ἀνδρῶν
420 525 520 616 ἀρετή
532 555 567 598 τε
581 531 635 597 καὶ
651 536 841 616 θεογνωσία
860 535 1075 619 παρίστησιν;

112 633 158 697 10.
178 633 211 698 οἱ
228 633 310 718 γοῦν
334 629 375 698 τά
399 644 537 719 μακροίς
561 632 682 699 αἰῶσιν
705 626 847 716 ὕστερον
866 637 913 711 είς
931 635 1003 719 φῶς
1023 635 1102 700 ἐλ-ε

108 727 213 801 θόντα
233 730 412 819 πόρρωθεν
424 737 555 818 μυρίοις
573 727 710 800 ἀνωθεν
723 728 853 819 χρόνοις
867 726 928 799 οῦκ
943 728 1076 821 ἀνθρω-

65 858 94 907 (εγ
109 838 213 925 πίνῳ,
238 839 322 922 θείω
347 831 384 900 δὲ
408 830 571 919 πνεύματι
600 836 819 901 κατοπτεῦσαι
844 835 1076 920 δεδοκημένοι,

107 936 176 1012 πῶς
207 928 269 1000 οῦκ
299 929 383 1014 ἀξιοι
408 927 451 1001 ἀν
476 930 545 1002 εἶεν
569 935 624 1002 καὶ
648 934 723 1021 περὶ
749 921 797 1002 ῶν
821 931 896 1014 τοῦς
917 932 1075 1021 φοιτητὰς

107 1036 322 1114 ἐξεπαίδευον
341 1030 516 1122 δογμάτων
534 1033 770 1119 πιστεύεσθαι;
791 1024 828 1104 εῦ
845 1035 908 1123 μὶν
923 1025 985 1105 οῦν
998 1034 1074 1106 οἶδα

105 1132 251 1224 ἀκριβῶς
274 1131 324 1204 ότι
346 1133 524 1225 πρόχειρον
546 1131 649 1206 ἀπασι
675 1152 744 1217 τοῖς
773 1133 832 1205 τόν
856 1140 988 1225 σωτῆρα
1019 1139 1073 1206 καὶ
1089 1165 1113 1205 ιο

105 1232 223 1325 κῦριον
241 1234 336 1326 ἡμῶν
357 1232 488 1325 Ἰησοῦν
513 1231 557 1319 ῶς
574 1233 617 1306 ἀν
636 1235 737 1308 αῦτόν
760 1234 895 1325 ἀληθῶς
918 1235 998 1308 ὄντα
1015 1237 1075 1308 τὸν

105 1337 251 1426 Χριστόν
268 1343 328 1409 τοῦ
344 1345 429 1410 θεοῦ
443 1346 588 1429 γνησίως
606 1344 921 1429 παραδεδεγμένοις,
940 1343 1073 1429 πρῶτον

103 1441 165 1530 μὲν
189 1449 323 1512 πείθειν
347 1440 469 1524 αῦτοῦς
494 1448 607 1512 δοκεῖν
630 1438 680 1512 ότι
703 1438 748 1531 μή
772 1439 880 1522 άλλως
906 1448 953 1522 είς
971 1439 1074 1511 αὐτόν

104 1541 365 1613 πεπιστεύκασιν
390 1540 410 1630 ἢ
433 1560 505 1625 ταῖς
531 1546 608 1631 περὶ
626 1539 732 1613 αῦτοῦ
750 1561 970 1632 προφητικαῑς
988 1572 1073 1632 μαρ-

103 1651 233 1733 τυρίαις
251 1642 461 1723 ἀκολούθως·
491 1651 604 1713 ἔπειτα
618 1643 706 1714 τοῦτ’
725 1639 804 1714 αῦτό
819 1646 874 1713 καὶ
888 1649 1002 1733 πᾶσιν,
1021 1640 1071 1725 οἷς
1088 1671 1111 1712 ιε

103 1741 146 1815 ἀν
164 1756 211 1825 εἰς
236 1743 354 1834 λόγους
372 1753 623 1832 καταβαίνοιεν,
649 1742 916 1834 προβάλλεσθαι,
943 1743 988 1834 μή
1006 1743 1073 1835 μήν

103 1853 228 1939 ῥᾳδίως
257 1846 293 1917 τὸ
323 1845 512 1935 ἐπάγγελμα
538 1852 740 1916 πιστοῦσθαι
770 1862 841 1926 ταῖς
880 1844 1072 1930 ἀποδείξεσι

104 1948 282 2019 δύνασθαι,
331 1953 379 2016 11.
401 1945 484 2017 ὅθεν
502 1945 691 2036 ἀναγκαίως
711 1949 764 2019 ἐπὶ
782 1943 872 2019 τοῦτ’
893 1945 992 2029 αῦτὸς
1011 1975 1072 2018 πα-

102 2049 253 2140 ρελθών,
293 2047 357 2118 σῦν
387 2052 458 2142 θεῷ
489 2052 623 2143 βοηθῶ,
661 2047 743 2119 κατὰ
774 2047 814 2119 τά
844 2052 1072 2138 ἐπηγγελμένα

102 2150 163 2239 τὴν
200 2154 313 2237 ἐντελῆ
356 2149 463 2239 πάσης
502 2154 560 2237 τῆς
599 2148 826 2239 Εῦαγγελικής
859 2147 1111 2234 Ἀποδείξεωςεο

102 2259 331 2341 πραγματείαν
356 2255 389 2334 ἐξ
413 2249 524 2322 αὐτῶν
548 2256 685 2323 ἐκείνων
711 2256 779 2323 τῶν
805 2251 884 2342 παρ’
898 2247 1071 2342 ,Ἑβραίοις

101 2353 275 2444 θεολόγων
300 2352 579 2442 παραστήσασθαι
604 2352 810 2445 πειράσομαι.
849 2361 1071 2424 σπουδαιολο-

101 2474 207 2542 γείται
228 2458 268 2525 δέ
287 2486 342 2546 μοι
366 2455 386 2544 δη
416 2455 528 2545 γραφή
560 2453 639 2544 οῦχ,
659 2451 704 2535 ῶς
721 2454 764 2524 ἀν
787 2484 836 2535 τις
860 2462 964 2540 φαίη,
989 2451 1072 2520 κατὰ

90 2552 288 2643 Ἰουδαίων,
312 2555 437 2644 ἀπαγε,
462 2561 587 2626 πολλοῦ
614 2585 652 2642 γε
675 2557 730 2624 καὶ
756 2562 825 2640 δεῖ,
859 2551 941 2640 πρός
959 2549 1070 2622 αῦτῶν

101 2657 163 2744 μὲν
181 2646 260 2745 οῦν,
282 2664 312 2725 εί
329 2653 592 2744 εῦγνωμονοίεν,
611 2654 783 2744 τυγχάνει·
813 2661 988 2742 συνίστησι
1006 2653 1069 2744 γάρ
1084 2685 1109 2725 25

101 2758 142 2826 τά
171 2758 232 2846 μὲν
257 2761 468 2846 Χριστιανῶν
497 2757 552 2827 διά
582 2764 639 2846 τῆς
663 2753 831 2827 ἀνέκαθεν
856 2754 1070 2847 προρρήσεως

104 2862 359 2948 ἐπιμαρτυρίας,
385 2856 424 2927 τά
450 2857 482 2929 δ’
506 2862 644 2929 ἐκείνων
668 2856 723 2928 διά
741 2863 798 2947 της
822 2863 891 2928 τῶν
908 2854 988 2945 παρ’
1009 2856 1068 2928 αῦ-

101 2977 170 3042 τοίς
204 2963 416 3049 προφητειῶν
453 2957 751 3050 ἀποτελεσματικής
789 2959 1067 3052 συμπληρῶσεως.

105 3069 153 3134 12.
173 3060 329 3153 ἀρμόσειε
348 3057 383 3132 δ’
409 3058 450 3132 ἀν
475 3065 530 3132 καὶ
554 3065 671 3134 παισὶν
684 3057 867 3152 Ἑλλήνων,
894 3068 924 3131 εί
942 3059 1070 3150 εῦγνω-

101 3183 253 3253 μονοῖεν,
274 3162 329 3236 διά
346 3168 403 3253 τῆς
422 3163 613 3255 παραδόξου
625 3167 692 3234 τῶν
709 3161 900 3252 μελλόντων
916 3161 1066 3253 προγνῶ·
1082 3191 1108 3230 ω

102 3288 204 3354 σεως,
231 3271 287 3354 τῆς
311 3271 437 3337 τετῶν
460 3265 663 3357 πραγμάτων
687 3264 770 3336 κατά
795 3266 852 3348 τάς
870 3262 1069 3355 προρρήσεις

60 3401 87 3452 ω)
105 3366 280 3456 ἐκβάσεως,
299 3366 382 3458 ὁμοῦ
401 3369 463 3458 μὲν
480 3367 515 3440 τό
535 3375 656 3440 ἔνθεον
674 3370 729 3437 καὶ
747 3366 891 3451 ἀψευδὲς
908 3370 966 3454 τῆς
985 3360 1066 3435 καθ’
