2326 3818
112 122 171 183 122>
520 119 668 171 ντοεωι

79 267 178 332 miv
198 263 321 348 έθνων,
341 258 449 343 πάσας
472 257 684 351 πανταχόθεν
706 259 763 341 τάς
786 263 855 328 τῶν
882 254 1083 351 ἀνθρώπων

110 361 218 452 υνχάς
241 360 504 453 προνομεύοντες
529 363 585 431 καὶ
612 359 915 451 αίχμαλωτεύοντες
943 368 991 442 είς
1016 359 1083 452 τὴν

109 462 280 554 ὑποταγὴν
286 470 345 534 τοῦ
357 467 514 555 Χριστοῦ,
533 459 728 544 ἀκολούθως
740 465 787 556 τῷ
798 469 934 557 χρησμῷ
953 467 1000 556 τῷ
1014 462 1082 554 φή-

111 589 206 638 σαντι
227 562 310 636 “καλ
334 564 601 655 πετασθήσονται
627 568 664 635 έν
696 572 825 644 πλοίοις
860 562 1081 656 ἀλλοφύλων,

110 669 288 740 θάλασσαν
301 665 368 756 ἅμα
390 665 653 758 προνομεύοντες
677 668 732 736 καὶ
755 665 834 748 τούς
877 662 942 756 ἀφ’
979 662 1109 756 ἡλίουο

110 769 312 842 άνατολῶν.”

190 878 260 940 12ἷι.
297 873 364 941 Καὶ
387 868 426 939 τά
453 869 552 940 λοιπά
578 871 613 940 δέ
637 874 695 957 τῆς
719 876 922 960 προφητείας
947 868 1081 954 τούτοις

110 971 282 1061 ἀναλόγως
301 969 552 1059 έτιθεωρήσεις,
572 970 715 1061 ἑκάστην
738 974 827 1054 λέξιν
850 970 940 1062 παρά
965 978 1082 1066 σαυτῷ

111 1082 313 1163 βασανίσας,
337 1074 393 1142 καλ
411 1078 479 1143 πάν
495 1073 558 1161 μέν
575 1070 612 1144 τό
625 1070 813 1143 ἀσύστατον
840 1075 895 1142 καί
919 1071 1083 1145 ταπεινόν

113 1172 214 1264 αύτης
233 1174 527 1265 διακρουσάμενος,
545 1172 607 1264 την
626 1175 663 1245 δὲ
678 1173 830 1245 διάνοιαν
849 1180 909 1245 τού
927 1172 1082 1265 πνεύμα-
1095 1206 1122 1247 ιο

86 1307 182 1366 ετος,
208 1271 251 1359 άς
275 1271 318 1345 ἀν
341 1272 422 1347 αύτό
446 1299 498 1346 σοι
521 1276 557 1347 τὸ
578 1281 709 1365 πνεύμα
732 1283 791 1346 τοῦ
819 1283 905 1347 θεοῦ
933 1287 1083 1367 θεωρεῖν

112 1377 278 1469 ὑποβάλῃ,
297 1377 429 1468 νοήσας.
462 1373 544 1468 ἡμῖν
561 1376 660 1467 γάρὸ
686 1375 799 1467 καιρὸς
824 1373 886 1448 ούκ
911 1382 1083 1470 ἐπιτρέπει

110 1499 181 1564 τοῖς
195 1480 307 1563 τόποις
328 1484 381 1552 ἐπὶ
395 1484 497 1553 πλέον
516 1485 751 1570 ἐνδιατρίβειν,
771 1477 833 1568 την
856 1482 1084 1571 προκειμένην

111 1583 281 1655 ὑπόθεσιν
299 1581 456 1665 ἐξανύσαι
474 1585 770 1671 κατεπειγομένοις.

190 1691 260 1755 126.
289 1684 387 1753 “Kal
406 1687 598 1773 έντελοῦμαι
622 1690 663 1773 τῃ
688 1687 867 1773 οἰκουμένῃ
891 1678 952 1774 ὅλῃ
981 1681 1122 1774 nanim

112 1789 168 1855 καί
193 1802 261 1868 τοῖς
287 1783 423 1874 ἀσεβέσι
445 1784 503 1866 τὰς
527 1783 688 1876 ἁμαρτίας
713 1781 843 1871 αύτῶν,
874 1787 930 1854 καὶ
965 1782 1083 1857 ἀπολῶ

109 1885 213 1978 ύβριν
236 1886 388 1976 ἀνόμων,
419 1890 474 1956 καί
497 1884 598 1976 ὕβριν
623 1884 854 1975 ὑπερηφάνων
870 1885 1083 1975 ταπεινούσω,

111 1993 168 2059 καὶ
188 1997 319 2059 έσοντωι
342 1995 378 2058 οί
400 1992 731 2078 έγκαταλελειμμένοι
754 1996 880 2077 ἔντιμοι
905 1991 1034 2077 μᾶλλον
1058 1983 1083 2079 ἢ

113 2088 149 2161 τό
175 2098 316 2179 χρυσίον
339 2087 375 2159 τὸ
393 2086 545 2179 ἀπνρον,
566 2093 627 2185 καὶ1
641 2088 821 2179 ἀνθρωπος
840 2097 969 2180 ἔντιμος
988 2098 1082 2162 ἔσται

112 2195 239 2282 μάλλον
257 2186 277 2280 ἢ
295 2190 313 2260 ὁ
331 2197 428 2272 λίθος
445 2187 463 2262 ὁ
483 2195 519 2262 ἐκ
538 2191 718 2284 Σονφείρ.”
754 2199 823 2262 127.
844 2194 899 2263 καὶ
914 2195 989 2282 ἑξῆς
1008 2196 1079 2263 έπι·
1093 2222 1121 2265 ω

39 2366 42 2371 ,
80 2311 98 2350 ‘¹
114 2297 202 2382 λέγει
215 2291 234 2316 “
246 2296 301 2363 καὶ
319 2301 451 2364 ἔσονται
470 2301 505 2364 οί
526 2298 816 2385 καταλελειμμένοι
835 2293 879 2374 ὡς
900 2292 1082 2385 δορκάδων

111 2400 251 2487 φεύγου,
273 2398 327 2466 καὶ
347 2389 390 2478 ὑς
404 2395 574 2489 πρόβατον
587 2394 834 2486 πλανάμενον.”

192 2505 260 2569 128.
290 2502 354 2569 Καὶ
375 2498 430 2570 διά
447 2498 576 2570 τούτων
602 2499 639 2569 τὸ
664 2497 808 2568 σπάνιον
831 2503 899 2567 τῶν
923 2509 1082 2586 σωθησο-

112 2605 223 2690 μένων
244 2604 281 2669 ίν
300 2608 346 2692 τῷ
365 2604 470 2693 καιρῷ
493 2605 552 2688 τῆς
575 2604 643 2669 τῶν
673 2598 806 2687 ἀσεβῶν
830 2597 998 2681 ἀπωλείας
1022 2620 1081 2669 σα·

112 2704 260 2791 φέστατα
294 2695 312 2769 ὁ
353 2699 450 2787 λόγος
490 2708 709 2790 παρίστησιν,
754 2697 838 2773 ὥστε
879 2699 925 2790 μὴ
962 2698 1113 2791 ῃοέρανεο

113 2811 202 2891 ἔχειν
220 2800 382 2872 ὑπονοεῖν
405 2798 608 2896 ἀδιακρίτως
634 2799 760 2884 πάντας
778 2798 978 2886 ἁπαξαπλῶς
1002 2800 1134 2902 τοὺςχ

114 2909 150 2973 ἐκ
174 2909 353 2994 περιτομῆς
377 2905 434 2972 καλ
457 2908 525 2973 πάν
548 2903 585 2974 τὸ
604 2901 778 2975 Ἰουδαίων
804 2911 903 2988 ἔθνος
927 2911 995 2976 τάν
1021 2911 1082 2976 τοῦ

112 3007 199 3074 θεοὺ
215 3002 394 3088 τεύξεσθαι
408 3008 623 3095 ἐπαγγελιῶν.

56 3129 100 3180 1511
194 3111 263 3175 129.
287 3101 306 3128 “
316 3108 383 3177 Καὶ
405 3114 496 3178 ἔσται
523 3111 560 3178 έν
583 3115 624 3199 τῇ
656 3104 762 3201 ἡμέρᾳ
790 3112 902 3198 ἐκείνῃ
935 3114 1081 3190 ἔκλειψις

115 3210 210 3296 δόξης
224 3207 353 3300 Ἰακὼβ,
373 3212 428 3279 καὶ
446 3207 486 3279 τά
504 3217 604 3304 πίονα
621 3216 679 3299 τῆς
699 3208 795 3298 δόξης
813 3208 917 3282 αὐτοῦ
942 3206 1080 3298 σεισθή-
1094 3240 1120 3282 ³0

185 3443 216 3490 15
234 3442 281 3497 Es,
296 3445 335 3507 13,
351 3446 389 3492 ll.
494 3446 528 3494 29
540 3446 588 3494 Es.
603 3445 641 3505 17,
656 3445 681 3492 4.
