2326 3818
323 107 510 160 οΕΜοΝεΤ.
528 106 662 161 Ενιαο.
680 107 716 157 11.
736 110 760 158 ε.
974 105 1031 167 127

71 267 163 317 σκων
197 244 280 336 πρός
314 244 394 327 τοῦς
436 242 569 334 ἀσεβεῖς
605 240 625 270 “
634 245 936 334 καταλειφθήσεται
973 246 1036 338 γάρ
1056 284 1071 323 τι

69 346 107 419 τό
130 345 236 437 ὄνομα
258 342 356 436 ῦμῶν
380 353 427 428 εἰς
454 338 650 435 πλησμονὴν
672 362 741 429 τοῖς
770 350 934 430 ἐκλεκτοῖς
963 380 1041 439 μου,

69 445 156 539 ῦμοῖς
183 445 219 520 δ’
254 447 369 518 ἀνελεῖ
395 445 518 539 κῦριος.
560 465 628 530 τοῖς
654 448 692 518 δὲ
717 447 961 520 θουλεῦσουσίν
986 482 1042 542 μοι

69 548 273 641 κληθήσεται
285 546 390 638 ὄνομα
406 545 553 622 καινόν.”

43 682 57 722 5
153 650 196 722 Τό
224 648 266 741 δὴ
284 641 347 723 οὖν
372 649 477 743 ῦνομα
495 649 632 742 καινὸν,
657 648 675 722 ὃ
701 649 746 741 μὴ
765 649 856 742 παρά
880 670 949 732 τοῖς
974 680 1041 722 πα-

72 763 178 835 λαιοῖς
192 761 349 843 ἔγνωστο,
369 772 467 827 ποῑου
484 751 527 826 ἀν
547 767 599 843 εἴη
622 748 698 844 ἢτό
721 750 787 825 ἀπὸ
810 754 868 841 τῆς
891 758 952 824 τοῦ
974 775 1042 825 σω-

69 860 168 946 τῆρος
191 851 286 946 ἡμῶν
306 854 416 947 Ἰησοῦ
438 861 500 928 τοῦ
523 859 673 948 Χριστοῦ
696 863 933 947 προσωνυμίας
956 854 1038 927 καθ’

70 955 149 1048 ὅλης
162 962 220 1049 τῆς
238 960 436 1049 οἰκουμένης
451 957 675 1049 εῦλογημένον
689 963 902 1048 Χριστιανῶν
915 956 1039 1048 ῦνομα;

351 1126 390 1199 ν’.
416 1124 495 1199 'Aua
512 1124 749 1217 τοῦΜιχαίου.

32 1295 57 1334 ιο
150 1266 221 1331 145.
245 1260 264 1286 “
274 1265 342 1333 Καὶ
361 1270 453 1333 ἔσται
472 1265 508 1332 ἐκ
521 1266 579 1350 τῆς
597 1259 758 1350 σταγόνος
781 1269 841 1332 τοῦ
865 1272 947 1332 λαοῦ
965 1264 1040 1335 τοῦ·

70 1392 130 1434 του
154 1361 394 1452 συναγόμενος,
419 1361 667 1453 συναχθήσεται
695 1358 812 1451 Ἰακῦβ
836 1362 903 1433 σῦν
926 1372 1037 1435 πᾶσιν.

71 1462 286 1555 ἐκδεχόμενος
305 1466 477 1554 ἐκδέξομαι
495 1463 572 1547 τοῦς
582 1471 804 1545 καταλοίπους
818 1467 877 1534 τοῦ
891 1463 1037 1553 Ἰσραήλ·

71 1568 125 1637 ἐπὶ
143 1564 180 1636 τό
199 1563 281 1637 αῦτό
295 1564 445 1656 θήσομαι
462 1565 525 1656 την
541 1565 760 1657 ἀποστροφὴν
778 1563 922 1638 αῦτι”ν.”
1055 1613 1109 1667 [53]

148 1673 218 1739 146.
259 1666 461 1759 Συμφῦνως
496 1686 565 1751 τοῖς
605 1681 859 1760 προεκτεθεῐσιν
901 1673 937 1739 ἐκ
977 1675 1037 1740 τοῦ

31 1804 56 1844 ιε
64 1768 204 1842 Ἡσαΐου
235 1773 291 1841 καὶ
325 1769 344 1840 ὁ
380 1780 529 1862 Μιχαίας
556 1774 756 1856 ἐκδέξασθαι
781 1770 840 1842 τὸν
866 1769 950 1841 θεὸν
978 1768 1039 1862 οῦχ
1053 1815 1096 1865 (31)

69 1871 182 1956 ἁπλοῦς
208 1871 347 1961 πάντας,
368 1871 452 1943 ἀλλά
475 1872 598 1964 μόνους
615 1872 693 1957 τοῦς
718 1880 940 1954 καταλοίπους
963 1871 1037 1943 ὀνο·
1123 1895 1129 1909 ’

69 1972 169 2062 μάζει.
207 1972 320 2062 ὥσπερ
341 1976 378 2045 δὲ
396 1975 486 2064 παρὰ
504 1979 551 2070 τῷ
564 1974 684 2068 Ἡσαΐᾳ
703 1978 833 2065 σπέρμα
852 1971 1037 2065 ὠνομάζετο

69 2074 105 2144 τὸ
120 2079 153 2158 ἐξ
168 2072 280 2147 αῦτοὶν
297 2086 431 2167 λεῖμμα,
449 2075 556 2159 οὕτως
580 2082 636 2147 καὶ
660 2081 725 2148 νῦν
747 2074 893 2165 σταγόνα
917 2074 1037 2167 ῦνομά-
1152 2103 1154 2106 ’

70 2185 115 2260 ζει
133 2175 210 2258 τοῦς
230 2181 262 2260 ἐξ
286 2176 397 2248 αῦτῦυ
415 2181 684 2268 σωθησομένους.
729 2182 799 2247 147.
822 2185 980 2267 δηλοῦται
1000 2179 1038 2249 δὲ

31 2312 56 2351 20
70 2280 125 2346 καὶ
154 2277 210 2347 διὰ
233 2277 362 2348 τοῦτων
384 2274 402 2349 ὁ
426 2283 495 2348 των
523 2276 719 2350 ἀποστόλων
741 2280 854 2368 χορὸς,
888 2275 932 2360 τός
957 2303 1038 2350 στα-

69 2377 140 2467 γοόν
153 2408 202 2462 τις
220 2381 276 2448 καὶ
293 2384 424 2470 σπέρμα
442 2383 502 2450 τοῦ
512 2377 686 2450 Ἰουδαίων
713 2387 835 2462 ἔθνους
859 2382 1038 2468 γεγενημέ·

70 2510 138 2570 νος,
159 2484 190 2565 ἐξ
209 2471 248 2570 ἧς
260 2479 421 2570 σταγόνος
439 2479 562 2565 πάντες
580 2487 615 2552 οι’
629 2477 815 2570 καθ”ῦλης
837 2485 895 2571 τῆς
923 2489 1038 2552 οἰκου-

69 2586 171 2673 μένης
188 2583 248 2654 τὸν
265 2581 410 2675 Χριστόν
428 2583 651 2673 ἐπεγνωκότες
675 2589 734 2654 τοῦ
757 2590 860 2673 θεοῦ,
896 2586 952 2666 καὶ
976 2583 1041 2672 τὴν

72 2690 295 2757 διδασκαλίαν
312 2684 416 2757 αῦτοῦ
434 2688 737 2777 παραδεδεγμένοι,
762 2690 818 2775 της
837 2689 1037 2775 θεσπιζομέ-

31 2819 57 2859 ιτ
70 2815 130 2874 υης
155 2788 406 2877 ἐπισυναγωγῆς
419 2787 693 2878 κατηξιώθησαν,
717 2788 780 2878 τὴν
797 2785 862 2858 ἀπό
882 2794 949 2858 τῶν
976 2816 1038 2858 πο-

72 2893 197 2976 λεμίων
210 2886 378 2977 λῦτρωσιν
396 2887 583 2981 εῦράμενοι.
752 2970 755 2975 .

148 2992 217 3058 148.
239 2984 330 3059 “Kal
354 2989 398 3061 σύ
416 2991 571 3080 Βηθλεὲμ
595 2993 684 3072 οἰκος
702 2995 762 3062 τοῦ
777 2988 947 3081 Ἐφραθά,
966 2988 1068 3072 όλι-ῑ,

69 3089 186 3176 γοστὸς
206 3089 237 3160 εἰ
254 3094 291 3161 ἐν
308 3090 453 3182 χιλιάσιν
467 3089 585 3162 Ἰοῦθα.
623 3098 659 3163 ἐκ
677 3098 738 3164 σοῦ
756 3122 812 3182 μοι
831 3092 1036 3177 ἐξελεύσεται

69 3190 263 3282 ἡγούμενος,
282 3197 343 3265 τοῦ
360 3193 447 3265 εἶναι
459 3201 505 3276 εἰς
518 3191 664 3285 ἀρχοντα
675 3199 722 3288 τῷ
735 3193 877 3285 Ἰσραὴλ,
896 3198 951 3265 καὶ
966 3197 1039 3277 ἔξο-

140 3431 153 3477 1
173 3429 219 3478 Es.
233 3431 274 3491 65,
290 3432 329 3479 15.
436 3431 467 3480 10
479 3429 543 3482 Mic.
558 3431 581 3488 2,
596 3432 636 3484 11.
683 3429 717 3480 28
728 3429 798 3480 M‘m.
810 3431 880 3494 m.
