2326 3818
343 116 529 170 DEMONST.
547 117 681 169 EVANG.
699 117 733 166 X.
752 121 776 169 3.
968 118 1031 180 641

56 257 135 330 ἀντὶ
152 254 294 345 ἀγαθοῖν
312 257 368 326 καὶ
392 271 488 345 μῖσος
509 253 585 325 ἀντὶ
600 261 659 344 τὴς
677 251 876 343 ἀγαπήσεως
891 254 1029 345 αύτοῦ,”

57 356 115 430 ὅτε
139 355 270 448 πονηρὰ
295 359 499 428 διετέθειντυ
521 353 581 428 τόν
605 361 738 445 σωτῆρα
769 358 825 426 καὶ
854 355 1032 448 εὐεργέτην

59 463 116 532 καλ
141 457 363 549 διδάσκαλον,
388 466 510 551 μυρίας
534 455 614 540 όσας
638 457 742 540 ἰάσεις
766 459 822 528 καὶ
847 469 1032 550 θεραπείας

59 561 170 651 λόγων
187 590 223 632 τε
241 567 460 643 διδασκαλίας
478 563 535 631 καὶ
552 567 711 642 παντοίας
735 555 898 649 ὠφελείας
917 558 1061 642 αύτοίςι

33 665 321 754 επαρεσχημένον.
366 669 416 733 13.
441 660 522 733 ἀνθ’
550 653 598 733 τόν
616 656 820 752 “ἐπειδὴπερ
849 661 934 731 κακά
956 659 1032 732 ἀντὶ

58 761 200 854 ἀγαθῶν
219 772 337 835 ἔθεντο
356 759 430 834 κατ’
451 760 556 835 αύτοῦ
578 765 634 834 καὶ
651 779 747 853 μίσος
773 760 849 834 ἀντὶ
872 768 930 853 τὴς
948 759 1032 852 ἀγα-

60 864 192 956 πήσεως
206 861 340 954 αὐτοῦ,”
357 862 491 948 είκότως
507 868 650 955 ἐπιλέγει
660 863 891 955 κκατάστησον
906 861 960 935 ἐπ’
973 864 1032 935 αύ-

58 966 118 1040 τόν
135 963 344 1058 ἁμαρτωλὸν,
363 970 419 1039 καὶ
438 967 593 1056 διάβολος
611 965 718 1058 στήτω
733 972 769 1038 ἐκ
787 971 906 1052 δεξιῶν
920 964 1031 1038 αὐτού.

59 1075 97 1141 ἐν
115 1074 162 1163 τῷ
175 1077 351 1159 κρίνεσθαι
365 1068 468 1140 αὐτὸν
480 1073 608 1152 ἐξέλθοι
622 1075 958 1161 καταδεδικασμένος,
977 1073 1033 1140 καὶ

21 1167 81 1260 ιοὴ
99 1172 268 1262 προσευχὴ
286 1169 390 1240 αὐτοῦ
408 1168 585 1260 γενηθήτω
604 1178 651 1252 είς
671 1166 846 1260 ἁμαρτίαν.
884 1172 1034 1260 γενηθή-

59 1296 171 1344 τωσαν
195 1279 233 1343 αί
263 1268 384 1362 ὴμέραι
408 1268 514 1342 αύτού
541 1268 650 1359 ὀλίγαι
680 1273 737 1340 καὶ
759 1270 821 1359 τὴν
848 1274 1034 1361 ἐπισκοπὴν

59 1373 164 1445 αὐτοῦ
183 1375 311 1462 λαβέτω
329 1368 473 1463 έτερος.”
501 1377 548 1442 14.
563 1367 584 1440 δι’
602 1374 657 1442 καὶ
672 1368 757 1441 αὐτὰ
774 1368 895 1441 ὁποίαν
913 1383 1033 1461 είληφε

58 1476 120 1566 τὴν
151 1482 290 1562 ἔκβασιν
320 1474 338 1544 ὁ
364 1473 453 1561 ίερδς
484 1468 666 1554 ἀπόστολος
695 1475 823 1563 Πέτρος
853 1472 1033 1562 προλαβών

62 1574 284 1663 διεσάφησεν,
304 1571 357 1644 ἐπ’
378 1571 480 1645 αὐτὸν
497 1573 556 1644 τὸν
573 1573 743 1664 προδότην
762 1575 951 1663 ἐφαρμόσας
970 1573 1032 1661 τὴν

23 1672 204 1764 ιεγραφὴν.
247 1677 304 1744 καὶ
329 1677 382 1745 σοὶ
405 1677 441 1746 δέ
465 1673 555 1768 αὐτῷ
581 1673 720 1764 πάρεστι
745 1679 910 1764 συνορᾶν,
936 1682 967 1745 εί
988 1677 1033 1764 μὴ

59 1776 261 1846 καθίσταται
280 1780 335 1847 ἐπὶ
357 1775 394 1847 τὸ
410 1773 583 1848 Ἰουδαίων
608 1785 708 1857 ἔθνος
726 1773 838 1865 ἀρχων
858 1780 913 1846 καί
931 1775 1035 1866 ὴγού-

59 1906 158 1969 μενος
175 1872 380 1970 ἁμαρτωλὸς,
399 1870 522 1975 ᾦμετά
534 1876 574 1949 τᾶ
591 1879 800 1968 τολμηθέντα
818 1874 931 1958 αὐτοῖς
950 1878 1033 1947 κατὰ

59 1985 120 2052 τοῦ
147 1987 296 2073 σωτῆρος
320 1977 415 2072 ὴμῶν
439 1980 698 2074 παρεδόθησαν,
729 1979 805 2052 ἀντὶ
833 1985 901 2051 τῶν
931 1977 1034 2050 πάλαι

60 2089 196 2154 οίκείων
209 2087 264 2154 καὶ
278 2092 453 2173 θεοφιλῶν
466 2083 639 2176 ἀρχόντων
651 2080 853 2174 ἀλλοφύλοις
867 2086 922 2154 καὶ
939 2089 1032 2154 είδω-
1047 2113 1100 2163 μνη

22 2213 48 2252 νο
61 2183 236 2274 λολάτραις
255 2185 430 2256 δουλεύειν
448 2189 765 2272 κατηναγκασμένοι.
792 2192 840 2256 15.
861 2195 910 2266 τίς
924 2184 955 2254 δ’
973 2186 1035 2256 οὐκ
1113 2256 1115 2266 ,

62 2280 106 2356 ἀν
125 2282 377 2376 θαυμάσειετὴς
391 2282 886 2375 προρρὴσεωςτόἀποτέλεσμα;
906 2283 1034 2371 φήσαν-

61 2416 116 2470 τος
140 2385 204 2478 γάρ
229 2391 288 2458 τοῦ
312 2385 414 2474 λόγου
434 2380 700 2475 “γενηθὴτωσαν
726 2392 763 2453 αἱ
785 2383 902 2474 ὴμέραι
928 2383 1033 2455 αὐτού

61 2485 194 2577 όλίγαι”
216 2490 331 2580 σαφές
347 2485 436 2569 ὅπως
449 2484 575 2576 βραχύς
587 2485 605 2556 ὁ
619 2490 683 2567 πᾶς
698 2489 864 2573 διεγένετο
876 2485 958 2573 μετὰ
972 2485 1034 2573 τὴν

61 2589 144 2660 κατὰ
153 2593 214 2660 τού
223 2595 370 2680 σωτὴρος
383 2588 478 2679 ὴμιόν
493 2579 676 2677 ἐπιβουλὴν
688 2584 800 2657 αύτων
813 2585 942 2678 χρόνος,
952 2587 1029 2658 καθ’

22 2718 48 2758 ιε
61 2686 101 2761 όν
119 2696 238 2774 ἔδοξαν
257 2697 439 2782 διαμένειν,
457 2688 536 2782 μεθ’
557 2689 597 2762 ὃν
615 2689 676 2780 τὴν
685 2685 832 2779 ύστάτην
849 2685 1034 2779 ὑπέμειναν

60 2799 259 2880 πολιορκίαν
281 2799 338 2865 καλ
362 2794 424 2881 τὴν
447 2797 596 2882 παντελῆ
619 2800 835 2882 καθαίρεσιν,
865 2789 916 2882 ἐφ’
939 2783 1034 2883 ὴκαὶ

59 2885 121 2977 τὴν
139 2890 325 2981 ἐπισκοπὴν
350 2891 463 2963 αὐτῶν
487 2901 609 2981 ἐλαβεν
627 2897 752 2981 ἕτερος,
777 2890 794 2963 ὁ
816 2892 870 2963 διά
888 2902 1034 2981 Χριστοῦ

62 2993 304 3083 συγκροτηθελς
321 2991 409 3074 λαός.
449 2999 498 3062 16.
518 2997 574 3063 καὶ
591 2990 631 3063 τόι
648 2991 748 3064 λοιπὰ
766 2995 804 3064 δέ
822 3001 881 3064 τοῦ
893 3001 1034 3084 Ψαλμοῦ

63 3089 175 3176 αύτοῑς
197 3090 325 3174 τούτοις
349 3091 561 3182 καταλλὴλως
586 3093 735 3183 νοὴσεις·
769 3094 809 3165 τά
834 3097 869 3165 δέ
896 3099 969 3186 έξὴς
989 3094 1060 3175 ὡςι)

26 3225 51 3266 ιο
65 3203 146 3287 περί
167 3225 268 3266 τινων
286 3201 371 3266 υίῶν
394 3200 454 3266 τοῦ
469 3191 577 3266 Ἰούδα
602 3194 766 3285 λεγόμενα
792 3201 828 3266 ἐν
851 3200 896 3288 τῷ
910 3194 1034 3284 ’γενη-

63 3298 225 3388 θὴτωσαν
248 3304 283 3368 οί
303 3301 371 3369 υίοὶ
390 3293 495 3368 αὐτοῦ
519 3293 698 3390 όρφανοί,”
718 3301 773 3366 καὶ
799 3297 839 3368 τά
857 3297 1035 3388 παραπλή-

64 3420 137 3488 σια,
162 3396 311 3489 ἀνάγοιτ’
337 3396 381 3472 ἀν
406 3402 462 3471 καὶ
486 3397 538 3470 ἐπ’
566 3396 669 3471 αὐτὸν
691 3400 753 3490 μέν
776 3403 1035 3491 προηγουμένως

114 3530 252 3567 meamus
271 3534 315 3567 111.
828 3513 874 3576 41·
