2326 3818
351 153 690 207 DEMONST.·EVANG.
709 153 757 202 IX.
776 155 801 206 6.
988 151 1047 214 581

66 319 68 323 ’
155 301 184 365 3.
204 297 272 365 Καὶ
289 301 396 364 ταῦτα
414 291 469 363 διά
488 296 557 362 τῶν
574 296 635 362 τοῦ
646 295 794 379 σωτήρος
806 287 903 380 ήμῶν
922 320 1049 380 προφα-

79 401 145 479 νοῦς
168 394 368 485 παραδόξων
392 402 499 484 ἔργων
528 397 710 482 ἐπληροῦτο
735 391 816 481 μετά
840 391 877 462 τὸ
890 391 1050 463 Ἰωάννου

79 498 241 587 κήρυγμα.
277 496 339 584 ὅρα
356 499 536 584 τοιγαροῦν
552 492 643 575 ὅπως
660 492 722 582 τήν
737 500 860 583 ἔρημον
878 490 1049 581 εὐαγγελί-

80 610 184 686 ζεται,
202 598 264 725 οῦη
282 597 412 685 ἁπλοῖς,
435 598 517 719 0555
534 595 596 718 τήη
612 599 797 685 τυχοῦσαν,
822 590 897 662 ἀλλ’
918 598 1052 682 ἐκείνην

54 698 321 820 εάφωρισμένως
345 701 401 768 καὶ
422 696 531 820 μόνηη
553 697 616 819 τήη
639 695 729 786 παρά
752 702 798 789 τῷ
818 694 970 821 Ἰορθάνη
989 724 1050 764 πο-

79 806 180 896 ταμῷ.
206 807 236 872 4.
249 799 429 888 ἐπειδήπερ
444 798 534 891 παρά
547 797 650 890 ταῦτη
666 796 880 889 διατρίβωνὸ
895 795 1051 884 Ἰωάννης

80 902 271 993 ἐβάπτιζεν,
296 897 341 983 ὦς
348 899 384 1071 ἐή
409 899 521 990 γραφή
545 918 710 992 μαρτυρεῖ
732 898 903 987 λεγουσα
907 895 1052 986 ἐγένετο

54 1003 231 1092 Ἰωάννης
246 1006 334 1094 ἐντη
348 1000 458 1096 ἐρήμω
472 1010 651 1091 βαπτίζων,
670 1005 726 1072 καὶ
742 1000 953 1093 ἐξεπορεύετο
971 1001 1052 1089 πρὸς

81 1106 184 1178 αὐτὸν
207 1108 297 1175 πάσα
321 1099 342 1191 5
357 1099 503 1174 Ἰουδαία
525 1133 636 1193 χωρα,
661 1107 777 1173 καὶί
741 1132 759 1171 ο
796 1100 1053 1227 Ἱεροσολυμῖται

42 1241 67 1280 ιο
81 1233 219 1294 παντες,
239 1209 295 1276 καὶ
314 1208 449 1293 ἐβαπτίζ
448 1233 525 1275 οντο
542 1201 602 1274 ὑπ’
624 1203 730 1276 αὐτοῦ
749 1208 785 1274 ἐν
803 1235 849 1275 τω
838 1201 1051 1295 Ἰορδάνη.”

80 1314 109 1377 5
128 1307 191 1396 τήν
208 1297 335 1395 μὲν
295 1334 358 1377 ουν
382 1311 562 1395 ἔρημον
522 1336 581 1394 της
599 1305 702 1376 πάλαι
728 1304 865 1377 πάντων
883 1311 951 1376 νῦν
970 1306 1053 1376 κατά

80 1408 164 1479 θεὸν
181 1405 323 1498 άγαθῶν
341 1405 482 1497 ἐρήμου,
501 1411 587 1496 λέγω
610 1407 710 1497 55
668 1437 726 1495 της
745 1411 778 1489 ἐξ
803 1412 915 1477 ἐθνῶν
935 1411 1049 1529 ε’κκλη
1066 1437 1119 1488 μω)

81 1518 175 1597 σίας,
201 1508 372 1599 σάμβολον
394 1513 560 1600 περιέχειν
579 1508 740 1629 ἡγοῦμαι,
765 1508 823 1578 τὸν
848 1509 886 1577 δε
905 1507 1053 1597 ποταμὸν

80 1610 138 1682 τὸν
157 1613 268 1681 ἐπὶ
230 1641 288 1700 της
302 1609 426 1734 ἐρήμου
439 1619 647 1700 καθαίροντα
660 1610 787 1691 πάντας
798 1608 876 1690 τοῦς
890 1606 1053 1679 άπολουο

43 1743 67 1783 15
80 1715 201 1802 μένους
220 1718 258 1783 ἐν
276 1709 368 1783 αὐτοῦ
385 1719 574 1801 καθαρσίου
590 1709 681 1792 τινὰς
700 1712 786 1781 ειναι
796 1739 879 1780 κατα
899 1709 1052 1782 διάνοιαν

81 1819 333 1941 θεωρουμένου
340 1813 464 1902 εἰκόνα,
483 1817 559 1903 περὶ
577 1842 618 1883 ου
607 1804 854 1883 διαλαλοῦσιν
873 1843 906 1881 αι
900 1816 1051 1901 ’γραφαὶ
1150 1880 1153 1885 .

81 1914 270 2004 λέγουσαι“
274 1923 334 1987 τοῦ
351 1921 501 2004 ποταμοῦ
517 1914 558 1986 τά
570 1915 743 2008 ὁρμήματά
756 1910 977 2042 εῦφραίνονσι
991 1912 1052 2000 τήν

82 2017 181 2090 πόλιν
205 2023 265 2089 τοῦ
288 2015 406 2086 θεοῦ.”
447 2025 476 2087 6.
496 2026 650 2108 σημαίνει
674 2020 711 2089 δε
728 2021 825 2088 τοῦτο
851 2014 913 2106 τήν
930 2013 1052 2085 ἀέναον

82 2117 243 2206 ἐπιρροήν
265 2122 325 2186 τοῦ
348 2126 448 2188 θείου
472 2119 660 2208 πνεύματος
686 2119 823 2191 άνωθεν
852 2117 1054 2207 πηγάζοντος

43 2243 68 2283 νο
81 2219 138 2286 καὶ
155 2216 217 2304 τήν
235 2221 294 2286 τοῦ
312 2222 399 2286 θεοῦ
416 2216 515 2289 πόλιν
532 2217 709 2308 άρὸοντος,
734 2220 822 2290 οὕτω
847 2223 1054 2308 καλουμένης

81 2322 139 2404 τῆς
165 2316 247 2387 κατά
271 2315 356 2387 θεὸν
380 2327 557 2400 πολιτείας.
601 2312 696 2403 οὗτος
723 2321 765 2410 55
784 2313 882 2392 0555
910 2320 1054 2410 ποταμὸς

80 2421 141 2488 τοῦ
158 2422 242 2489 θεοῦ
261 2421 430 2510 καὶμέχρι
447 2425 505 2509 τῆς
524 2419 648 2510 ἐρήμου
661 2421 903 2510 κατελήλυθεν,
924 2422 1053 2511 δηλαδή
1068 2452 1081 2490 ε

80 2525 139 2609 τής
166 2525 198 2604 ἐξ
226 2523 343 2598 ἐθνῶν
367 2525 559 2611 ἐκκλησίας,
592 2525 648 2592 καὶ
674 2521 779 2611 ταάτη
806 2527 873 2593 των
901 2528 937 2595 ἐν
964 2521 1055 2615 αὐτῷ

82 2629 229 2706 ξωτικῶν
254 2621 413 2722 ναμάτων
432 2626 532 2695 εἰσέτι
550 2629 616 2696 νῦν
634 2630 833 2715 ἐπιχορηγεῑ.
875 2623 957 2714 πρὸς
976 2624 1055 2694 κου’-

43 2751 68 2792 25
82 2753 151 2806 τοις
178 2724 198 2814 5
226 2735 411 2815 προφητεία
437 2733 477 2816 τῇ
498 2733 690 2820 δηλωθείση
715 2725 824 2850 ἐρήμω
844 2726 1058 2849 ηλοθήσεσθαί

81 2847 165 2944 φησι
182 2825 244 2914 τήν
263 2825 364 2922 θάξαν
381 2857 442 2898 του
430 2830 612 2916 Λιβάνου
629 2827 740 2899 καὶ
703 2860 765 2918 την
782 2828 881 2918 τιμήν
898 2833 1053 2916 τοῦΚαρ·

81 2922 197 3015 μήλου.
237 2932 264 2994 7.
284 2925 391 3007 τίςδ’
412 2935 502 2998 ἔστιν
520 2958 540 3018 η
529 2925 640 3013 ‘5555
663 2958 723 2999 του
709 2928 893 3015 Λιβάνου
917 2925 1051 3018 ήήδιά
1066 2957 1120 3010 μοι

82 3030 215 3099 θνσιων
242 3026 324 3096 κατά
348 3025 407 3098 τὸν
430 3033 583 3112 Μωσέως
607 3029 711 3120 νόμον
735 3034 971 3119 ἐπιτελουμένη
995 3040 1051 3096 λα-

82 3127 239 3221 τρεία,
219 3124 261 3218 ην
284 3127 572 3218 παραιτησάμενος
594 3127 612 3201 5
635 3131 715 3214 θεὸς
741 3132 872 3220 θεατής
891 3127 1052 3215 λεγούσης

44 3257 70 3297 ει
83 3237 286 3321 προφητείας
300 3225 416 3302 “cvm
429 3260 485 3321 μοι
503 3239 644 3321 λίβανον
657 3238 694 3304 ἐκ
708 3232 807 3320 Σαβά
820 3226 976 3321 φέρετε;”
996 3232 1052 3299 καὶ

152 3469 184 3516 17
202 3468 248 3518 Ρε.
260 3467 302 3526 46,
315 3468 341 3514 4.
375 3445 376 3449 ’
445 3467 477 3518 30
495 3465 553 3516 σεε.
567 3467 592 3529 ο,
605 3469 646 3518 το.
