2326 3818
306 130 756 184 υεαοαευ.ευιωο.ια.ω
970 130 1031 193 199

61 268 123 358 τὴν
146 275 356 359 παρουσίαν,
387 265 484 348 άλλος
513 266 660 339 ἀλλοθεν
685 266 764 357 ἐβόα
785 265 865 356 “ἒα,
891 279 926 339 τί
950 268 1059 358 ἡμίνο

62 374 118 440 καὶ
136 373 204 458 σοὶ,
220 369 345 458 Ἰησοῦ,
365 371 420 438 ολδ
438 373 496 439 τοῦ
515 376 617 454 θεούς
637 361 739 459 ἦλθες
758 369 821 460 πρὸ
835 377 953 459 καιροῦ
972 380 1030 459 βα-

62 479 196 541 σανίσαι
219 467 343 560 ἡμᾶς;”
363 467 448 561 ἀνὴρ
468 468 499 540 δ’
520 466 605 552 ῦλως
624 479 759 562 γοητείᾳ
781 475 955 562 προσέχων
973 473 1031 542 τὸν

62 581 163 662 νοῦν,
191 575 246 642 καί
273 571 406 655 πάντως
432 575 472 659 γέ
492 598 559 643 πον
582 570 816 662 ἀπειρημένοις
839 572 1031 663 πράγμασιν

34 704 48 744 ε
64 679 239 764 ἐγχειρῶν,
258 665 314 764 ἀρ’
334 672 395 745 οῦκ
412 668 455 743 ἀν
474 685 525 761 είη
545 680 643 763 δῆλος
661 669 794 755 ἀνόσιος
813 669 861 745 οῦν
878 671 937 743 τὸν
955 673 1031 764 τρό-

62 802 145 871 πον,Ι
171 779 227 844 καὶ
252 775 369 866 μιαρὸς
396 778 451 844 καὶ
478 773 612 865 αίσχρὸς
639 778 694 845 καὶ
717 772 819 856 ἀθεος
842 778 898 844 καὶ
916 773 1030 855 άδικος

62 881 117 947 καὶ
134 873 280 965 ’ἀσεβής;
308 882 455 957 τοιοῦτος
485 876 523 946 δὲ
547 870 596 947 ἀν
618 875 727 946 πόθεν
750 871 771 964 ἢ
795 883 865 958 πῶς
888 875 928 945 τά
954 880 1029 966 περὶ

63 975 235 1067 εὐσεβείας
254 977 420 1062 διδάξειεν
438 975 480 1047 άν
498 980 647 1067 ἑτέρους,
666 973 687 1065 ἢ
705 977 745 1047 τά
763 981 840 1068 περὶ
854 977 1030 1069 σωφροσύ-

60 1110 138 1168 νης,
157 1075 178 1167 ἢ
196 1079 236 1149 τά
254 1084 331 1170 περὶ
353 1083 438 1150 θεοῦ
455 1077 628 1167 γνώσεως,
652 1075 673 1166 ἢ
691 1078 731 1148 τά
748 1082 825 1167 περὶ
853 1087 1059 1168 δικαιωτη-ε

22 1211 48 1250 ιο
63 1189 138 1268 ρίου
156 1184 212 1250 καὶ
229 1189 370 1271 κρίσεως
387 1187 446 1249 τοῦ
465 1182 519 1249 ἐπὶ
538 1177 673 1250 πάντων
690 1187 791 1266 θεοῦ;
811 1178 885 1270 ούχί
902 1180 1031 1251 τούτων

60 1277 220 1351 ἁπάντων
237 1279 277 1351 τά
296 1286 431 1351 ἐναντία
449 1280 645 1370 πρεσβεύει,
670 1277 842 1351 ἀκόλουθα
865 1287 905 1370 τῇ
925 1282 1028 1353 αὐτοῦ

61 1389 230 1474 μοχθηρίᾳ
261 1381 431 1472 πράττων,
472 1384 529 1451 καὶ
556 1377 639 1452 θεὸν
669 1383 731 1471 μὲν
762 1378 941 1471 ἀρνήσεται
974 1386 1030 1451 καὶ

61 1486 146 1552 θεοῦ
178 1481 341 1573 πρόνοιαν
364 1486 421 1552 καὶ
447 1488 531 1553 θεοῦ
556 1491 686 1571 κρίσιν,
715 1481 869 1573 χλευάσει
893 1485 930 1552 δδ
953 1483 1030 1564 τοῦς

62 1587 139 1670 περὶ
156 1581 275 1673 ἀρετῆς
293 1587 349 1654 καὶ
367 1583 444 1666 τοῦς
463 1588 540 1672 περὶ
558 1589 666 1672 ψυχῆς
685 1580 874 1665 ἀθανασίας
893 1583 1029 1672 λόγοος;

22 1714 48 1754 15
62 1691 112 1755 38.
133 1693 164 1755 εί
180 1686 242 1774 μὲν
261 1683 302 1773 δη
321 1683 456 1769 τοιαῦτά
473 1715 548 1755 τινα
565 1675 607 1773 ἦν
620 1691 707 1755 ίδεῖν
721 1690 776 1755 καὶ
794 1688 870 1775 περὶ
889 1684 946 1756 τόν
964 1708 1028 1755 σω-

60 1791 143 1876 τῆρα
167 1791 224 1856 καί
246 1785 364 1874 κύριον
386 1783 500 1876 ἡμῶν,
525 1783 628 1857 οῦδὲ-ν
650 1783 693 1857 άυ
715 1777 758 1876 ἦν
783 1795 904 1857 εἰπεῖν·
940 1796 973 1862 εί,
995 1795 1012 1855 δ

61 1885 119 1977 ἐφ’
140 1887 266 1982 ἑκάστω
285 1887 453 1978 πράγματι
466 1891 522 1958 καὶ
536 1886 623 1980 λόγῳ
641 1886 700 1959 τὸν
717 1886 852 1958 πάντων
872 1895 1028 1977 δημιουρ·
1044 1917 1058 1956 ο

59 1989 121 2077 γὸν
145 1993 271 2079 πατέρα
294 1987 377 2059 θεδν
400 1987 669 2079 ἀνακαλούμενος
693 1986 949 2077 ἀποδείκνυται,
974 1993 1030 2059 καὶ

60 2087 136 2169 τούς
154 2087 311 2178 φοιτητάς
329 2089 499 2171 τοιούτους
519 2092 606 2161 εἶναι
624 2090 899 2179 παρασκευάζων,
925 2093 981 2160 καὶ
1001 2098 1032 2160 εί

19 2219 48 2259 εο
62 2187 209 2279 σοι’φρων
228 2188 326 2270 αὐτὸς
344 2194 399 2260 καὶ
416 2190 604 2280 σωφρόνων
614 2190 723 2278 λόγων
738 2191 954 2279 διδάσκαλος,
974 2196 1029 2261 καὶ

62 2298 92 2360 εί
116 2288 252 2378 ποιητὴς
276 2294 331 2360 καὶ
354 2296 459 2381 κῆρυξ
478 2289 691 2380 δικαιοσύνης
715 2296 770 2362 καί
794 2296 955 2381 ἀληθείας
973 2295 1030 2362 καὶ

61 2399 319 2481 φιλανθρωπίας
352 2394 407 2460 καὶ
433 2388 551 2481 ἀρετῆς
584 2391 713 2478 ἀπάσης
745 2395 801 2462 καὶ
832 2401 1029 2480 θεοσεβείας

63 2491 238 2581 εἰσηγητὴς
265 2497 325 2562 τοῦ
350 2497 582 2582 παμβασιλέως
609 2496 710 2580 θεοῦ,
739 2496 808 2572 ποῦς
831 2489 893 2581 ούχ
917 2497 1029 2563 ἕπεται

59 2591 188 2675 τούτοις
206 2593 242 2663 τὸ
260 2595 366 2682 μηδὲν
390 2594 452 2684 μὲν
470 2591 627 2683 ἡγεῖσθαι
646 2593 728 2664 κατά
752 2601 908 2682 γοητείαν
926 2591 1030 2665 αὐτὸν

19 2699 128 2764 εετοῦν
145 2695 345 2782 παραδόξων
368 2697 602 2784 πεποιηκέναι,
627 2693 768 2785 δυνάμει
794 2693 825 2764 δ’
853 2691 1028 2789 ἀπορρήτῳ

61 2798 116 2863 καὶ
136 2792 179 2876 ως
193 2793 329 2883 ἀληθοῦς
344 2801 451 2891 ἐνθέρι
466 2807 722 2887 συνομολογεῑν;
742 2801 792 2866 39.
813 2793 887 2866 ἀλλ’
909 2805 956 2877 είς
973 2827 1029 2866 το-

61 2898 181 2964 σοῦτον
200 2895 351 2978 ἐλαύνεις
374 2894 535 2985 ἀπηνείας
560 2894 603 2978 ῦς
621 2896 665 2986 μὴ
690 2907 858 2986 λογισμοίς
876 2898 1028 2987 σώφροσι

61 2995 170 3083 λόγων
192 3023 228 3065 τε
251 2995 436 3090 ἀκολουθία
454 3003 631 3089 προσέχειν
648 2996 707 3068 τόν
729 3004 831 3087 νοῦν,
856 3000 941 3087 μηδὲ
958 3010 1028 3068 πεί-

59 3109 187 3168 θεσθαι
210 3115 278 3179 τοῖς
303 3098 406 3169 είκόσι
430 3109 634 3189 τεκμηρίοις,
664 3094 821 3170 ῦπονοοῦν
850 3099 932 3188 τάχα
963 3127 1028 3169 που

19 3199 138 3279 οοτούς
162 3203 319 3286 λέγοντας
341 3196 435 3290 ἡμᾶς.
485 3199 569 3271 ἀλλά
593 3199 636 3272 σύ
660 3229 698 3289 γε
723 3197 787 3271 κάν
812 3205 880 3271 τῦν
902 3204 1030 3270 σαυτοῦ

129 3433 354 3498 ιωωοω
