2326 3818
339 135 522 187 υτωοαεσ.
542 136 675 188 ωταωο.
694 137 742 188 lx,
761 138 785 185 ο.
799 139 823 187 τ.
999 133 1061 198 583

94 281 214 367 κυρίῳ,
232 268 443 364 όιντιληπτωρ
460 302 525 362 μου
543 273 574 342 εί
589 276 645 343 καὶ
659 274 836 365 καταφυγή
848 304 932 364 μου,
951 270 968 344 ό
982 274 1062 355 θεός

93 404 159 466 μου
177 372 302 464 βοηθός
320 403 396 464 μου,
415 378 471 445 καὶ
484 378 587 446 έλτιιω
600 370 653 445 ἐπ’
672 371 794 464 αῦτόν,
813 373 863 446 ὅτι
885 373 984 458 αὐτὸς
1002 375 1063 467 ῥῦ-

94 484 191 549 σεταί
205 505 246 566 με
265 481 301 547 ἐκ
319 482 458 565 παγίδος
476 482 654 567 θηρεντῦν
677 480 733 546 καί
757 475 822 548 ἀπὸ
840 475 942 566 λόγου
960 508 1060 565 ταρα-

94 577 232 670 χώδους.
270 583 307 649 ἐν
332 593 401 659 τοῖς
424 581 642 668 μεταφρένοις
666 575 771 649 αῦτοῦ
795 577 978 649 ἐπισκιάσει
997 583 1091 666 σοὶ,ο

68 683 151 756 εκαί
167 676 234 751 ῦπό
251 678 309 760 τὰς
327 683 492 770 πτέρυγας
506 676 609 751 αῦτοῦ
621 682 752 762 ίλιιιεῖς.
776 686 806 749 2.
825 676 917 772 ὅπλῳ
935 680 1062 749 κυκλω-

95 805 147 852 σει
173 804 211 852 σε
233 777 254 870 ἡ
278 779 421 868 ἀλήθεια
445 779 567 870 αὐτοῦ,
594 779 635 851 οῦ
658 780 840 872 φοβηθηση
863 778 928 852 ῦπό
952 779 1062 868 φόβου

94 887 309 973 νυκτερινοῦ,
327 877 393 952 όιτό
410 885 529 970 βέλους
543 886 727 972 πετομένου
745 878 879 974 ἡμέρας,
898 879 962 952 ἀπὸ
981 880 1063 969 πρό-

93 1012 216 1073 γματος
235 987 520 1074 διαπορευομένου
539 988 576 1054 έν
593 982 720 1072 σκότει,
739 983 805 1057 ιἰπῦ
823 982 1063 1075 συμπτώματος

94 1089 150 1155 καὶ
169 1092 345 1174 δαιμονίου
362 1089 599 1176 μεσημβρινοῦ,
636 1101 785 1156 πεσεῖται
804 1090 840 1156 έκ
854 1094 915 1157 τοῦ
933 1093 1064 1166 κλίτονς

56 1219 82 1258 ιο
95 1208 157 1256 σου
175 1183 293 1274 χιλιὰς,
311 1187 367 1255 καί
384 1185 505 1275 μυριὰς
519 1189 555 1256 ἐκ
570 1190 688 1269 δεξιων
701 1208 775 1274 σου,
794 1186 876 1275 πρός
895 1188 932 1258 σέ
952 1189 988 1257 δὲ
1001 1185 1064 1257 οῦκ

95 1291 206 1376 ἐγγιεί.
247 1285 336 1376 πλὴν
359 1303 428 1368 τοῖς
451 1285 639 1376 ὀφθαλμοῖς
662 1309 723 1357 σου
746 1287 980 1377 κατανοήσεις,
1008 1292 1064 1357 καὶ

95 1385 322 1460 ἀνταπόδοσιν
333 1383 540 1478 ἁμαρτωλῶν
551 1386 636 1472 ὄψει.
673 1386 723 1458 ότι
737 1387 791 1477 σῦ,
810 1387 917 1478 κύριε,
935 1387 955 1475 ἡ
972 1392 1088 1469 ἐλπίςε

95 1516 177 1579 μου,
202 1486 263 1560 τόν
284 1485 428 1572 ὕψιστον
451 1498 535 1560 έθου
557 1488 755 1579 καταφυγήν
773 1512 845 1560 σου.
883 1486 923 1560 οῦ
940 1512 1063 1578 προσε-

96 1589 247 1662 λεῦσεται
273 1589 355 1679 πρός
377 1592 420 1682 ’σέ
446 1591 547 1680 κακοὶ,
574 1593 631 1661 καί
656 1590 773 1679 μάστιξ
801 1589 864 1662 οῦκ
891 1595 997 1679 έγγιεῖ
1016 1597 1062 1683 τῷ

57 1723 82 1762 ιι
96 1692 289 1782 σκηνωματί
299 1687 370 1763 σου.
402 1697 431 1762 3.
448 1688 501 1761 ότι
518 1707 587 1774 τοῖς
600 1687 751 1781 ἀγγέλοις
765 1691 870 1763 αὑτοῦ
885 1696 1063 1762 ἐντελεῖται

95 1798 173 1883 περὶ
199 1801 278 1880 σοῦ,
304 1796 365 1864 τοῦ
390 1791 592 1882 διαφυλάξαι
619 1815 658 1865 σε
682 1797 719 1864 έν
742 1791 863 1877 πόσαις
880 1811 953 1874 ταῖς
971 1793 1063 1873 ὁδοῖς

95 1917 166 1966 σου.
204 1899 258 1966 ἐπὶ
276 1901 397 1984 χειρῶν
413 1891 534 1985 όροῦσί
547 1919 601 1984 σε,
619 1893 754 1985 μήποτε
771 1893 964 1993 προσκόψῃς
981 1892 1064 1982 πρός

95 2005 196 2067 λίθον
211 1996 271 2067 τὸν
288 1995 375 2066 πόδα
393 2018 465 2068 σου.
503 2000 557 2068 ἐπὶ
574 1996 702 2068 αἰσπίδα
715 2000 771 2068 καί
784 2005 981 2085 βασιλίσκον
995 1999 1063 2065 έπι-

94 2094 201 2184 βήση,
219 2099 275 2165 καὶ
293 2097 534 2186 καταπατησεις
551 2101 669 2170 λέοντα
686 2103 743 2170 καὶ
762 2095 961 2189 δρόκοντα,”

56 2225 83 2265 κο
172 2199 201 2263 4.
227 2191 262 2266 ‘0
288 2198 396 2287 σωτὴρ
415 2202 472 2267 καὶ
497 2196 611 2286 κῦριος
629 2196 725 2287 ἡμῶν
738 2198 866 2288 Ἰησοῦς
884 2196 901 2268 ό
921 2196 1063 2288 Χριστός

95 2301 154 2365 τοῦ
178 2299 281 2383 θεοῦ,
307 2295 386 2366 καθ’
413 2294 664 2388 όένηνθροόπει
684 2298 942 2388 έπινοοόμενος,
970 2295 1063 2368 ὁκα-

95 2402 216 2467 τοικῦν
239 2401 369 2488 λέγεται
395 2401 432 2469 έν
449 2405 605 2490 βοηθεία
618 2402 683 2470 τοῦ
701 2395 867 2487 ῦψίστου,
893 2403 930 2468 έν
954 2402 1092 2488 σκέπηο

94 2502 156 2568 τοῦ
172 2506 257 2570 θεοῦ
275 2501 330 2569 καί
348 2497 471 2589 πατρός
491 2497 712 2589 αὐλιζόμενος.
748 2491 844 2581 οὗτος
860 2499 902 2588 δὴ
921 2488 984 2569 οῦν
1003 2498 1063 2588 μό-

69 2678 72 2686 ,
96 2628 157 2669 νον
180 2598 239 2671 τόν
261 2604 386 2691 πατέρα
409 2604 465 2672 καὶ
488 2597 566 2672 οὐδ’
593 2605 707 2691 ἕτερον
731 2599 931 2691 καταφυγὴν
957 2604 994 2671 έν
1018 2606 1063 2695 τῷ

56 2732 83 2773 τι
96 2708 202 2795 καιρῷ
219 2707 280 2773 τοῦ
298 2704 380 2773 κατὰ
398 2702 456 2773 τόν
475 2703 636 2794 διάβολον
653 2706 841 2794 πειρασμοῦ
865 2707 1064 2793 κεκτημένος

96 2802 248 2892 ε’ψρῦσθη
273 2806 352 2875 ποτὲ
373 2808 415 2874 ·’έκ
445 2808 515 2876 των
544 2812 701 2896 παγίδων
731 2812 799 2876 τῶν
824 2803 1065 2895 ἀντικειμένων

96 2903 291 2994 δυνάμεων,
315 2909 494 2995 θηρευτόν
515 2914 582 2978 νῦν
604 2905 874 2998 ὀνομαζομένων,
907 2903 1063 2996 ὁπηνίκα,

95 3001 151 3075 οἷό
171 3020 221 3087 τις
245 3006 355 3088 κοινός
378 3004 558 3095 ἅνθρωπος
579 3004 735 3098 “όνη’χθη
767 3015 815 3090 είς
838 3005 899 3097 τὴν
929 3017 1065 3098 ἔρημον,

96 3111 323 3199 πειρασθῆναι
340 3103 406 3179 ’ῦπό
423 3112 485 3178 τοῦ
504 3107 683 3199 διαβόλου,
702 3112 758 3180 καὶ
776 3100 820 3199 ἦν
839 3113 876 3181 ἐν
893 3113 933 3198 τῇ
954 3106 1064 3200 ἐρήμῳ

57 3237 84 3278 ιο
97 3208 344 3295 τεσσαράκοντα
361 3205 484 3300 ’ἡμέρας
510 3213 566 3280 καὶ
585 3209 833 3299 τεσσαράκοντα
850 3208 975 3289 νῦκτας
994 3235 1064 3279 πει-

163 3443 196 3492 εε
214 3442 315 3493 Matth.
329 3445 355 3508 4,
371 3445 393 3495 1.
429 3443 516 3493 Mare.
532 3446 555 3506 1,
570 3422 628 3494 ια
