2326 3818
118 110 177 173 102
520 112 670 164 EUSEBII

116 250 229 341 κύριος
242 247 395 338 Σαβαωθ
407 251 620 339 ἐγκατέλιπεν
633 247 711 342 ήμίν
723 254 864 343 σπέρμα,
884 246 928 334 ὥς
942 250 1082 343 Σόδομα

115 350 157 423 ἂν
177 349 385 442 ἐγενήθημεν
402 356 458 423 καί
477 347 520 435 ως
539 352 693 445 Γόμορρα
711 349 753 426 άν
771 350 1028 445 ὡμοιωθημεν.”

191 459 241 523 50.
258 451 454 545 Ἀρχόμενος
473 453 491 526 ό
508 457 610 545 μέγας
629 459 684 526 καὶ
702 455 889 547 θαυμάσιος
907 453 1082 546 προφήτης

115 560 172 644 της
190 562 315 638 οἰκείας
340 564 460 647 βίβλου
484 554 548 646 τήν
572 561 682 628 πᾶσαν
701 562 757 648 τῆς
775 566 978 648 προφητείας
996 553 1082 629 ὑπό-

114 671 215 730 θεσιν
239 657 320 729 κατά
343 663 400 750 τής
416 656 579 741 Ἰουδαίας
603 662 658 729 καὶ
682 657 764 730 κατά
788 664 846 748 τῆς
865 658 1109 750 Ἱερουσαλήμτ

88 757 232 852 δόρασιν
250 763 306 830 καὶ
329 768 480 850 θεωρίαν
510 761 676 852 περιέχειν
707 758 874 850 διδάσκει,
907 768 1020 831 ἔπειτα
1045 759 1083 833 τό

115 866 182 933 ποῖν
202 861 377 932 Ἰουδαίων
400 868 499 946 ἐθυος
528 858 718 954 άπελέγχει,
748 869 862 954 πρῶτα
886 863 948 953 μὲν
975 865 1084 952 λέγων

110 961 220 1053 “ἐγυω
251 968 331 1051 βοῦς
355 963 413 1033 τὸν
439 962 645 1055 κτησάμενον
674 968 729 1035 καὶ
755 962 832 1047 όυος
863 963 925 1054 τήν
949 962 1083 1054 φάτνην

115 1071 175 1136 τοῦ
198 1072 318 1155 κυρίου
341 1062 462 1137 αὐτοῦ’
502 1062 631 1156 Ἰσραήλ
657 1068 696 1137 δέ
716 1096 757 1157 με
780 1065 842 1137 οὐκ
860 1073 965 1156 ἔγνω,
990 1062 1083 1138 καλό

115 1164 193 1249 λαός
210 1194 251 1257 με
269 1165 309 1238 οὐ
327 1165 506 1257 συνήκευ.”
547 1174 597 1238 51.
618 1168 687 1239 εἶτα
711 1167 746 1239 τό
771 1173 839 1241 πᾶν
863 1176 963 1250 ἔθνος
983 1177 1080 1240 ταλα·
1097 1198 1123 1239 ιο

115 1277 216 1355 νίζον
231 1271 380 1359 ἐπιφέρει
394 1265 494 1341 “udal
512 1277 612 1352 ἔθνος
629 1268 838 1363 ἁμαρτωλὸν,
857 1269 935 1352 λαὸς
954 1269 1084 1360 πλήρης

114 1369 300 1463 ἁμαρτιῶν,
319 1377 450 1463 σπέρμα
469 1371 633 1461 πονηρόν,
651 1375 719 1444 υίολ
738 1369 887 1462 άνομοι.”

190 1481 240 1544 52.
267 1472 400 1557 Τούτοις
420 1478 456 1545 ἐν
474 1473 561 1564 άρχή
573 1477 631 1562 της
644 1481 765 1563 βίβλου
779 1470 853 1544 κατ’
874 1470 986 1544 αὐτῶν
1005 1503 1084 1564 χρη-

115 1575 257 1667 σάμενος
274 1591 342 1656 τοῖς
357 1578 512 1665 ἐλέγχοις,
531 1577 585 1645 καί
601 1573 803 1663 προδιδάξας
821 1573 879 1657 τάς
897 1583 1007 1658 αίτίας
1025 1581 1084 1664 τῆς

61 1697 101 1750 [421
116 1676 301 1767 μελλούσης
316 1680 534 1767 ἐπιφέρεσθαι
549 1675 620 1746 κατ’
637 1674 748 1747 αὐτῶν
760 1676 987 1768 προρρήσεως,
1008 1679 1083 1767 ἑξής
1099 1706 1124 1747 ιε

115 1777 295 1868 άπάρχεται
320 1777 460 1866 φάσκων
480 1773 523 1866 “ίη
542 1783 583 1867 γή
609 1772 704 1868 ὑμῶν
727 1775 882 1869 ἐρημος”,
901 1778 945 1868 μή
976 1776 1080 1868 οὔσης

116 1880 241 1972 ἐρήμου
266 1875 347 1950 καθ’
372 1876 430 1960 οὕς
458 1877 665 1970 προεφήτευε
694 1878 842 1970 χρόνους.
889 1876 951 1950 “al
971 1878 1085 1964 πόλεις

114 1980 210 2071 ὑμῶν
234 1977 492 2070 πυρίκαυστοι·”
534 1982 619 2071 μηδὲ
637 1984 756 2054 τούτου
775 2009 826 2053 πω
845 1985 1084 2072 γεγενημένου,

116 2081 187 2153 ἀλλ’
216 2079 297 2154 οόδέ
320 2081 382 2170 τήν
399 2081 511 2173 χώραν
536 2082 647 2155 αὐτῶν
665 2081 738 2155 τότε
756 2081 879 2174 ήσθιον
898 2081 1084 2176 ἀλλότριοι·

61 2187 172 2258 (θθκαὶ
196 2182 283 2273 ὅμως
315 2186 419 2274 φησίν
438 2180 524 2275 “τήν
552 2184 664 2275 χώραν
693 2183 789 2276 ὑμῶν
815 2184 960 2258 ἐντόπιον
986 2180 1125 2275 άμῶνεο

115 2283 281 2378 ἀλλότριοι
305 2295 544 2359 κατεσθίουσιν
567 2284 695 2377 αὐτήν”
718 2290 772 2358 καὶ
796 2285 836 2358 τά
856 2289 938 2376 ἐξής.
982 2291 1034 2359 53.
1055 2295 1088 2358 εί

115 2378 176 2460 οὖν
196 2392 249 2460 ἐπὶ
266 2386 327 2479 τήν
345 2392 406 2461 τοῦ
420 2391 566 2482 σωτήρος
580 2388 674 2480 ἡμων
689 2385 797 2478 Ἰησοῦ
808 2393 955 2480 Χριστοῦ
972 2391 1086 2479 μετέλ-

115 2504 189 2574 θοις
207 2498 396 2583 παρουσίαν
427 2494 482 2562 καλ
513 2489 591 2574 τοδς
618 2495 650 2575 ἐξ
675 2495 805 2562 ἐκείνου
830 2494 885 2561 καὶ
911 2497 957 2573 είς
984 2495 1086 2579 δεῦρο

116 2592 273 2684 χρόνους,
298 2591 406 2663 πάντα
425 2589 467 2664 άυ
485 2590 595 2682 εὕροις
618 2590 657 2662 τά
676 2595 833 2683 είρημένα
858 2589 1085 2685 πληρούμενα.

117 2693 137 2782 ή
162 2722 197 2764 τε
221 2693 285 2784 γὰρ
308 2691 462 2784 θυγάτηρ
487 2690 598 2783 Σιων,
624 2692 725 2784 (αὕτη
751 2695 787 2764 δὲ
812 2685 856 2785 ἦν
874 2693 893 2784 ή
913 2697 967 2765 ἐπὶ
984 2692 1084 2786 ὅρους
1099 2720 1126 2763 εε

117 2799 176 2866 τοῦ
195 2797 403 2884 καλουμένου
423 2793 516 2867 Σιοδυ
540 2797 774 2886 ἐπιτελουμένη
793 2795 991 2887 θρησκεία),
1019 2792 1086 2868 άπδ

117 2897 175 2986 τῆς
189 2893 297 2987 Ἰησοῦ
320 2899 382 2968 τοῦ
404 2901 550 2989 σωτῆρος
573 2893 669 2986 ἡμῶν
696 2905 880 2987 παρουσίας
910 2902 1085 2988 ἐγκαταλέ-

120 3007 248 3069 λειπται
275 2996 319 3080 ὡς
338 2997 443 3090 σκηνή
463 3002 500 3072 ἐν
522 2997 692 3090 ἀμπελῶνι
716 3003 772 3070 καὶ
796 2998 839 3083 ὡς
863 2995 1086 3091 όπωροφυλά·

91 3129 191 3173 εκιου
210 3104 247 3171 ἐν
264 3099 466 3196 σικυηράτφ,
486 3104 541 3172 καὶ
555 3112 590 3173 εί
599 3131 629 3172 τι
642 3100 771 3173 τούτων
790 3099 1003 3192 ἐρημότερον·
1023 3100 1088 3190 τήν

119 3230 154 3272 τε
177 3201 289 3295 χώραν
308 3200 420 3275 αὐτῶν
437 3201 601 3295 άλλότριοι
621 3202 765 3276 ἐνοίκιον
789 3199 902 3275 αὐτῶν
926 3210 1086 3274 κατεσθί-
1098 3230 1124 3271 νο

187 3438 202 3487 8
220 3438 267 3488 Es.
282 3441 306 3504 1,
320 3442 343 3490 3.
