2326 3818
388 113 575 168 DEMONST.
591 111 725 168 EVANG.
744 113 780 166 11.
800 121 826 169 3.
1026 116 1067 180 87

98 250 211 327 αὐτῶν
229 257 266 324 ἐκ
283 259 476 343 περιουσίας
494 249 753 342 ἀναφαίνεσθαι.
786 259 843 326 καὶ
856 261 920 329 νῦν
939 259 976 328 δὲ
988 255 1095 348 χρῆ-ο

98 378 199 446 σομαι
222 364 336 440 ψιλαῖς
359 371 433 438 ταῖς
455 359 524 426 των
548 361 729 448 προφητῶν
753 362 962 447 παραθέσεσι
990 365 1066 449 δίχα

76 457 207 549 ’πόσης
218 461 278 547 τῆς
296 465 343 540 είς
367 453 469 539 αὐτός
492 465 656 547 θεωρίας,
682 456 738 528 διό
761 486 797 530 τε
823 457 861 530 τό
880 461 984 550 σαφὲς
1008 457 1067 531 αό-

97 563 167 632 τοδν
194 562 251 631 καὶ
286 558 341 629 διδι
363 555 400 629 τό
423 562 557 648 μέλλειν
592 561 647 629 ἐπὶ
678 567 799 650 σχολῆς
835 560 1067 654 πληρεστάτην
1145 584 1159 610 “

56 689 71 733 ι
97 658 212 733 αὐτῶν
228 658 434 750 ποιῆσασθαι
451 658 514 749 τῆν
533 662 690 744 ἐξέτασιν.

353 844 414 917 κδ.
450 841 530 917 Ἀπό
547 845 628 918 του“
626 854 792 946 Ιερεμίον.

96 988 259 1063 Δῆλωσις’
240 989 385 1063 αρνῆσεως
398 993 450 1046 τοῦ
460 985 613 1047 Ἰουδαίων
626 990 743 1061 ἔθνους,
757 993 872 1064 κοίτης
890 988 953 1050 ἄντ’
968 991 1066 1049 αὐτῶν

391 1057 577 1129 εἰσποιήσεως
589 1062 646 1114 τῶν
660 1035 764 1116 ἐθνῶν.

98 1183 147 1278 β
173 1181 377 1263 1Π.“Τόδε
394 1188 483 1273 λέγει
502 1182 627 1273 κύριος,
640 1190 737 1275 στῆτε
752 1191 789 1258 ἐν
801 1203 874 1269 ταῖς
888 1183 991 1276 ὁδοῖς,
1010 1190 1066 1257 καὶ

59 1314 85 1356 ιο
98 1294 206 1379 ίδετε,
224 1289 281 1359 καὶ
299 1284 486 1377 ἐρωτήσατε
503 1294 640 1376 τρίβους
664 1297 785 1377 κυρίου
809 1296 985 1376 αἰωνίους,
1011 1291 1067 1358 καὶ
1150 1312 1152 1316 ·

97 1396 188 1462 ίδετε
206 1397 287 1461 ποία
312 1386 443 1477 ἐστὶνῆ
467 1386 545 1471 ὁδός
572 1383 593 1477 ῆ
619 1384 732 1478 σἰγαθῆ
757 1391 813 1460 καὶ
844 1396 994 1477 βαδίζετε
1030 1394 1067 1460 ἐν

97 1487 195 1584 αδτῆ,
209 1494 265 1563 καὶ
284 1485 440 1581 εδρῆσετε
460 1486 623 1579 ἁγνισμὸν
640 1507 713 1572 ταῖς
732 1506 855 1580 ψυχαῖς
873 1486 985 1579 ὑμῶν·
1010 1494 1067 1560 καὶ

97 1593 209 1683 εἶπαν,
227 1591 269 1664 οὐ
287 1589 531 1682 πορευσόμεθα.
574 1594 767 1663 καθέστακα
796 1589 850 1682 ἐφ’
880 1587 963 1682 ὑμᾶς
990 1614 1066 1662 σκο-

96 1694 199 1785 ποὺς,
222 1690 390 1766 ἀκούσατε
412 1699 471 1782 τῆς
494 1696 610 1782 φωνῆς
635 1697 693 1783 τῆς
717 1693 915 1784 σάλπιγγος’
940 1696 996 1764 καὶ
1021 1693 1066 1765 εἶ-

57 1818 83 1861 ¹⁶
98 1825 178 1886 παν,
196 1793 260 1868 οὐκ
276 1792 500 1884 ἀκουσόμεθα.
539 1792 595 1865 διό
617 1800 714 1866 τοῦτο
733 1794 884 1885 ῆκουσαν
904 1794 945 1866 τδι
969 1803 1066 1884 ἔθνη,

95 1901 152 1969 καὶ
169 1904 205 1969 σί
219 1903 452 1987 ποιμαίνοντες
469 1895 509 1966 τὰ
528 1905 667 1987 ποίμνια
686 1900 723 1968 ἐν
742 1893 884 1980 αὐτοῖς.”
1077 1929 1120 1980 (54)

389 2080 445 2153 κε’
475 2081 555 2154 Ἀπό
573 2111 632 2154 του
617 2079 765 2154 αὐτοῦ

98 2232 159 2299 Τῆς
176 2224 342 2285 τῶνέθνῶν
363 2221 509 2297 ευσεβείας
532 2223 669 2310 δήλωσις
683 2229 734 2282 καὶ
758 2230 809 2298 τῆς
838 2230 890 2282 τοῦ
915 2222 1067 2282 Ἰουδαίων

97 2294 206 2360 ἔθνους
218 2297 387 2378 δυσσεβείας
406 2298 574 2365 κατηγορία
613 2291 767 2377 πρόρρησις
790 2294 824 2349 δὲ
847 2298 905 2350 τῶν
922 2314 994 2363 μετα
1012 2292 1067 2364 τὴν

53 2372 83 2415 ¹⁰
170 2384 223 2420 που
209 2365 361 2433 ’Χριστου
373 2365 536 2431 παρουσίαν
548 2359 749 2431 μετελθόντων
763 2361 870 2424 αὐτοὺς
883 2365 989 2418 κακῶν

171 2471 234 2544 2.‘
235 2467 397 2561 Κόριεί
396 2469 477 2561 σχός
494 2500 559 2560 μου
571 2473 627 2542 καὶ
645 2469 788 2560 βοήθειά
807 2498 872 2560 μου
893 2471 949 2539 καὶ
962 2498 1065 2539 κατα-

92 2573 189 2667 φυγῆ
206 2603 271 2663 μου
295 2578 333 2645 ἐν
356 2568 462 2666 ῆμέρρι
487 2577 609 2644 κακῶν.
653 2573 736 2664 πρὸς
753 2574 790 2642 σὲ
815 2578 900 2661 ἔθνη
923 2569 1063 2659 ῆξουσιν

93 2673 156 2748 ἄπ’
179 2674 318 2766 ἐσχάτου
335 2683 394 2803 τῆς
414 2679 486 2764 γῆς,
508 2679 563 2746 καὶ
586 2679 722 2766 ἐροῦσιν
752 2673 796 2757 ὡς
825 2679 938 2762 ψευδῆ
970 2673 1067 2761 ἐκτῆ-

96 2800 201 2851 σαυιο
224 2783 260 2849 οί
281 2782 419 2864 πατέρες
433 2779 541 2949 ἰῆμων
560 2784 699 2866 είδωλα,
727 2781 782 2847 καὶ
813 2775 877 2848 οὐκ
903 2785 994 2847 ἔστιν
1029 2781 1093 2846 ἐνὶ)

56 2877 215 2962 ειαότοῑς
233 2877 392 2967 ὠφέλεια·
414 2887 446 2949 εί
462 2878 594 2968 ποιῆσει
613 2882 722 2973 ἑαυτῷ
745 2875 926 2966 ἅνθρωπος
949 2876 1064 2960 θεοός,

71 2972 1063 3067 Μωωῶωὸωωὼω

92 3086 196 3168 δείξω
215 3081 329 3165 αὐτοῖς
348 3085 384 3152 ἐν
400 3110 447 3175 τω
465 3087 570 3174 καιρῷ
588 3079 705 3174 τούτω,
724 3110 856 3251 γνωριὶω
871 3077 952 3150 αὐτο
955 3097 983 3159 ῑς
1001 3077 1064 3166 τῆν

95 3183 193 3278 χεῖρά
224 3213 289 3273 μου
317 3183 435 3255 καὶ
401 3212 463 3272 την
487 3180 634 3271 δύναμίν
666 3202 747 3272 μου·
782 3184 838 3252 καὶ
867 3179 1064 3273 ῆγνσόσονται

166 3438 181 3487 9
199 3435 256 3488 Jer.
270 3437 293 3498 6,
310 3437 350 3485 16.
456 3436 487 3483 21
507 3432 564 3488 Jer.
579 3434 620 3500 16,
635 3435 676 3488 19.
