2326 3818
89 89 129 153 18
495 89 647 142 EUSEBII

85 229 156 300 ὁδὶ
175 228 299 317 καρπδς
316 234 385 300 τῶν
402 226 619 319 γεννημάτων
636 227 756 316 πολδς,
775 231 845 309 πῶς
863 229 933 299 δέοι
950 254 1061 318 παρα-

86 337 231 420 κομίζειν
248 341 386 401 ολκοθεν
404 338 451 412 εἰς
467 328 526 402 τόν
543 334 605 402 τοῦ
620 333 706 403 θεοῦ
715 328 819 401 τόπον
835 327 914 409 τοδς
933 333 1063 402 ἐπετεί-

86 461 145 513 ους
175 432 323 524 καρποὺς
352 439 411 521 τῆς
441 430 715 520 ὁλοκαυτώσεως,
747 435 803 502 καὶ
831 432 910 519 περὶ
932 428 1063 505 τούτου

86 531 185 605 τόνδε
201 541 317 623 τίθησι
336 533 393 605 τὸν
411 532 516 624 νόμον
539 540 588 603 18.
603 529 686 604 “ἐάν
710 534 748 603 δὲ
771 531 903 623 μακράν
920 535 1062 621 γένηται

86 633 151 707 άπδ
170 640 232 708 σοῦ
248 633 270 725 6
288 632 385 724 ὁδὸς,
403 638 459 705 καὶ
478 633 522 724 μη
541 633 671 725 δυνηση
690 630 872 724 ἀναφέρειν
890 631 987 722 αὐτά,
1005 631 1063 708 ὅτι
1086 664 1104 710 ε

86 739 218 829 μακράν
242 737 308 808 άπὸ
332 739 394 807 σοῦ
417 732 435 806 6
460 734 559 817 τόπος
582 733 623 806 δν
645 732 688 807 διν
713 739 880 825 ἐκλέξηται
906 732 1063 825 κάριοςδ

86 839 167 922 θεός
186 863 268 927 σου,
289 842 510 928 ἐπικληθῆναι
527 835 563 908 τό
581 834 686 927 ὄνομα
704 834 809 909 αὐτοῦ
835 840 913 925 ἐκεῖ,
932 835 983 907 ὅτι
1002 834 1066 910 εὖ·

88 940 222 1029 λογήσει
246 961 284 1009 σε
308 936 422 1030 κάριος
445 937 561 1021 ὁθεός
587 963 666 1028 σου,
691 941 746 1009 καὶ
769 936 955 1020 ἀποδώσεις
974 937 1066 1012 αὐτὰ

59 1041 271 1131 τάργυρίου,
300 1043 357 1111 καὶ
374 1039 464 1131 λήμη
483 1039 519 1112 τδ
544 1037 708 1131 α’ργάριον
727 1045 763 1113 ἐν
780 1058 852 1123 ταῖς
870 1049 966 1130 χερσί
982 1061 1063 1132 σου,

88 1146 145 1213 καὶ
162 1140 310 1233 πορεύσῃ
336 1149 382 1224 εἰς
409 1140 468 1213 τδν
489 1141 593 1214 τόπον
616 1140 657 1215 δν
681 1141 724 1214 άν
751 1147 918 1232 ἐκλέξηται
945 1141 1065 1232 κάρτος
1078 1160 1110 1223 10'

88 1239 106 1314 6
125 1241 204 1326 θεός
223 1265 284 1314 σου
303 1242 425 1333 αὐτὸν,
449 1247 503 1314 καὶ
523 1243 641 1327 δόσεις
659 1244 695 1315 τὸ
721 1242 883 1335 ἀργύριον
901 1247 955 1314 ἐπὶ
972 1270 1066 1317 παν·

87 1343 142 1427 τδς
166 1337 207 1417 06
229 1342 271 1418 άν
290 1351 439 1437 ἐπιθυμῇ
457 1341 479 1435 6
496 1344 588 1436 ψυχή
611 1369 690 1436 σου,
716 1349 770 1417 ἐπὶ
795 1348 933 1435 βουσὶν,
956 1341 979 1434 6
1004 1348 1066 1419 ἐπὶ

88 1447 284 1573 προβάτοις,
309 1446 403 1537 ἢέπὶ
426 1460 524 1572 0616,
542 1444 563 1539 6
579 1451 633 1520 ἐπὶ
651 1451 785 1540 σικέρμ,
810 1443 831 1538 6
856 1449 910 1517 ἐπὶ
934 1446 1066 1532 παντὸς

88 1542 130 1622 οὖ
148 1548 191 1620 άν
209 1545 395 1639 ἐπιθυμῇ’
377 1579 398 1638 η
418 1549 508 1675 6666
522 1573 606 1638 σου,
629 1554 686 1620 καὶ
710 1554 801 1640 φανῇ
820 1553 891 1620 ἐκεῖ
907 1552 1066 1624 ἐναντίον

90 1660 210 1742 κυρίου
227 1655 286 1721 τοῦ
304 1657 389 1721 θεοῦ
407 1648 503 1722 σου.’,’
1077 1682 1105 1728 n

168 1755 304 1823 1111111
321 1743 422 1834 αὖθις
438 1751 496 1822 τὸν
513 1750 616 1824 τόπον
629 1756 898 1842 ἐπισφραγλζεται
911 1741 981 1822 οἶδε’
990 1780 1068 1838 πως

88 1852 249 1944 φάσκων
252 1852 335 1926 ’πάν
351 1851 563 1946 πρωτότοκον
579 1849 597 1924 6
591 1850 675 1926 ἐάν
691 1857 797 1944 τεχθῆ
814 1856 851 1923 ἐν
873 1869 942 1936 τοις
960 1861 1069 1942 βουσί

90 1980 169 2045 σου,
189 1958 244 2025 καὶ
264 1960 300 2026 ἐν
324 1973 392 2036 τοῖς
417 1952 595 2045 προβάτοις
619 1978 698 2044 σου,
722 1954 762 2025 τά
785 1952 944 2045 άρσενικά
961 1952 1067 2027 άποί-

68 2082 158 2137 ισεις
177 2063 283 2151 κυρίῳ
301 2063 347 2151 τῷ
365 2061 436 2150 θεῷ
454 2079 526 2127 σον.
563 2047 626 2127 οὐκ
644 2060 724 2149 ἐργᾷ
743 2061 842 2150 ἐντῷ
860 2055 1065 2152 πρωτοτόκφ

88 2157 201 2252 μόσχῳ
220 2180 282 2229 σου
292 2212 302 2246 ,
327 2161 383 2228 καὶ
406 2157 451 2247 μὴ
469 2164 584 2250 κείρης
606 2156 643 2228 τδ
659 2156 878 2248 πρωτότοκον
894 2163 963 2230 τῶν
980 2186 1063 2251 προ-
1077 2190 1106 2236 n

90 2258 205 2349 βάτων
222 2279 299 2330 σου·
330 2263 482 2331 ἐναντίον
496 2268 616 2352 κυρίου
629 2263 849 2331 τοῦθεοῦσου
866 2267 959 2350 φανῇ
977 2257 1066 2334 αάτδ

89 2360 244 2435 ἐνιαυτόν
276 2365 309 2446 ἐξ
337 2365 506 2452 ἐνιαυτοῦ,
539 2366 576 2434 ἐν
600 2369 647 2457 τῷ
670 2352 808 2455 τόπμῷ
831 2357 873 2433 άν
892 2365 1067 2451 ἐκλέξηται

89 2465 203 2555 κύριος
221 2463 238 2535 ὁ
257 2463 337 2547 θεός
356 2488 435 2554 σου,
454 2462 498 2535 σά
516 2468 572 2535 καὶ
589 2462 607 2535 ὁ
625 2461 716 2545 οἶκός
734 2460 827 2534 σου.”

164 2572 214 2636 20.
235 2566 333 2636 Μετὰ
358 2571 462 2636 ταῦτα
485 2562 587 2637 πάλιν
609 2567 674 2636 θέα
697 2571 773 2634 τίνα
795 2561 920 2655 τρόπον
946 2568 1003 2635 καὶ
1020 2566 1064 2638 τά

91 2668 227 2758 περὶ
180 2695 248 2738 των
263 2669 389 2755 ἑορτάν
406 2662 644 2745 διαστέλλει’
605 2695 667 2737 ουκ
680 2663 801 2736 άλλοθι
814 2670 875 2756 γῆς
893 2663 967 2735 ἀλλ’
985 2695 1006 2754 η
990 2661 1063 2740 ἐν
1075 2700 1108 2744 ιε

91 2767 182 2862 μόνω
205 2775 252 2862 τῷ
277 2767 532 2889 δηλουμένω’
495 2796 586 2839 τοπω
609 2796 765 2858 πανηηυρ
768 2775 858 2852 λ.ζειν
908 2770 998 2856 λέγει
1025 2765 1061 2839 δ’

90 2860 152 2940 οὖν
170 2839 394 2960 “φόλαξαι
361 2898 420 2940 τον
445 2874 624 2960 μηνυτῶν
646 2873 752 2959 νέων,
776 2873 832 2940 καλ
856 2868 1005 2958 ποιήσεις
1017 2870 1063 2943 τδ

90 2971 201 3096 πάσχα
218 2979 325 3096 κυριῳ
348 2975 397 3041 τω
419 2974 493 3043 θεω
507 2993 587 3060 σου,
612 2969 770 3062 πρόβατα·
786 2975 840 3041 καὶ
859 2969 975 3061 βόαςέ
975 3000 997 3042 ν
1013 2975 1065 3066 τῷ

89 3072 180 3170 τόπῳ
213 3065 239 3169 6
270 3068 312 3145 άν
337 3045 505 3163 ἐκλέξηται
527 3072 650 3165 κύριος
679 3072 696 3145 δ
722 3071 802 3155 θεός
825 3096 888 3144 σου
918 3068 1060 3144 αὐτόν.”

91 3181 141 3248 21.
154 3149 719 3267 καὶπάλινδπομιμνήσκειλέγων“
723 3173 1104 3265 οὐδυνήσηθῦσαιτδεο

158 3342 1059 3407 4118111114,111111115,19.111)ου116,1.

93 3413 126 3461 30
143 3410 226 3460 Deut.
208 3413 282 3476 116,
297 3413 320 3461 5.
