2326 3818
119 107 183 173 552
517 108 667 159 Ensssssn

118 245 272 338 ἡπόλις,
296 250 351 318 καί
370 246 656 338 θιαρπαγῇσονται
680 252 718 317 αί
738 253 858 335 οἰκίαι,
883 249 939 317 καὶ
965 254 1003 317 αι’
1027 279 1097 338 γν-

120 367 234 433 ναίκες
251 348 539 439 μολυνθῇσονται,
558 351 613 419 καί
633 348 836 432 ἐξελεύσεται
854 349 890 419 τὸ
909 345 1012 438 ῇμισν
1032 360 1097 442 τῇς

121 450 248 533 πόλεως
273 454 310 522 ἐν
332 458 556 544 αἰχμαλωσίᾳ,
583 455 618 520 οἰ
644 452 682 520 δὲ
705 449 898 522 κατάλοιποι
921 455 980 520 τοῦ
1005 459 1096 526 λαοῶ

120 582 185 643 μον
202 551 243 624 οὐ
260 553 305 643 μῇ
325 557 615 645 ἐξολοθρενθῶσιν
639 555 675 622 ἐκ
698 556 755 640 τῇς
773 551 910 633 πόλεως.
947 555 1003 622 καὶ
1024 559 1095 638 ἐξε-

121 653 276 729 λεύσεται
301 653 431 747 κύριος,
464 657 519 724 καὶ
550 652 771 744 παρατάξεται
796 658 924 735 ἐντοῖς
949 661 1122 728 ἐθνεσιντ

124 759 282 846 ἐκείνοις,
307 753 422 838 καθῶς
445 752 552 845 ἡμέρα
570 753 782 846 παρατάξεως
802 754 908 826 αὐτοῶ
926 760 963 826 ἐν
981 750 1093 852 ἡμέρᾳ

121 860 288 948 πολέμου,
306 859 362 927 καὶ
380 854 557 943 στήσονται
575 862 610 927 οἰ
625 853 726 938 πόδες
744 856 848 926 αὐτοῦ
868 860 904 928 ἐν
922 864 963 947 τῇ
981 854 1094 950 ἡμέρᾳ

123 963 235 1048 ἐκείνη
261 961 315 1028 ἐπὶ
339 955 375 1028 τό
399 958 474 1049 ὅρος
493 961 560 1028 τῶν
586 961 706 1028 ἐλαιῶν
723 956 760 1028 τό
779 961 954 1029 κατέναντι
968 956 1093 1050 Ἰερον·

122 1056 266 1149 σαληίμ.”
591 1075 594 1080 ,

199 1168 228 1232 7.
247 1160 331 1232 Εἰτα
348 1157 429 1251 μεθ’
450 1164 545 1253 ἕτερα
563 1160 603 1231 τά
620 1158 745 1251 μεταξύ
768 1181 872 1252 φησιν
891 1156 976 1231 “acal
996 1169 1090 1232 ἐσται
1104 1192 1132 1232 ιο

122 1260 236 1353 κύριος
256 1259 320 1352 εἷς,
340 1265 396 1334 καὶ
413 1260 450 1333 τό
468 1261 573 1353 ὄνομα
593 1261 702 1334 αὐτοῶ
725 1269 784 1352 ἓν,
810 1268 959 1333 κνκλοῶν
977 1267 1092 1335 πάσαν

121 1361 183 1455 τῇν
201 1369 265 1454 γῇν
283 1368 338 1438 καὶ
356 1363 420 1454 τὴν
438 1362 596 1456 ἐρημον.”

51 1494 108 1545 (ιω)
200 1474 228 1538 8.
248 1470 316 1538 Καὶ
331 1459 432 1550 αὖθις
445 1465 524 1557 μεθ’
542 1469 649 1557 ἕτεροι,
663 1463 882 1556 περιγράφων
894 1465 956 1554 τὴν
970 1473 1092 1556 βίβλον

121 1574 180 1659 τῇς
197 1575 421 1658 προφητείας,
448 1568 510 1657 τὴν
527 1572 647 1658 κλῆσιν
663 1571 731 1638 τῶν
750 1572 863 1638 ἐθνῶν
887 1565 942 1637 διά
960 1567 1092 1640 τούτων

120 1679 273 1757 θεσπίζει
286 1669 305 1697 “
316 1673 371 1742 καὶ
391 1677 482 1742 ἔσται
495 1666 567 1741 ὅσοι
587 1669 645 1740 ἐάν
658 1673 931 1759 καταλειφθῶσιν
950 1674 987 1757 ἐκ
1004 1669 1091 1740 πάν·
1105 1701 1131 1742 15

121 1801 190 1843 των
207 1775 276 1842 τῶν
297 1777 408 1845 ἐθνῶν
425 1777 493 1843 τῶν
517 1771 688 1843 ἐλθόντων
713 1775 767 1841 ἐπὶ
781 1767 1013 1862 Ἱερονσαλῇμ,
1034 1776 1090 1841 καί

123 1871 350 1964 ἀναβήσονται
369 1872 441 1945 κατ’
465 1873 636 1962 ἐνιαυτὸν,
655 1878 714 1943 τοῦ
728 1878 957 1962 προσκννῇσαι
969 1878 1016 1962 τῶ
1029 1878 1090 1957 βα-

123 1988 211 2048 σιλεί
241 1984 347 2069 κνρίςο
372 1973 632 2065 παντοκράτορι,
662 1976 718 2044 καὶ
748 1980 807 2045 τοῶ
839 1969 1002 2064 ἑορτάζειν
1027 1970 1090 2059 τῇν

55 2104 109 2156 σοι]
125 2075 243 2166 ἕορτῇν
273 2084 333 2164 τῇς
363 2084 598 2165 σκηνοπηγίας.
641 2079 697 2146 καί
727 2084 835 2164 ἐσται,
867 2073 938 2145 ὅσοι
963 2071 1021 2144 ε’ἀν
1045 2071 1091 2162 μῇ

123 2176 298 2267 ἀναβῶσιν
323 2182 359 2248 ἐκ
378 2180 496 2247 πασῶν
513 2182 581 2249 τῶν
605 2183 725 2267 φυλῶν
748 2183 806 2265 τῇς
830 2182 891 2266 γῇς
911 2183 957 2258 εἰς
969 2173 1090 2264 Ἱερον·
1104 2207 1131 2247 ιο

123 2279 232 2367 σαλῇμ
264 2286 324 2348 τοῦ
348 2285 579 2370 προσκννῇσαι
609 2284 654 2373 τῶ
680 2287 815 2367 βασιλεῖ
837 2286 943 2371 κνρίῳ
968 2305 1094 2348 παντο-

124 2378 279 2470 κράτορι,
301 2381 355 2450 καί
374 2371 466 2451 οὗτοι
486 2385 625 2464 ἐκείνοις
644 2379 940 2472 προστεθῇσονται.
979 2376 1036 2449 ἐάν
1056 2380 1093 2449 δὲ

123 2478 215 2571 φυλῇ
235 2479 412 2571 Αἰγύπτου
429 2480 474 2573 μῇ
499 2481 626 2575 ἀναβῇ,
651 2485 735 2573 μηδὲ
755 2489 839 2573 ἔλθη
861 2485 944 2569 ἐκεί,
963 2483 1019 2550 καὶ
1039 2484 1094 2550 ἐπὶ

94 2580 263 2664 οτοῶτονς
289 2590 380 2654 ἔσται
406 2579 427 2672 ῇ
452 2589 594 2672 πτῶσις,
618 2581 662 2673 ῇν
686 2581 822 2667 κατάξει
846 2580 959 2673 κῶριος
984 2581 1093 2652 πάντα

123 2681 163 2754 τά
183 2693 268 2774 ἐθνη
281 2689 338 2773 τῇς
356 2688 429 2774 γῇς,
448 2681 510 2754 ὅσα
524 2684 581 2755 ἐὰν
594 2685 637 2775 μὴ
653 2684 764 2773 ἀναβῇ
786 2689 846 2754 τοῦ
865 2682 1020 2775 ἑορτάσαι
1029 2681 1091 2772 τῇν
1104 2717 1130 2758 25

124 2784 245 2875 ἕορτῇν
262 2789 319 2875 τῇς
339 2793 574 2875 σκηνοπηγίας.
612 2784 696 2874 αὕτη
716 2793 807 2856 ἔσται
825 2780 846 2874 ῇ
865 2781 1008 2877 ἁμαρτία
1027 2793 1092 2855 Αἰ-

123 2885 253 2976 γύπτου
272 2889 327 2958 καί
346 2883 367 2976 ἡ
386 2883 529 2979 ἀμαρτία
546 2885 682 2959 πάντων
696 2891 763 2959 τῶν
777 2891 900 2977 ἐθνῶν,
915 2886 977 2958 ὅσα
990 2883 1033 2956 ἀν
1047 2886 1092 2975 μῇ

122 2987 234 3079 ἀναβῇ
257 2992 319 3060 τοῦ
344 2988 498 3077 ἑορτάσαι
521 2991 583 3079 τῇν
610 2988 730 3082 ἕορτῇν
753 2984 1088 3086 τῇςσκηνοπηγίας.”

201 3097 228 3162 9.
260 3094 371 3163 Ταῶτα
398 3095 452 3162 καί
477 3089 495 3162 ὁ
514 3099 682 3183 Ζαχαρίας
709 3091 790 3182 μετά
813 3089 876 3179 τῇν
894 3087 958 3160 ἀπὸ
976 3096 1093 3176 Βαβυ-

123 3198 229 3276 λῶνος
262 3191 449 3284 ἐπάνοδον,
490 3202 639 3285 Δαρείου
670 3197 814 3283 Περσῶν
844 3190 1091 3282 βασιλεύοντος,
1106 3225 1132 3266 εο

192 3427 225 3478 10
241 3427 326 3483 zach.
339 3431 380 3494 14,
393 3431 418 3479 9.
524 3428 556 3480 15
573 3427 658 3479 zach.
672 3424 713 3491 14,
727 3426 767 3480 16.
