2326 3818
134 128 197 195 ιρι)
555 126 704 179 Ευεειιιι

134 267 293 349 άσόνετος
311 265 423 339 αὐτῶν
440 272 574 356 καρδία,
593 264 638 347 ῶς
657 262 831 347 ἐναλλάξαι
845 262 907 352 τὴν
926 261 1029 346 δόξαν
1042 273 1106 336 τοῦ
1150 345 1153 367 .

104 402 116 441 ι
134 368 310 460 ἀφθάρτου
332 374 418 440 θεοῦ
443 372 479 438 έν
501 366 683 456 ὁμοιώματι
706 364 833 446 είκόνος
858 370 1018 453 φθαρτοῦ
1042 365 1153 535 (iv-⁴

133 471 275 561 θρώπου
299 475 354 542 καὶ
378 474 532 558 πετηνῶν
556 473 612 539 καὶ
629 466 843 557 τετραπόδων
867 468 922 535 καί
940 469 1043 554 ἑρπετ
1060 473 1074 486 ”

132 578 261 658 νεκρῶν
286 572 327 662 δη
350 562 413 642 οῦν
436 576 508 641 οἵδε
526 569 662 659 άνδρῶν
682 575 857 638 δυναστῶν
878 595 983 637 τινων
1007 565 1029 657 ἢ
1049 599 1072 640 κ
1122 554 1153 579 ”

132 674 309 765 τυράννων
338 671 441 743 πάλαι
463 673 654 760 γενομένων
682 670 811 750 εἰκόνας
840 667 1126 760 άνειδωλοποιηε

133 798 263 861 σαντες,
284 777 339 843 καί
357 771 492 852 ταύταις
511 769 546 841 τό
565 783 663 843 θεῖον
677 769 899 860 περιάψαντες
913 772 1027 859 σέβας,
1045 770 1104 855 τάς

132 905 167 948 τε
188 874 346 954 ἐντόπους
371 875 425 942 καί
452 868 656 952 ἀκολάστους
681 878 748 941 τῶν
773 869 885 941 αὐτῶν
904 869 1042 961 πράξεις
1059 871 1106 955 ῶς

133 982 226 1048 θεῶν
243 971 486 1063 κατορθώματα
504 971 683 1061 σεμνύνειν
703 971 937 1060 έθεολόγησαν.
982 978 1012 1042 9.
1033 978 1106 1056 πῶς

134 1070 196 1147 οὖν
214 1092 282 1158 τοῖς
300 1075 523 1165 τυγχάνουσιν
542 1079 578 1146 έν
594 1071 729 1165 τοιαύτη
743 1081 821 1161 βίου
833 1071 1033 1144 καταστάσει
1047 1071 1106 1146 τόν
1151 1090 1153 1099 “

134 1173 310 1265 πάνσοφον
328 1180 383 1247 καί
402 1175 589 1267 πανάρετον
606 1179 665 1246 τοῦ
684 1178 830 1265 Χριστοῦ
848 1172 947 1262 λόγον
973 1174 1039 1264 την
1058 1180 1153 1267 είςυξ

107 1275 239 1367 ιάκρον
257 1283 521 1368 καταγγέλλοντα
539 1283 743 1367 φιλοσοφίαν
760 1293 828 1357 τοῖς
846 1304 881 1345 τε
901 1279 937 1344 έν
954 1275 1105 1371 τοσούτῳ
1150 1284 1153 1371 ᾗ

136 1378 237 1469 βάθει
261 1388 377 1462 κακίας
404 1382 678 1468 καλινδουμένοις
710 1376 880 1447 δύνασθαι
910 1371 1106 1465 άρμόττειν;
1150 1380 1153 1427 ³

136 1480 187 1553 διό
207 1480 247 1570 δὴ
274 1486 421 1563 ἐκείνους
444 1478 464 1570 ἡ
488 1488 568 1550 θεία
591 1482 647 1549 καί
672 1476 806 1549 πάντων
825 1486 944 1566 ἔφορος
965 1483 1043 1569 δίκη
1063 1476 1108 1562 ῶς

133 1581 316 1672 άγρίανκαί
330 1580 588 1673 βλαβερωτάτην
600 1578 687 1668 όληυ
701 1577 944 1667 περικόπτουσα
959 1582 1034 1650 τοτὲ
1044 1582 1108 1671 μέν

135 1694 395 1774 κατακλυσμοῖς,
420 1685 491 1754 τοτὲ
517 1684 553 1753 δέ
572 1679 799 1769 πνρπολήσεσι
823 1677 952 1770 μετῄει,
976 1683 1051 1752 τοτὲ
1070 1684 1141 1754 δδιε

137 1781 265 1879 αύτούς,
276 1803 344 1866 τοῖς
363 1783 433 1855 κατ’
456 1782 610 1870 άλλήλων
627 1785 781 1869 πολέμοις
796 1777 1054 1872 άνδροκτασίαις
1071 1812 1108 1855 τε

136 1915 171 1957 τε
185 1889 241 1956 καὶ
254 1892 460 1977 πολιορκίαις
474 1881 668 1971 ἐπαλλήλοις
682 1884 885 1970 παρεδίδου,
898 1881 980 1970 πρὸς
995 1881 1109 1956 αῦτῶν

137 1991 204 2056 τῶν
229 1985 415 2073 δαιμόνων,
440 1989 507 2053 τῶν
531 1984 572 2070 δὴ
596 1988 689 2053 θεῶν
708 1981 820 2063 αὐτοῖς
844 1987 1109 2074 νενομισμένων,

108 2115 122 2154 ι
140 2088 192 2154 ἐπὶ
210 2084 269 2154 τὸν
284 2082 355 2154 κατ’
376 2081 530 2173 άλλήλων
541 2082 686 2174 πόλεμον
700 2088 1003 2173 έξοιστρουμένονς,
1024 2084 1110 2159 ῶστε

138 2184 264 2274 άβατον
288 2185 463 2268 εἶναιτοῖς
488 2186 727 2275 πλησιοχώροις
752 2182 969 2274 άνεπίμικτόν
991 2215 1028 2258 τε
1052 2191 1145 2260 καὶαι

138 2284 510 2377 άκοινώνητοντδντότε
523 2294 590 2359 τῶν
602 2286 795 2376 ἀνθρώπων
808 2294 899 2375 βίον·
919 2295 1057 2376 βραχεῖς
1072 2295 1112 2361 δέ

138 2388 242 2474 τινας,
262 2387 305 2471 ῶς
320 2394 355 2461 ἐν
367 2387 503 2479 τοιαύτη
517 2388 724 2477 καταστάσει,
738 2391 793 2458 καί
804 2387 937 2480 ἀριθμῷ
951 2389 1110 2480 ληπτοῦς,

141 2499 187 2561 10.
208 2483 255 2561 ῶν
267 2491 307 2561 τά
321 2489 401 2579 παρ’
418 2487 581 2581 Ἑβραίοις
594 2488 796 2580 μνημονεύει
810 2487 916 2576 λόγια,
934 2500 1112 2578 θεοφιλεῖς

138 2590 302 2680 εὑροῦσα,
322 2591 451 2673 τούτοις
472 2590 527 2660 διά
545 2597 703 2680 χρησμῶν
721 2593 776 2661 καί
795 2593 967 2677 θειοτέρας
987 2594 1112 2681 ἐπιφα-

138 2700 230 2774 νείας
250 2691 382 2780 ῶμίλει,
408 2694 602 2781 δεξιουμένη
620 2690 697 2771 τοῦς
722 2688 848 2778 άνδρας
866 2693 922 2760 καί
940 2691 1110 2780 θεραπεύ·
1123 2715 1149 2758 κ

139 2813 225 2862 ουσα
243 2790 356 2880 νόμοις
373 2810 442 2874 τοῖς
454 2790 542 2880 παρά
553 2795 702 2872 Μωσέως
718 2800 947 2880 είσαγωγικοῖς
960 2795 1016 2863 καί
1030 2801 1112 2879 βιῶ·

141 2895 286 2980 φελέσιν.
325 2899 373 2964 11.
394 2890 470 2964 ἀλλ’
488 2892 543 2964 ὅτε
561 2892 603 2982 δὴ
623 2898 659 2964 ἐκ
676 2900 733 2982 τῆς
751 2893 879 2975 τούτοις
898 2900 1111 2983 διαταγείσης

141 3001 342 3082 νομοθεσίας
361 3003 397 3066 ἔκ
415 3025 450 3066 τε
467 3000 535 3066 τῶν
546 2992 627 3084 μετά
644 2998 748 3065 ταῦτα
761 2998 979 3083 προφητικῶν
996 3007 1112 3084 μαθη-

141 3093 255 3185 μάτων
274 3103 320 3177 είς
339 3095 464 3178 πάντας
482 3094 686 3184 ἀνθρώπους
700 3094 843 3178 εὐωδίας
857 3103 956 3183 δίκην
973 3120 1111 3185 προχεο-

142 3199 253 3282 μένων
276 3195 342 3286 ἤδη
366 3196 482 3269 λοιπόν
504 3195 654 3287 ἡμέρωτο
678 3201 747 3267 τῶν
771 3203 906 3268 πολλῶν
922 3195 962 3266 τά
980 3195 1108 3285 φρονή-
1125 3223 1150 3264 σο

73 3327 130 3377 (ιιι)
143 3325 241 3386 ματα,
260 3318 327 3381 τοῖς
345 3327 381 3369 τε
393 3308 527 3380 πολλοῖς
540 3307 655 3370 ἔθνεσι
668 3307 830 3368 πολιτεῖαι
843 3301 899 3368 καὶ
911 3305 1111 3384 νομοθεσίαι

144 3405 361 3488 συνίσταντο,
384 3401 502 3491 ἀρετῆς
526 3427 562 3470 τε
586 3401 641 3470 καί
666 3407 866 3489 φιλοσοφίας
890 3395 996 3486 ὄνομα
1019 3399 1112 3488 παρά
