2326 3818
90 139 151 202 της
492 136 640 189 υοεαοα

45 310 73 360 30)
167 284 235 348 140.
268 275 405 359 ’Ὁῦτως
422 278 510 365 λέγει
527 274 655 366 κύριος·
675 272 716 345 ὃν
732 273 857 364 τρόπον
875 273 1054 365 εὑρήσεται

87 376 105 450 ὁ
124 379 190 468 ῥωξ
210 383 246 450 ἐν
263 384 309 473 τῷ
328 378 457 469 βότρυι,
476 381 532 449 καὶ
551 381 699 467 ἐροῦσιν,
717 375 763 465 μή
781 376 914 467 λυμήνη
933 375 1053 466 αῦτόν,

86 477 278 570 ότιεῦλογία
291 488 410 571 κυρίου
423 483 513 553 ἐστὶν
526 485 562 550 ἐν
572 476 675 572 αύτῷ,
684 477 789 561 οὕτως
795 476 924 567 ποιήσω
938 483 1055 551 ἕνεκεν

87 586 146 654 τοῦ
165 581 382 666 δουλεύοντός
399 611 463 673 μοι.
500 581 620 653 τούτου
638 584 753 651 ἕνεκεν
775 576 817 650 οῦ
835 579 881 670 μή
898 579 1054 653 ἀπολέσω

87 682 226 773 πάντας,
250 686 306 755 καὶ
331 683 432 768 ἐξάξω
456 682 493 754 τό
518 688 550 766 ἐξ
570 681 689 770 Ἰακιῦβ
706 686 837 773 σπέρμα
870 685 925 753 καὶ
955 685 992 753 τῦ
1018 688 1052 768 ἐξ
1078 717 1094 759 ο

84 782 204 875 Ἰούδα,
241 788 296 856 καὶ
332 783 574 875 κληρονομήσει
608 781 645 853 τὸ
674 781 751 872 ὅρος
786 783 822 854 τό
857 781 954 872 ἀγιόν
976 814 1054 873 μου.

88 893 158 958 141.
173 891 230 958 καὶ
248 885 557 978 κληρονομήσουσιν
573 891 608 955 οἱ
624 889 773 955 ἐκλεκτοί
786 916 851 974 μου
870 888 926 956 καὶ
938 891 973 956 oc
977 891 1055 957 δοῦ·

87 996 142 1059 λοί
152 1017 229 1077 μου,
249 992 303 1058 καὶ
317 987 573 1076 κατοικήσουσιν
585 992 660 1059 ἐκεῖ.
687 989 742 1056 καὶ
756 996 847 1058 ἔσται
861 991 956 1081 ἐντῷ
970 994 1056 1078 δρυ-

87 1097 138 1184 μῷ
157 1097 294 1171 ἔπαυλις
312 1097 488 1179 ποιμνίων,
507 1091 561 1160 καὶ
580 1087 711 1178 φάραγξ
721 1086 827 1177 Ἀχώρ
842 1095 889 1172 είς
902 1087 1056 1160 ἀνάπαυ-

88 1216 143 1263 σιν
161 1198 349 1280 βουκολίων
366 1199 412 1284 τῷ
431 1195 499 1286 λαῷ
523 1220 606 1281 μου,
630 1198 665 1261 οἳ
687 1188 847 1278 ἐζήτησάν
870 1220 920 1280 με.
957 1186 1055 1281 ὑμεῖς
1069 1230 1096 1267 ιο

58 1293 126 1363 ι>δέ
154 1298 189 1362 οἱ
217 1292 490 1381 ἐγκαταλιπόντες
521 1321 562 1382 με
593 1295 649 1362 καὶ
685 1290 986 1381 ἐπιλανθανόμενοι
1016 1293 1056 1364 τό

85 1392 161 1485 όρος
189 1394 225 1465 τὸ
254 1393 454 1485 ἅγιόνμου,
485 1396 541 1465 καὶ
560 1391 782 1483 έτοιμάζοντες
804 1398 846 1484 τῇ
867 1393 950 1484 τύχη
974 1394 1056 1483 τροί-

85 1506 198 1586 πεζαν,
217 1499 273 1566 καὶ
286 1502 491 1588 πληροῦντες
510 1502 554 1589 τῷ
574 1503 708 1585 δαίμονι
726 1498 890 1585 κέρασμα,
910 1497 974 1584 ἐγὼ
992 1525 1056 1567 πα-

86 1597 228 1688 ραδιόσω
245 1593 331 1687 ὑμᾶς
357 1607 405 1680 είς
422 1597 598 1688 μάχαιραν.
639 1602 708 1666 142.
736 1597 858 1679 πάντες
882 1601 919 1668 ἐν
938 1607 1054 1690 σφαγῇ

85 1711 257 1789 πεσεῖσθε,
275 1697 326 1769 ὅτι
345 1698 485 1770 ἐκάλεσα
501 1698 599 1788 ὑμᾶς,
618 1701 673 1768 καὶ
685 1696 746 1787 οῦχ
760 1693 983 1787 ὑπηκούσατε,
995 1703 1052 1770 καὶ
1069 1737 1097 1778 1⁵

87 1800 262 1890 ἐποιήσατε
279 1800 315 1871 τό
329 1801 478 1890 πονηρόν
496 1805 649 1871 ἐναντίον
663 1803 754 1889 ἐμοῦ,
774 1802 829 1869 καὶ
847 1797 943 1871 ἀοῦκ
954 1806 1056 1888 ἐβου-

84 1900 191 1992 λόμην
206 1898 429 1986 ἐξελέξασθε.”

162 2009 232 2074 143,
261 2001 395 2075 Διελων
418 2006 474 2074 καὶ
494 2007 531 2074 ἐν
548 2002 676 2085 τούτοις
703 1998 721 2073 ό
740 2001 836 2091 λόγος
860 2001 969 2092 βραχύ
991 2008 1057 2093 μέν

84 2112 119 2174 τί
134 2127 240 2194 φησιν
257 2110 386 2194 σπέρμα
406 2109 437 2189 ἐξ
455 2103 570 2193 Ἰακωβ
594 2103 771 2189 τεύξεσθαι
793 2110 862 2176 τω’ν
895 2109 1055 2194 ἐπηγγελ·
1119 2188 1124 2193 ,

85 2209 207 2296 μένων,
228 2206 401 2289 ἐκλεκτούς
418 2236 454 2277 τε
473 2207 559 2278 εἶναι
576 2205 653 2288 τοῦς
672 2206 931 2297 κατοικήσαντας
951 2211 987 2278 ἐν
1004 2212 1053 2303 τῷ
1068 2248 1096 2290 20

58 2348 68 2372 c
87 2312 219 2402 δρυμρῦ
251 2307 357 2392 οὕτως
373 2306 543 2399 όνομάζων
560 2306 622 2397 τήν
639 2311 758 2396 κλήσιν
772 2313 840 2379 των
864 2312 993 2398 ἐθνῶν,
1020 2315 1058 2383 ἐν

83 2401 157 2502 ήοί
172 2413 320 2482 ἐκλεκτοὶ
343 2415 402 2481 τοῦ
422 2419 542 2502 κυρίου
560 2415 616 2482 καὶ
634 2409 671 2481 τό
687 2407 803 2500 Ἰακιῦβ
822 2416 964 2500 σπέρμα,
985 2411 1058 2484 εἶεν

84 2511 114 2580 δ’
153 2510 195 2583 ἀν
234 2521 269 2584 οἱ
307 2512 487 2584 ἀπόστολοι
528 2515 583 2583 καὶ
625 2516 773 2602 μαθηταὶ
809 2519 867 2583 τοῦ
904 2520 1055 2605 σωτῆρος

84 2608 191 2702 ήμῶν,
211 2621 244 2684 οί
261 2616 298 2684 δέ
312 2618 422 2684 λοιποὶ
448 2613 571 2696 πάντες
584 2612 674 2700 παρὰ
691 2611 830 2696 τούτους
843 2630 914 2696 ταῖς
934 2620 1057 2702 δηλου-

82 2718 198 2802 μέναις
215 2712 367 2796 ἀπειλαῖς
384 2710 646 2804 ὑποβέβληνται,
664 2719 845 2805 μονονουχὶ
867 2722 926 2785 τοῦ
949 2713 1054 2804 λόγου
1066 2758 1096 2800 2⁶

83 2813 272 2904 γυμνότατα
299 2823 524 2904 παριστῶντος
547 2815 592 2906 μή
618 2812 662 2898 οῦς
688 2823 805 2905 ἔτυχεν
832 2820 886 2886 ἐπὶ
919 2820 988 2887 πάν
1018 2820 1058 2891 τό

80 2912 253 2987 Ἰουδαίων
280 2923 379 2999 ἔθνος
398 2916 547 3007 φθάσειν
570 2917 628 3000 τάς
651 2923 711 2989 τοῦ
735 2923 822 2988 θεοῦ
848 2922 1061 3010 ἐπαγγελίας,

82 3013 156 3087 ἀλλ’
186 3019 240 3087 ἐπὶ
264 3017 428 3108 μόνοντὰ
455 3018 693 3111 ὠνομασμένον
718 3024 867 3110 σπέρμα,
898 3023 955 3090 καὶ
978 3019 1061 3105 τοῦς

83 3122 364 3210 ἐπικαλουμένους
379 3119 552 3204 ἐκλεκτούς
565 3125 627 3192 τοῦ
638 3125 735 3211 θεοῦ,
759 3124 830 3193 ἐπεὶ
845 3123 962 3193 πολλοὶ
978 3132 1060 3212 κλη-

82 3225 142 3311 τοὶ,
161 3218 267 3311 όλίγοι
287 3224 323 3294 δὲ
342 3226 498 3295 ἐκλεκτοί.
526 3229 596 3295 144.
604 3222 732 3306 τούτοις
747 3224 784 3294 δὲ
794 3226 850 3294 καὶ
864 3229 930 3293 νῦν
944 3219 1054 3314 ὄνομα
1066 3270 1096 3310 30

82 3323 199 3395 καινὸν
223 3323 485 3413 ἐπιτεθήσεσθαι
511 3328 585 3415 έξής
614 3323 632 3394 ὁ
666 3323 762 3414 λόγος
785 3333 953 3414 θεσπίζει,
988 3325 1054 3414 φά-

154 3473 327 3535 fflmm.
432 3474 694 3537 ωωωωω
