2326 3818
120 114 185 178 574
530 112 679 163 ωυεεοιι

121 252 181 325 τὸν
198 251 277 323 υίόν
293 249 381 341 μου”
403 254 565 336 ἐξέδωκεν
581 249 599 322 6
613 248 763 332 Ἀκύλας.
789 247 977 339 ἀναγκαίως
997 252 1034 322 δὲ
1052 252 1093 324 τδ

122 355 225 447 ῥητδυ
243 351 554 444 έπεσημειωσάμην,
575 356 710 443 ἐπείπερ
728 356 784 423 καὶ
801 348 818 423 6
837 363 1017 434 Ματθαίος
1035 357 1092 424 τέ-

121 469 232 527 θειται
255 455 318 546 τὴν
341 463 565 547 προφητείαν,
592 449 737 543 ὁπηνίκα
756 462 802 536 είς
822 465 996 543 Αίγυπτου
1015 462 1094 526 δια-

122 561 324 648 κομισθῆναι
341 556 401 628 τδν
415 555 546 646 Ἰησοῦν
559 553 719 627 κάκεῖθεν
734 560 935 629 ἐπανελθεῖν
955 559 1008 626 ἐπὶ
1027 555 1094 646 τὴν

120 667 185 749 γῆν
201 664 262 732 τοῦ
274 657 407 782 Ἰσραὴλ
426 656 557 746 ἐδήλου.
598 665 628 727 εί
643 658 681 727 δέ
696 657 910 778 ἐπιμέμφοιτό
919 688 968 739 τις
981 663 1021 747 τῇ
1042 667 1120 740 είςε

120 771 295 885 Αίγυπτογ
311 756 521 888 ἀναχωρήσει
539 763 598 828 τοῦ
616 765 765 882 σωτηρος
782 755 888 882 ἡμῶν,
909 770 988 830 ίστω
1007 761 1093 831 κατὰ

93 861 220 951 ολόγον
246 860 353 980 αὐτην
378 861 560 984 γεγονέναι.
613 865 642 930 3.
668 858 744 931 οῦτε
771 859 834 989 γάρ
859 859 1066 950 ἕπισχειν
1031 891 1092 932 τον

114 962 271 1087 Ἠρρίδην
295 967 353 1050 τῆς
386 958 669 1054 αῦτοπροαιρέτον
700 969 816 1045 κακίας
847 967 1017 1051 προσηκον
1046 953 1092 1051 6v

119 1061 189 1135 οὔτ’
211 1092 254 1132 αν
240 1054 396 1155 βρέφος
420 1061 507 1134 έτ”’
488 1093 571 1134 οντα
588 1061 645 1134 τὸν
663 1070 796 1155 σωτῆρα
818 1069 886 1134 τῶν
903 1062 1091 1152 θαυμάτων

119 1161 333 1256 ἀπάρξασθαι
350 1167 406 1235 καὶ
423 1164 487 1255 πρὸ
505 1169 626 1287 καιροῦ
641 1165 703 1254 τὴν
716 1173 816 1236 θείαν
831 1170 1089 1237 ἐπιδείκνυσθαι
1103 1194 1128 1234 ιο

122 1263 327 1390 δῦγαμιυ,”
308 1294 391 1358 οπερ
417 1261 461 1336 ἀν
487 1264 701 1390 ε’πράχθη,ε
686 1265 933 1355 είπαραδόξως
953 1271 1091 1390 έπιθου

119 1476 236 1559 μείνας
259 1470 322 1560 τὴν
346 1477 393 1550 είς
412 1481 587 1558 Αἴγυπτον
604 1466 672 1559 ἀμα
698 1486 767 1550 τοις
785 1474 943 1559 γονεῦσιν
960 1470 1088 1559 ἀναχω-

120 1593 227 1660 ρησιυ
263 1577 292 1642 4.
313 1568 396 1641 ἀλλά
415 1569 478 1694 γάρ
496 1561 540 1659 ἦν
552 1575 610 1659 της
624 1578 811 1662 κρείττονος
825 1578 1016 1661 οἰκονομίας
1035 1575 1089 1643 ἐπὶ

119 1677 237 1795 καιροῦ
250 1675 310 1744 τοῦ
323 1671 627 1761 προσήκουτοςτωυ
639 1677 697 1761 τῆς
711 1669 1088 1768 θεότητοςάπάρξασθαι
1103 1700 1127 1741 15

119 1771 341 1868 θαυμάτων
330 1763 357 1843 6
379 1803 418 1862 γε
443 1773 498 1845 διά
523 1771 647 1855 παντὸς
669 1779 730 1844 τοῦ
755 1774 883 1862 βίου.ἱ
851 1804 888 1845 το
906 1779 1014 1864 πρᾶον
1032 1778 1089 1843 καὶ

118 1874 316 1959 ἀνεξίκακον
339 1873 603 1998 μεμαρτύρηται,
627 1882 793 1970 προχείρω
810 1878 872 1966 μὲν
890 1883 936 1957 είς
953 1873 1012 1956 τάς
1030 1873 1088 1944 εῦ-

120 1987 229 2059 ποιίας
248 1985 304 2047 καὶ
321 1975 378 2058 τάς
396 1974 508 2056 κοινάς
532 1974 723 2066 εὐεργεσίας
749 1981 941 2102 γενομένω,
958 1978 1087 2101 μηδένα

122 2079 158 2147 δε
175 2081 242 2147 των
260 2077 305 2209 μη
323 2074 515 2148 ἀκουόντων
526 2073 735 2172 ἀμυνομένῳ,
750 2077 866 2203 μηδ’
854 2077 929 2148 ότε“
932 2073 990 2159 ὡς
1009 2076 1087 2166 πρό-

120 2183 258 2266 βατονέ
258 2182 295 2251 πι
314 2178 449 2269 σφαγηυ
467 2176 566 2269 ἤγετο
590 2176 694 2250 καὶ
671 2210 715 2263 ως
739 2177 852 2302 ἀμνὰς
857 2183 1010 2303 ένμντίον
1028 2187 1087 2250 τοῦ
1101 2210 1127 2249 εο

52 2315 105 2365 (ιιι)
120 2289 288 2371 κείροντος
307 2278 459 2371 ἀφωνος.’
461 2280 526 2352 ’5
546 2287 616 2364 πῶς
629 2273 692 2352 οῦν
707 2281 793 2363 είκός
807 2271 849 2371 ἦν
867 2280 925 2352 τὸν
938 2287 1089 2352 τοιοῦτον
1149 2341 1151 2344 ⁴

95 2388 193 2454 δεῖν
211 2387 248 2453 έν
266 2391 390 2479 παιδίω
408 2383 453 2472 μὴ
479 2381 590 2475 οῦχὶ’
571 2387 786 2474 υποχωρησαι
803 2387 845 2475 τη
860 2412 920 2452 του
909 2381 1088 2474 Ἡρώδου

36 2522 38 2526 ⁴
119 2493 267 2579 κακία,
256 2475 283 2554 6
300 2515 356 2556 και
345 2489 412 2555 ἐν
429 2483 580 2573 ἀνδρι
547 2514 583 2555 το
602 2482 792 2576 ἀναχωρεῖν
817 2489 873 2555 καὶ
891 2483 968 2566 τοῦς
986 2512 1089 2574 πονη-

119 2585 196 2710 ροῦς
216 2556 381 2657 έκάλίνειυ
398 2584 662 2676 μεμαρτύρηται,
689 2585 957 2677 ἐπικρύπτεσθαί
978 2590 1088 2656 τεκαὶ

117 2685 325 2776 ῦποφεῦγειυ
355 2685 413 2756 τδν
439 2689 491 2755 ἐπὶ
515 2703 585 2767 ταῖς
610 2692 903 2777 παραδοξοποιίαις
931 2696 1084 2772 έπαινου;
1100 2714 1127 2755 ει

118 2786 261 2877 παρῄνει
278 2791 364 2877 γοῦν
381 2804 449 2870 τοῑς
467 2785 525 2857 ὑπ’
548 2785 652 2860 αὐτοῦ
666 2793 949 2880 θεραπευομένοις
967 2792 1087 2879 μηδενὶ

118 2891 237 2975 λέγειν.
282 2896 310 2960 6.
332 2896 363 2960 εί
380 2885 413 2960 δ’
434 2892 488 2961 ἐπὶ
512 2888 570 2961 τὸν
595 2891 678 2962 λαὸν
695 2889 756 2982 τὴν
780 2899 989 2981 προφητείαν
1007 2887 1086 2961 ἀνα·

118 2994 215 3081 φέροι
232 3020 292 3079 τις,
311 2990 451 3081 φάσκων
465 2995 616 3082 περὶτοῦ
630 2997 666 3064 ἐκ
681 2995 864 3083 σπέρματος
882 2998 942 3063 τοῦ
956 2990 1086 3082 Ἰσραὴλ

118 3098 201 3163 λαοῦ
221 3100 393 3184 είρησθαι,
414 3092 619 3183 ἐπιστησάτω
637 3102 677 3187 τῇ
695 3099 755 3165 τοῦ
772 3093 874 3184 λόγου
887 3093 1085 3185 ἀκολουθία,

116 3199 219 3265 ταῦτα
238 3203 377 3268 ἔσεσθαι
395 3194 530 3288 φησάση
548 3193 630 3287 μετά
646 3194 682 3267 ιδ
698 3205 805 3268 εἰπεῖν
818 3195 862 3278 ῦς
880 3196 962 3286 πρὸς
980 3191 1085 3284 αὐτην
1098 3219 1124 3260 30
1144 3235 1146 3239 ·

185 3429 217 3476 19
235 3427 283 3478 Es.
297 3429 339 3493 ιε,
352 3431 376 3478 ι.
