2326 3818
191 122 233 187 30
601 122 749 174 Εοεευιι

192 270 338 351 δίκαιος,
356 259 537 351 ἀληθινός,
555 259 738 352 ῦμεμπτος,
756 259 938 384 θεοσεβὴς,
956 259 1097 353 ἀπεχόμ
1132 302 1163 339 ις

192 361 257 434 ἀπὸ
276 363 399 445 παντός
424 367 574 453 πονηροῦ
599 362 806 487 πράγματος,
831 361 895 454 πρό
920 366 989 434 τῶν
1006 367 1155 440 Μωσέιι,

193 465 324 557 χρόνων
341 464 603 590 μεμαρτύρηται·
630 461 666 548 ῦς
686 463 729 593 δή
745 469 802 536 καὶ
819 481 940 587 πεῖραν
957 467 1016 585 τῆς
1034 472 1082 547 εἰς
1099 494 1120 537 τ

193 779 311 862 δειγμα
329 770 455 860 τρόπον
474 772 616 851 καὶτοῖς
635 769 707 860 μετ’
729 767 834 842 αύτόν
850 769 1083 858 ἀπολέλοιπεν,
1103 801 1135 842 τ

191 874 379 964 φιλόσοφον
399 876 529 943 ἐκείνου
547 870 761 962 ἐπιφωνήσας
784 867 1047 961 λόγον“γυμνός
1066 876 1147 964 ἐξήλ

165 1013 176 1042 ε
192 987 257 1046 θον
276 978 313 1048 ἐκ
330 979 456 1055 κοιλίας
473 971 596 1063 μητρός
613 1002 689 1063 μου,
707 971 832 1064 γυμνός
850 976 906 1045 καὶ
919 971 1149 1063 ἀπελεύσομαι

192 1074 210 1147 ὁ
229 1073 342 1163 κύριος
362 1080 506 1162 ἔδωκεν,
530 1070 548 1145 ό
572 1073 687 1165 κύριος
704 1073 879 1166 οἷφείλατο·
914 1074 959 1157 ῦς
982 1079 1028 1169 τῷ
1053 1084 1158 1173 κυρί

112 1185 115 1192 '
193 1181 324 1264 ἔδοξεν,
342 1174 431 1247 οῦτω
449 1178 504 1246 καί
524 1179 661 1265 ἐγένετο.
704 1189 756 1267 είη
780 1177 817 1249 τό
834 1175 940 1267 ὄνομα
963 1183 1085 1268 κυρίου
1104 1176 1146 1250 εὖ

193 1276 409 1368 λογημένον.”

269 1387 297 1451 8.
318 1382 386 1452 Καὶ
403 1377 462 1450 τόν
479 1374 641 1450 ἁπάντων
658 1378 776 1472 κύριον
800 1382 910 1468 σέβων
927 1378 1049 1461 τούτοις
1066 1376 1153 1472 ήφίε

191 1480 248 1564 τὰς
284 1481 419 1572 φωνὰς,
450 1476 489 1565 ῦς
518 1480 686 1573 προϊωνό
715 1479 815 1564 αύτός
844 1489 1006 1571 διασαφεῖ
1039 1479 1087 1553 δι’
1114 1474 1146 1555 οῦ

191 1606 276 1673 φησι
288 1579 414 1672 ’ὀοφός
428 1582 492 1672 γάρ
512 1585 580 1654 ἐστι
595 1590 739 1676 διανοίᾳ,
757 1582 913 1672 κραταιός
926 1610 963 1654 τε
976 1585 1032 1654 καὶ
1045 1585 1154 1674 μέγας

191 1684 209 1754 ό
228 1692 330 1756 σείων
346 1682 408 1772 τήν
424 1678 482 1754 ῦπ’
504 1681 651 1772 οὐρανόν
669 1689 705 1755 ἐκ
722 1692 907 1775 θεμελίων,
932 1691 967 1757 ολ
990 1686 1027 1755 δέ
1045 1690 1163 1760 στῦλο

193 1783 295 1874 αῦτής
312 1782 522 1874 σαλεύονται,
540 1783 558 1855 ό
572 1788 679 1874 λέγων
696 1790 743 1880 τςῦ
756 1781 851 1881 ἡλίῳ,
870 1788 926 1857 καί
943 1785 1006 1857 οῦκ
1023 1785 1150 1861 ιἰνατέλ

192 1899 258 1977 λει,
283 1885 366 1957 κατὰ
391 1888 428 1958 δέ
452 1885 584 1976 ῦστρων
602 1895 875 1979 κατασφραγίζει,
901 1883 1083 1970 ότανύσας
1101 1887 1140 1961 τό

192 1986 338 2079 οῦρανόν
355 1986 490 2078 μόνος.”

269 2096 298 2160 9.
319 2097 364 2161 Ec
380 2088 422 2178 δή
440 2079 503 2160 οῦν
514 2094 634 2161 τοῦτον
647 2086 750 2161 αῦτὸν
763 2094 892 2163 ἐκεῖνον
904 2095 972 2161 τῦν
984 2089 1087 2161 πύλαι
1104 2121 1163 2164 κα

162 2220 175 2260 ι
192 2192 257 2281 πρό
275 2194 428 2273 Μωσέως
445 2195 618 2280 θεοφιλῶν
630 2190 715 2262 θεόν
727 2200 865 2283 ἔναγχος
877 2197 959 2264 πῦσε
975 2207 1045 2273 τοῖς
1063 2199 1148 2267 έθνε

192 2315 248 2364 σιν
265 2291 283 2363 ὁ
301 2300 449 2383 Χριστοῦ
467 2291 563 2382 λόγος
580 2291 702 2383 ὁμοίως
720 2297 859 2376 ἐκείνοις
881 2292 985 2383 μόνον
1004 2289 1125 2383 εῦσεβε

193 2393 381 2484 διετάξατο,
406 2399 558 2485 πέφηνεν
580 2393 670 2477 ὅπως
692 2399 849 2468 κοινωνοί
871 2393 1083 2485 γεγενήμεθα
1100 2401 1143 2487 τῆ

192 2507 264 2587 ίσης
292 2494 405 2568 αῦτῦν
440 2500 578 2569 ἐκείνων
605 2492 792 2584 εὐσεβείας·
832 2501 891 2587 της
924 2498 962 2568 δέ
989 2495 1163 2585 εῦσεβεία

150 2622 177 2676 [91
192 2596 409 2688 μετασχόντες
448 2605 550 2688 δῆλον
585 2597 630 2680 ὡς
661 2601 717 2668 καὶ
745 2602 804 2688 της
834 2595 987 2687 εὐλογίας
1018 2608 1121 2689 μεταλ

191 2697 335 2788 ψόμεθα.
386 2706 435 2770 10.
468 2697 551 2769 ἀλλὰ
582 2702 638 2768 καὶ
675 2697 734 2769 τόν
764 2704 823 2770 τοῦ
854 2707 939 2771 θεοῦ
965 2698 1083 2790 λόγον,
1118 2697 1142 2772 ό

193 2800 234 2889 δή
258 2802 404 2892 Χριστόν
435 2796 516 2891 ήμῑν
547 2799 809 2892 προσαγορεύειν
834 2808 946 2892 φίλον,
964 2799 1085 2891 ὁμοίως
1103 2801 1150 2875 κόι

192 2919 297 2973 κεῖνοι
314 2901 451 2991 γνόντες
476 2901 772 2995 ἐμαρτυρήθησαν·
800 2909 888 2993 οἵγε
906 2905 963 2973 καὶ
980 2904 1066 2974 πολῦ
1086 2911 1145 2977 δια

191 3002 362 3094 φερόντως
390 3012 449 3094 τῆς
481 3007 649 3094 ἐμφανοῦς
680 3001 784 3076 αῦτοῦ
809 3013 994 3097 παρουσίας
1030 3034 1067 3076 τε
1104 3035 1163 3079 κα

190 3114 394 3197 θεοφανείας
428 3104 631 3196 η’ξιύθησαν.
692 3114 740 3179 11,
773 3105 960 3179 ἐπάκουσον
994 3111 1080 3196 γοῦν
1114 3108 1143 3179 οὗ

190 3208 292 3280 πόλιν
310 3205 410 3290 αύτός
427 3206 445 3278 ὁ
460 3211 589 3297 Μωσής
606 3207 665 3292 τόν
678 3213 881 3299 ἐπιφανέντα
897 3224 967 3290 τοϊς
985 3214 1149 3298 θεοφιλέσ

248 3362 275 3367 „-
280 3361 394 3369 ———-

261 3445 274 3493 7
293 3443 355 3493 Job.
372 3445 394 3503 1,
409 3445 449 3493 21.
555 3445 587 3494 14
604 3444 667 3495 Job.
680 3446 705 3506 9,
718 3447 743 3494 4.
