2326 3818
132 128 175 193 43
543 124 692 176 ωυεεειι

134 266 239 359 μόνον
252 266 436 353 Ἰουδαίοις,
455 262 538 334 οἷλλδι
552 268 607 335 καὶ
619 261 754 352 Ἕλλησι
772 265 827 335 καὶ
847 261 1028 353 βαρβάροις
1047 266 1105 334 καὶ

135 389 204 451 τοῖς
221 365 281 456 ὑφ’
302 367 386 461 ἡλίφ
405 371 509 438 πᾶσιν
522 375 660 437 ἔθνεσιν
673 363 895 455 ἐπιβοώμενος
906 363 1022 454 νόμον,
1040 361 1105 454 δρα

75 500 119 550 ρει
135 479 170 542 τί
185 478 304 559 φησίν·
339 476 389 540 64.
411 461 436 539 ῶ
460 466 641 557 ἄνθρωπε,
666 471 722 537 καὶ
745 465 880 557 σύμπαν
906 465 942 538 τὸ
964 470 1106 556 θνητῶν
1126 500 1158 555 χ

136 577 248 662 γένος,
267 571 285 643 ὁ
302 573 365 662 μέν
384 571 424 661 δη
444 573 596 651 Μωσέως
612 567 715 658 νόμος
732 564 792 657 ἀφ’
815 569 888 651 ένὸς
905 572 1024 657 γένους
1042 564 1107 640 ἆν-

135 673 285 765 θρῶπωυ
297 672 479 763 ἀρξάμενος
494 676 627 761 πρῶτον
639 668 798 741 ἁπάντων
810 669 847 740 τό
862 665 1036 742 Ἰουδαίων
1050 672 1106 759 γέ-
1120 700 1135 741 ε

135 807 202 864 νος,
221 783 279 865 τῆς
297 775 379 864 πρὸς
392 774 469 855 τούς
480 782 651 861 θεοφιλεῖς
660 771 869 862 προπάτορας
878 770 990 845 αὐτῶν
1004 776 1107 862 ἐπαγ-

135 887 247 966 γελίας
258 882 383 964 ἕνεκεν,
394 873 581 963 ἐπὶτηντού
588 873 754 955 ἕνὸςθεού
761 881 887 962 γνῶσιν
899 871 1107 963 ἀνεκαλεῖτο,

136 987 193 1067 τῆς
211 981 330 1067 πικρᾶς
348 981 416 1047 τῶν
435 974 604 1066 δαιμόνων
617 982 771 1058 δουλείας
783 975 860 1058 τούς
872 973 1108 1061 ὑπακούοντας

136 1077 371 1150 ἀπαλλάττων·
401 1076 464 1167 έγῶ
479 1080 516 1149 δέ
529 1083 632 1148 πᾶσιν
649 1075 844 1167 ἆνθρῶποις
868 1081 923 1148 καὶ
942 1096 1012 1158 τοῖς
1026 1074 1105 1150 καθ’

136 1178 214 1268 ὅλης
233 1184 290 1268 τῆς
307 1182 504 1269 οἰκουμένης
523 1189 637 1250 ἔθνεσι
655 1178 717 1268 τὴν
733 1183 1026 1268 ἐπαναβεβηκυῖαν
1043 1185 1108 1251 τοῦ
1122 1213 1152 1255 το

20 1360 23 1367 ,
138 1285 222 1353 θεού
240 1286 366 1370 γνῶσιν
383 1284 440 1352 καὶ
459 1280 634 1369 εὐσέβειαν
651 1286 905 1370 προαγγέλλων,
925 1278 1007 1350 κατὰ
1024 1281 1109 1365 τούς

110 1381 222 1474 ιᾶμφὶ
241 1381 299 1454 τόν
312 1382 460 1475 Ἀβραὰμ
478 1386 533 1454 καὶ
551 1375 629 1465 τούς
644 1392 691 1455 ἔτι
705 1386 923 1473 παλαιτέρους
940 1378 1005 1471 πρό
1023 1393 1110 1455 Μω-

137 1489 219 1568 σέως
245 1485 375 1576 χρόνων
398 1491 496 1574 βιοῦν
519 1493 690 1573 παραινῶ,
717 1489 753 1555 έν
775 1481 825 1565 οἷς
851 1488 883 1568 ἐξ
903 1482 1110 1558 ἅλλοδαπον

139 1593 251 1658 έθνῶυ
269 1595 405 1669 πλείους
425 1584 478 1656 ἐπ’
500 1585 654 1679 εὐσεβείᾳ
681 1584 945 1676 μνημονεύονται
964 1584 1110 1676 διαλάμ-

138 1706 270 1772 φαντες.
312 1694 362 1758 65.
389 1691 444 1758 καὶ
467 1686 583 1758 πόλιν·
619 1685 723 1777 ὁμὲν
748 1692 898 1769 Μωσέως
923 1686 1022 1775 νόμος
1047 1687 1105 1779 ἐφ’
1124 1718 1150 1763 1⁸

139 1793 198 1859 ἕνα
215 1787 289 1859 τινὰ
311 1792 369 1877 της
392 1794 452 1879 γῆς
470 1785 705 1879 ἀφωρισμένον
729 1788 832 1860 τόπον
853 1786 931 1870 τούς
951 1785 1110 1874 εύσεβεῖυ
1147 1805 1150 1809 ’

138 1893 392 1982 προῃρημένους
417 1889 577 1962 σπεύδειν
612 1889 826 1980 πανταχόθεν
852 1889 1109 1982 παρεκελεύετο,

83 2019 123 2072 [ιτ]
140 1995 204 2080 έγῶ
224 1999 261 2062 δὲ
278 2009 347 2072 τοῖς
365 1997 468 2062 πᾶσιν
484 1990 577 2074 ιἰνεὶς
595 1991 656 2081 τὴν
674 1998 886 2082 ἐλευθερίαν,
904 1988 968 2063 οὐκ
986 1996 1023 2062 ἐν
1039 2021 1109 2080 γω-

137 2101 195 2186 νίᾳ
213 2098 289 2183 γῆς,
315 2090 388 2164 οὐδ’
411 2097 447 2163 έν
471 2091 601 2183 ὄρεσιν,
626 2093 731 2185 ἧτισι
755 2092 993 2186 χειροποιήτοις
1011 2111 1109 2180 ναοῖς

139 2205 246 2284 ζητεῖν
264 2193 322 2265 τὸν
341 2197 395 2265 ἐπὶ
414 2194 550 2266 πάντων
567 2194 667 2283 θεὸν,
686 2209 824 2268 οἴκοθεν
843 2197 880 2266 δέ
895 2200 1035 2267 ἕκαστον
1053 2199 1108 2269 σέ-
1122 2229 1150 2272 το

137 2304 212 2384 βειν
231 2292 334 2367 αὐτόν
352 2300 407 2367 καὶ
424 2314 628 2384 προσκυνεῖν
645 2296 806 2370 παιδεύω.
838 2304 889 2368 66.
910 2300 964 2367 καὶ
983 2295 1107 2371 πόλιν·

114 2394 156 2468 τό
174 2400 237 2490 μὲν
255 2399 394 2482 παλαιὸς
412 2397 512 2489 νόμος
530 2409 667 2483 θυσίαις
684 2419 756 2482 ταῖς
776 2397 831 2470 διδι
850 2397 942 2493 ζῶων
960 2418 1110 2488 σφαγαῖς

137 2507 326 2591 λιβανωτοῦ
338 2531 373 2572 τε
388 2504 443 2571 καὶ
457 2499 561 2589 πυρός
575 2510 634 2573 καί
647 2532 749 2573 τινων
755 2499 866 2572 ἄλλων
877 2499 1110 2590 ὁμοιοτρόπων

138 2609 197 2672 τοῦ
215 2602 366 2690 σώματος
389 2607 573 2692 καθαρμῶν
598 2602 804 2694 θρησκεύειν
821 2601 880 2675 τόν
898 2607 952 2672 ἐπὶ
970 2601 1111 2679 πάντων

137 2703 221 2773 θεὸν
239 2703 489 2792 παρεκελεύετο,
509 2702 572 2792 έγῶ
591 2706 629 2775 δὲ
640 2704 681 2774 τὰ
699 2709 806 2794 ψυχῆς
824 2703 1031 2794 παραδιδούς
1048 2703 1106 2798 ὄρ·
1119 2732 1146 2777 τε

139 2833 195 2891 για
214 2810 347 2897 διανοίᾳ
365 2803 585 2897 καθαρωτάτη
604 2809 660 2877 καὶ
677 2811 725 2899 νῷ
745 2814 895 2895 διαυγεῖ,
914 2811 951 2877 έν
969 2828 1108 2895 σωφρο-

139 2903 224 2994 σύνη
244 2907 299 2975 καὶ
316 2910 363 2999 τῶ
380 2903 453 2977 κατ’
473 2905 595 2997 ἀρετὴν
613 2915 689 3002 βίφ,
709 2907 856 2996 δόγμασί
869 2936 905 2978 τε
917 2907 1035 2999 ὀρθοῖς
1049 2915 1109 2983 καὶ

139 3002 292 3094 εύσεβέσι
309 3007 345 3078 τὸ
363 3021 462 3080 θεῖον
478 3017 649 3099 γεραίρειν
662 3008 862 3101 προστόυω.
894 3016 944 3080 67.
965 3012 1022 3080 καὶ
1039 3011 1110 3083 πῶ-

138 3118 207 3180 λιν·
236 3115 363 3199 Μωσῆς
381 3111 443 3200 μέν
461 3110 505 3192 ῶς
523 3107 565 3181 ἂν
581 3109 771 3202 μιαιφόνοις
788 3102 866 3182 οὖσι
883 3129 951 3192 τοῖς
969 3109 1042 3182 τότε
1059 3114 1108 3205 μὴ

138 3210 297 3298 φονεύειν
320 3212 480 3303 παρῄνει,
506 3211 570 3300 έγῶ
596 3215 635 3284 δέ
651 3231 720 3296 τοῖς
739 3218 776 3284 έν
793 3211 900 3307 τούτφ
918 3221 1107 3304 προπαιδα-
1120 3244 1147 3285 ω

111 3335 124 3374 ι
138 3325 322 3400 γωγηθεῖσι
353 3317 408 3384 καὶ
439 3312 500 3401 τὴν
531 3312 668 3405 πρῶτην
693 3313 832 3402 ε’ντολην
864 3315 1107 3403 κατωρθωκόσι

138 3419 312 3501 νομοθετῶ
339 3413 400 3502 τὴν
430 3418 652 3507 τελειοτέραν,
685 3412 767 3506 μηδ’
798 3415 899 3508 ὀργῆς
929 3420 1107 3507 ἐνέχεσθαι
