2326 3818
127 115 189 181 &8
537 114 686 166 amma

127 252 144 327 ὁ
163 254 274 345 σωτὴρ
293 261 349 325 καλ
366 252 479 346 κύριος
493 251 589 344 ἡμῶν
600 251 805 345 μνημονεύει
816 255 925 342 λέγων
937 253 1018 345 πρὸς
1034 252 1097 344 τὴν

127 369 350 448 Σαμαρεῖτιν,
364 351 419 427 “el
434 353 527 447 ᾔδεις
545 362 594 437 τίς
613 350 739 428 ἐστλνὸ
758 358 862 426 αἰτῶν
875 377 914 426 σε
931 373 1034 447 πιεῖν,
1053 354 1097 426 σι)

127 455 169 529 άν
187 455 311 549 ᾔτησας
329 455 444 545 αὐτὸν,
463 458 519 528 καὶ
537 463 664 527 ἔδωκεν
676 454 720 528 άν
734 478 787 527 σοι
803 452 897 547 ὕδωρ
916 454 1013 541 ζῶν.”
1033 454 1096 548 ὅση

128 561 165 630 δὲ
181 577 250 641 τοῖς
267 557 551 649 ἆπογευσαμίνοις
563 564 623 629 τοῦ
638 563 758 642 ζῶντος
767 560 823 628 καὶ
837 562 974 647 λογικοῦ
990 558 1096 650 νάμα-

126 690 181 743 τος
197 659 346 752 ὑπῆρξεν
369 657 514 750 ῶφέλεια
537 667 737 750 παρίστησιν
762 661 836 748 ἑξῆς
860 659 1032 731 διδάσκων
1051 660 1122 743 ῶςε

126 770 161 834 οῖ
176 761 307 845 πιόντες
325 760 442 850 αὐτοῶ,
460 761 537 843 τούς
549 758 652 831 πάλαι
668 761 812 842 πολλοὺς
829 759 1096 850 βασιλεύσαντας

126 862 237 936 αὐτῶν
263 869 422 954 δαίμονας
445 860 611 955 πονηρούς
635 859 926 953 άπαρνησάμενοι,
953 863 1012 935 τὸν
1036 868 1096 934 ἕνα

125 964 244 1055 κύριον
267 968 322 1035 καί
346 965 485 1053 βασιλέα
508 967 606 1053 σφῶν
623 960 735 1035 αὐτῶν
752 962 1011 1055 ὁμολογήσουσι,
1039 967 1095 1035 καὶ

126 1065 170 1148 ῶς
188 1061 205 1136 ὁ
225 1063 338 1156 κύριος
355 1061 373 1136 ὁ
391 1063 504 1155 μόνοις
521 1063 558 1136 τό
575 1067 656 1157 πρὶν
668 1063 832 1155 Ἑβραίοις
855 1065 1095 1157 γνωριζόμενος

57 1196 112 1248 (ωε)
126 1166 301 1257 γενήσεται
320 1165 478 1255 βασιλεῶς
496 1163 632 1238 πάντων
648 1169 716 1237 τῶν
730 1174 778 1249 είς
791 1165 895 1238 αὐτὸν
913 1171 946 1250 ἐξ
963 1167 1094 1257 ἁπάσης
1107 1199 1134 1240 ιο

124 1276 183 1359 τῆς
206 1272 267 1359 γῆς
290 1267 543 1341 πιστευσάντων
568 1271 697 1356 ἐθνῶν,
721 1270 777 1339 καὶ
800 1268 837 1339 τὸ
863 1265 970 1358 ὄνομα
988 1265 1094 1340 αὐτοῦ

125 1375 164 1443 ἓν
181 1377 289 1460 ἔσται,
313 1375 462 1442 κνκλοῦν
487 1372 598 1440 πᾶσαν
620 1366 679 1458 τὴν
704 1373 770 1459 γῆν
793 1374 848 1440 καὶ
871 1368 934 1459 τὴν
958 1379 1091 1462 ἔρημον.

124 1478 153 1542 9.
173 1467 193 1543 ὃ
209 1475 266 1543 καὶ
283 1469 365 1542 αὐτὸ
382 1480 433 1554 τίς
450 1467 513 1542 οὐκ
530 1467 574 1542 άν
590 1468 680 1560 ὁρῶν
698 1473 894 1561 ἐκπλαγείη;
919 1470 985 1542 άπὸ
1009 1478 1094 1561 γοῦν

123 1576 181 1662 τῆς
199 1578 346 1664 Χριστοῦ
364 1579 604 1663 προσηγορίας,
624 1570 738 1663 (αὐτὸς
757 1574 795 1643 δὲ
818 1563 897 1662 ἦνὸ
916 1574 1056 1664 Χριστὸς
1074 1570 1092 1644 ὁ

124 1671 308 1766 κύριος)τὸ
332 1679 400 1745 τῶν
417 1680 629 1765 Χριστιανῶν
652 1671 756 1764 ὄνομα
783 1673 892 1746 πάντα
914 1674 1018 1746 τόπον
1035 1679 1093 1747 καὶ
1106 1705 1131 1746 15

123 1775 222 1847 πόλιν
240 1779 296 1847 καί
314 1774 427 1867 χῶραν
445 1778 501 1847 καί
520 1773 605 1847 αὐτά
627 1803 666 1865 γε
683 1774 724 1846 τά
741 1780 780 1848 ἐν
795 1793 867 1859 ταῖς
887 1775 1019 1867 ἐρήμοις
1037 1781 1093 1848 καὶ

123 1894 195 1959 ταῖς
213 1881 378 1968 ἐσχατιαῖς
401 1881 459 1966 τῆς
482 1884 543 1966 γῆς
560 1884 717 1948 οἰκοῦντα
740 1883 826 1967 ἔθνη
843 1877 1093 1969 περιεκάκλωσε

122 1995 193 2059 τοῖς
211 1983 268 2067 τῆς
285 1989 489 2068 προφητείας
507 1976 702 2060 ἀκολούθως
719 1987 956 2070 θεσπίσμασιν.

439 2244 516 2319 'And
540 2255 681 2340 Ψαλμοῶ
698 2249 765 2321 κα’.

199 2396 271 2458 VIII.
292 2379 351 2455 “‘0
375 2381 454 2466 θεὸς
478 2379 495 2454 ὁ
513 2383 599 2466 θεός
610 2413 695 2475 μου,
714 2383 879 2475 πρόσσχες
901 2414 974 2475 μοι,
1003 2389 1095 2456 ίνατί
1104 2416 1130 2456 ιο

123 2488 333 2572 ἐγκατέλιπές
350 2513 408 2577 με;
427 2485 559 2577 μακράν
572 2484 705 2575 ἀπὸτης
723 2494 888 2576 σωτηρίας
904 2516 970 2577 μου
988 2493 1023 2558 οί
1038 2487 1091 2557 λό-

122 2614 175 2674 γοι
191 2589 259 2657 τῶν
276 2585 554 2679 παραπτωμάτων
571 2616 644 2677 μου.
680 2590 698 2658 ὁ
716 2587 796 2669 θεός
809 2617 874 2678 μου
892 2588 1092 2678 κεκράξομαι

94 2730 104 2758 ι
122 2681 246 2778 ἡμέρας
264 2687 345 2779 πρὸς
364 2691 418 2776 σὲ,
437 2691 493 2758 καὶ
510 2684 573 2759 οὐκ
591 2687 787 2780 είσακούση·
815 2691 871 2759 καὶ
883 2687 1015 2777 νυκτὸς,
1034 2692 1090 2759 καί

121 2783 184 2857 οὐκ
211 2795 258 2870 είς
284 2786 403 2860 άνοιαν
428 2792 507 2877 ἐμοί.
551 2788 593 2859 σύ
619 2790 656 2860 δὲ
675 2793 711 2862 ἐν
733 2789 841 2879 ἁγίοις
864 2807 1048 2879 κατοικεῖς,
1072 2786 1089 2862 ὁ

121 2896 255 2972 ἔπαινος
268 2893 329 2960 τοῶ
339 2887 476 2982 Ἰσραήλ.
503 2893 557 2962 ἐπὶ
566 2893 619 2962 σοὶ
631 2888 776 2980 ἤλπισαν
788 2897 823 2964 οί
830 2895 968 2983 πατέρες
982 2888 1089 2983 ἡμῶν,
1102 2921 1128 2962 ιε

120 2987 282 3081 ἤλπισαν,
302 2994 358 3063 καί
377 2991 507 3085 ἐρρῶσω
525 2988 656 3074 αὐτούς.
693 2993 775 3086 πρὸς
788 2996 827 3065 σὲ
841 2996 1020 3084 ἐκέκραξαν
1034 2999 1090 3066 καὶ

121 3091 313 3183 ἐσῶθησαν·
343 3096 396 3164 ἐπὶ
415 3097 468 3164 σοὶ
485 3091 631 3183 ἤλπισαν
648 3100 684 3167 οί
693 3099 831 3187 πατέρες
848 3094 955 3185 ἡμῶν,
974 3098 1030 3167 καί
1048 3092 1090 3167 οὗ

120 3192 411 3286 κατησχάνθησαν.
447 3200 477 3267 2.
495 3194 559 3285 ἐγῶ
577 3199 618 3267 δέ
629 3205 696 3288 εἰμι
714 3196 860 3287 σκῶληξ,
879 3201 935 3268 καὶ
953 3195 1015 3269 οὐκ
1032 3194 1090 3267 άν-

188 3426 359 3492 οωαω
463 3430 652 3493 mmmm
