2326 3818
146 113 211 178 234
562 113 713 165 ιιυεεειι

147 254 209 341 μὲν
227 254 282 320 καί
302 251 347 321 δι’
370 242 418 321 οἷν
435 258 575 338 ἔπραττε
598 253 654 320 καί
672 253 849 321 ἐδίδασκεν
876 256 1020 339 ἰσχυρῶς
1039 249 1126 342 ᾐκί-

148 363 236 440 ζετο,
263 359 330 423 πᾶν
355 353 392 422 δὲ
416 349 453 422 τό
476 348 697 440 άνθράπινον
720 354 816 440 γένος
834 367 902 432 τοϊς
926 348 981 420 διά
1005 352 1125 442 λόγων

147 452 280 544 ἡμέροις
298 457 353 523 καί
371 454 551 542 προσηνέσι
569 452 755 543 φαρμάκοις
779 468 850 534 ταῖς
868 480 904 523 τε
921 455 1043 538 πραέσι
1063 460 1124 527 καί

147 571 400 647 προτρεπτικοῖς
425 553 529 624 αύτού
554 560 784 635 διδασκαλίαις
812 557 883 624 ἰάτο
913 554 968 623 καί
993 556 1123 643 έθερά-

147 685 246 746 πευε,
265 655 376 727 νόσων
392 685 428 726 τε
446 663 614 725 παντοίων
632 657 687 725 καί
706 657 827 726 παθωυ
849 653 910 744 οὑχ
933 644 1034 741 ἦττον
1052 679 1147 731 σω·τ

146 758 261 848 μάτωυ
278 754 299 846 ἢ
317 760 435 846 ηυχων
452 752 670 845 ἀπήλλαττεν,
690 760 831 838 παλαιάς
848 784 885 826 τε
910 761 1123 847 δεισιδαιμο·

148 867 221 942 νίας
239 861 296 926 καλ
321 855 486 945 δειμάτων
508 861 679 927 πολυθέου
703 854 831 944 πλάνης
848 861 906 945 τῆς
923 884 959 926 τε
977 864 1123 947 αἰσχρᾶς

148 964 203 1030 καὶ
221 956 407 1028 ἀκολάστου
426 963 558 1047 διαίτης
570 955 695 1040 πάντας
713 956 789 1039 τούς
807 956 1004 1047 προσιόντας
1024 963 1122 1031 έλευ·

146 1061 270 1149 θέρους
299 1055 412 1147 άφείς,
443 1063 613 1147 μεθιστεόν
642 1087 678 1128 τε
706 1062 761 1129 καί
790 1058 1008 1148 μεταβάλλων
1036 1058 1121 1143 τούς

148 1158 237 1255 αὐτῷ
255 1161 538 1250 προσανέχοντας,
558 1163 594 1230 ἐκ
611 1161 673 1249 μὲν
686 1157 866 1241 άκολασίας
882 1163 935 1230 ἐπὶ
954 1159 1119 1251 σαόφρονα
1132 1195 1158 1236 ιο

147 1268 240 1349 βίον,
266 1265 302 1330 έκ
327 1263 364 1332 δὲ
387 1258 541 1349 άσεβείας
566 1264 620 1331 έπί
646 1259 820 1349 εὐσέβειαν
844 1264 899 1331 καί
925 1265 957 1344 ἐξ
982 1259 1119 1345 άδικίας

85 1364 202 1439 (ιιηέπί
228 1359 466 1452 δικαιοσύνην,
497 1365 555 1433 υαί
579 1359 647 1452 μὴν
670 1365 787 1433 καίκέκ
809 1366 866 1451 τῆς
892 1366 960 1432 τοῖν
983 1368 1119 1452 πικρῶν

148 1462 317 1554 δαιμόνων
341 1469 537 1545 δυναστείας
557 1465 610 1534 έπὶ
634 1461 696 1552 τὴν
714 1472 836 1534 ἔνθεον
853 1461 1039 1552 κατάληψιν
1057 1470 1120 1554 τῆς

146 1564 296 1654 άληθούς
315 1563 502 1654 εὐσεβείας,
528 1568 584 1635 καί
607 1562 688 1654 πρός
707 1568 761 1634 έπί
780 1563 909 1645 τούτοις
931 1563 1040 1645 πύλας
1059 1564 1119 1638 ού·

147 1674 267 1756 ρανίου
285 1669 367 1756 ζωῆς
385 1669 440 1736 καί
458 1671 516 1755 τῆς
531 1664 603 1736 κατ’
625 1663 799 1752 εὐσέβειαν
812 1670 1028 1746 διδασκαλίας
1045 1685 1119 1750 τοῖς
1131 1696 1156 1741 ω

147 1763 227 1837 καθ’
253 1765 331 1855 ὅλης
354 1770 412 1856 τῆς
435 1769 631 1854 οἰκουμένης
649 1773 765 1837 ἔθνεσι
783 1765 1038 1857 προϊσχόμενος,
1057 1772 1118 1839 καὶ

149 1874 196 1951 εἰς
213 1867 372 1940 τοσοῦτόν
396 1897 434 1957 γε
451 1865 599 1937 κάτεισιν
617 1863 661 1949 ὦς
685 1865 852 1957 μὴμόνον
874 1866 1039 1956 κάμνουσι
1058 1872 1118 1939 καί

147 1973 296 2057 χαλεποῖς
327 1969 602 2057 νοσηλειιομέυοις
632 1965 689 2050 τάς
720 1967 827 2059 ψυχάς
857 1966 919 2057 την
948 1967 1119 2060 σωτήριον

148 2066 258 2159 ὀρέξαι
276 2069 407 2156 δεξιάν,
431 2067 497 2157 ἤδη
522 2069 559 2138 δέ·
577 2072 633 2139 καί
651 2073 684 2152 ἐξ
702 2069 815 2140 αὐτων
834 2073 902 2139 των
920 2073 1037 2141 πυλῶν
1054 2077 1118 2142 τοῦ

120 2166 300 2241 1ιθαυάτου
316 2168 393 2253 τούς
409 2169 614 2260 ἡμιθνῆτας,
633 2167 654 2259 ἢ
672 2173 728 2240 καί
745 2169 884 2260 πάμπαν
901 2168 1116 2254 ἀπολωλότας
1130 2207 1157 2248 ω

147 2274 183 2341 έκ
200 2274 330 2362 μακροῦ
346 2300 383 2342 τε
401 2275 717 2363 κατορωρυγμένους
729 2278 797 2344 τῶν
814 2276 874 2343 τού
890 2271 1043 2343 θανάτου
1056 2277 1117 2343 λῦ-

146 2394 203 2443 σαι
222 2378 369 2463 δεσμῶυ·
400 2379 447 2444 15.
470 2370 515 2444 δι’
530 2371 573 2464 ἣν
587 2373 729 2464 μάλιστα
743 2381 854 2444 αἰτίαν
863 2376 919 2443 καί
932 2377 1027 2464 μέχρι
1045 2379 1116 2445 των

146 2471 266 2547 αύτόθι
290 2484 423 2566 χωρίων
447 2478 584 2565 ἐδέησεν
607 2472 699 2568 αύτῷ
723 2479 906 2564 ἐνεργείας,
933 2471 978 2558 ως
1001 2470 1043 2545 άν
1067 2475 1115 2565 μη

144 2574 248 2665 μόνον
275 2574 425 2662 ζεόντων,
451 2572 536 2644 άλλά
566 2578 621 2646 καί
644 2581 775 2666 νεκρων
798 2574 1015 2667 κυριεύσειεν.
1057 2573 1116 2647 ὅτε

145 2679 207 2765 μέν
224 2668 287 2746 ούυ
304 2683 350 2768 τῷ
368 2678 468 2765 πατρί
486 2675 642 2747 σύνεστιν
665 2681 721 2747 καί
743 2674 806 2766 τὴν
829 2682 898 2747 τῶν
922 2675 1011 2748 ὅλων
1029 2677 1115 2768 πρό-
1127 2709 1154 2751 ετ

145 2806 242 2846 νοιαν
257 2778 364 2870 ένθίω
380 2775 521 2866 δυνάμει
539 2783 755 2870 διακυβερνᾷ,
772 2774 920 2868 ούρανοῦ
934 2777 1038 2849 αὐτοῦ
1056 2776 1114 2848 καί

146 2884 206 2965 γῆς
228 2874 312 2966 ὁμου
335 2880 391 2948 καί
414 2882 482 2948 τῶν
501 2880 537 2948 έν
554 2876 682 2960 τούτοις
706 2882 951 2970 περιεχομένων
974 2877 1115 2968 φύσεων

80 2982 213 3058 [1051u5v
226 3005 262 3048 τε
277 2981 430 3051 ἐπέκεινα
443 2978 591 3069 ούρανού
604 2987 710 3052 θείων
724 2984 779 3051 καλ
794 2979 978 3071 άσωμάτωυ
987 2976 1112 3050 ούσιῶυ

121 3120 132 3148 0
148 3083 320 3151 ἐπισκοπεῖ
337 3085 392 3152 καί
407 3084 593 3171 ἐπιμέλεται
609 3087 694 3152 θεοῦ
714 3080 810 3171 λόγος
828 3084 884 3153 καί
904 3085 990 3153 θεοῦ
1008 3087 1111 3168 σοφία

146 3184 201 3251 καί
220 3187 304 3253 θεού
323 3182 478 3271 δύναμις,
496 3180 609 3272 άρχωυ
621 3210 658 3253 τε
672 3188 726 3254 καί
744 3179 928 3272 ἡγούμενος
943 3184 998 3252 καὶ
1016 3187 1109 3270 βασι·
1123 3213 1151 3255 εο

146 3279 236 3370 λεύς,
255 3281 320 3371 ἤδη
340 3284 377 3352 δέ
395 3287 451 3353 καί
464 3282 542 3366 θεὸς
561 3286 617 3353 καί
635 3283 749 3375 κύριος
768 3288 805 3354 έυ
821 3301 889 3366 τοῖς
907 3291 1015 3366 θείοις
1033 3311 1110 3372 χρη-

146 3398 241 3469 σμοῖς
258 3382 509 3474 άνευφημεϊται,
529 3388 584 3455 καὶ
602 3394 754 3473 φωτίζων
766 3386 828 3474 μὲν
841 3383 900 3468 τάς
915 3382 1112 3474 ἀσωμάτους
