2326 3818
312 145 496 198 DEMONST.
514 145 647 198 εοεαε.
666 146 715 197 x1.
735 148 758 195 τ.
772 147 797 196 ε.
928 171 930 175 -
968 142 1032 206 589

62 286 188 376 μήποτε
212 283 405 374 προσκόψῃς
429 283 511 375 πρὸς
535 292 636 355 λίθον
657 281 716 354 τόν
734 282 822 354 πόδα
839 307 912 354 σον.
949 284 1031 371 πρὸς

62 385 102 458 ὃν
126 388 143 457 ὁ
168 385 282 476 κύριος
300 381 396 475 ήμῶν
412 382 609 472 ἀποκριθεὶς
632 386 721 474 εἶπε,
740 387 941 475 γέγραπται,
956 383 1032 456 ὀὐκ

63 487 270 578 ἐκπειράσεις
288 486 406 576 κόριον
429 484 489 557 τόν
511 484 596 557 θεόν
613 484 706 556 σον,”
749 491 800 556 24.
821 481 882 555 εἶτ’
904 490 976 555 ἐπεὶ
995 492 1031 557 ἐν

63 597 109 683 τῷ
126 594 299 682 πειρασμῷ
322 587 404 677 μετά
421 591 490 658 τάν
506 596 655 678 θηρίων,
681 585 763 657 κατά
779 579 840 658 τόν
858 583 1032 675 εὐαγγελι-

38 688 163 778 εστήν,
189 691 350 780 διέτριβε,
374 697 482 761 ποίων
499 691 537 760 δὲ
554 688 617 759 οὐκ
634 687 899 778 ἀναγέγραπται,
925 692 1032 776 σαφὲ-
1050 730 1060 755 0

63 814 183 878 στερον
200 800 299 863 τοῦτο
317 790 398 861 αὐτὸ
416 787 437 879 ή
455 795 515 862 τοὺ
537 797 677 881 Ψαλμοῦ
696 797 882 880 προφητεία
899 788 940 859 τά
959 798 1032 879 είδη

62 899 132 963 τῶν
148 901 282 983 θηρίων
296 896 506 982 αἰνιττομένη
519 894 624 982 φησὶν
637 891 716 963 “ἐπλ
728 891 853 963 ἀσπίδα
867 894 923 962 καὶ
938 900 1032 980 βασι-

64 1001 181 1066 λίσκον
204 994 364 1086 ίπιβήση,
389 997 445 1065 καί
468 993 710 1085 καταπατήσεις
735 997 853 1065 λεόντα
875 996 931 1064 καί
955 995 1033 1083 ‹5902-

63 1092 197 1167 κοντα.”
232 1103 284 1167 25.
307 1094 407 1177 αὐτὸς
423 1096 486 1185 μὲν
503 1087 566 1167 οὖν
583 1095 623 1166 τά
640 1091 848 1185 ἀρχικώτατα
870 1101 939 1167 τῶν
956 1127 1034 1184 νοη-

27 1227 52 1266 ιο
65 1202 133 1268 τοῖν
150 1204 302 1286 θηρίων,
329 1200 448 1268 λέοντα
466 1199 522 1267 καὶ
550 1194 734 1285 δράκοντα,
761 1194 889 1267 ἀσπίδα
914 1225 951 1267 τε
977 1202 1034 1267 καί

63 1307 271 1385 βασιλίσκον,
290 1297 394 1369 αὐτὸν
412 1296 542 1387 δηλαδή
552 1297 611 1369 τόν
627 1297 796 1385 διάβολον,
814 1301 870 1367 καί
884 1298 942 1378 τὰς
957 1299 1032 1387 μετ’

64 1396 168 1469 αὐτόν
180 1397 375 1488 ἀρχοντικάς
388 1402 443 1469 καί
458 1396 606 1489 πονηράς
617 1397 775 1487 δννάμεις
789 1399 1035 1487 καταπατήσειν

63 1498 319 1589 μεμαρτύρηται.
361 1506 412 1570 26.
431 1516 501 1583 τοίς
526 1502 563 1570 δὲ
581 1500 643 1588 τήν
660 1503 779 1587 ὁμοίαν
802 1497 925 1589 ἀρετήν
943 1497 1033 1594 αὐτῷ

64 1604 274 1689 κεκτημένοις
284 1613 451 1691 μαθηταῖς
464 1603 520 1671 καὶ
536 1599 732 1682 ἀποστόλοις
746 1597 851 1671 αὑτοῦ
864 1600 925 1689 τήν
943 1606 1033 1684 ἐξον-

26 1730 51 1770 15
65 1710 143 1772 σίαν
168 1699 267 1784 αὐτὸς
290 1710 350 1773 τοῦ
372 1705 491 1773 πατεῖν
515 1701 626 1773 ἐπάνω
649 1699 762 1792 όφειον
788 1705 844 1772 καὶ
863 1710 1034 1787 σκορπίων

65 1811 222 1893 δωρεῖται
246 1801 307 1876 οὐκ
333 1809 398 1875 ε’ὠν
424 1801 546 1887 αὐτοὺς
569 1810 795 1892 πειρασθῆναι
817 1802 902 1892 ὑπὲρ
927 1800 946 1873 ὃ
972 1804 1034 1874 δό-

64 1925 195 1978 ναιντο·
223 1905 328 1996 μόνον
345 1906 409 1995 γὰρ
427 1896 470 1995 ήν
488 1905 593 1977 αὐτοῦ
611 1903 649 1975 τό
664 1903 721 1988 τάς
735 1913 868 1996 χείρους
882 1910 919 1975 ἐν
932 1933 1033 1994 πονη-
1048 1932 1062 1969 α

64 2015 122 2099 ρίᾳ
140 2007 298 2097 δυνάμεις
322 2012 379 2077 καί
396 2004 498 2078 αὐτὸν
522 2007 564 2096 δή
581 2007 640 2078 τὸν
658 2005 794 2078 πάντων
816 2004 960 2097 ἄρχοντα
978 2013 1034 2077 καὶ

63 2106 233 2194 τύραννον
250 2116 309 2178 τοῦ
334 2115 455 2188 αἰῶνος
472 2107 593 2179 τούτου
610 2113 651 2198 τῇ
671 2112 779 2201 ἐνθέιμ
806 2105 911 2179 αὐτοῦ
930 2109 1035 2180 δυνά-

26 2237 52 2276 εο
65 2235 117 2295 μει
136 2220 323 2296 καθαιρεῖν.

388 2455 468 2528 Ἀπὸ
485 2462 545 2528 τοῦ
558 2456 708 2529 Ἡσαΐου.

143 2623 215 2684 vlll.
243 2604 262 2632 “
272 2617 376 2680 Τοῦτο
394 2617 527 2700 πρῶτον
545 2619 618 2699 πίε,
637 2610 719 2701 ταχὺ
737 2618 837 2698 ποίει,
856 2609 947 2700 χώρα
965 2623 1033 2681 Ζα-
1047 2637 1103 2688 (οε)

66 2712 212 2802 βονλάν,
232 2711 252 2800 ἡ
270 2717 312 2800 μή
330 2715 545 2803 Νεφθαλείμ,
564 2715 619 2784 καὶ
637 2719 672 2783 οί
687 2716 795 2784 λοιποί
810 2717 842 2782 οί
856 2713 918 2802 τήν
927 2742 1036 2802 παρα-

67 2821 144 2893 λίαν
166 2821 414 2902 κατοικοῦντες,
438 2817 494 2883 καί
519 2819 626 2901 πέραν
648 2820 708 2885 τοῦ
728 2812 915 2903 Ἰορδάνον,
935 2826 1037 2887 Γαλι-

27 2923 145 2986 εελαία
169 2919 236 2984 τάν
261 2919 391 3004 ἐθνῶν,
416 2911 434 2984 ὁ
458 2914 538 2997 λαός
563 2914 581 2984 ὁ
605 2915 829 3004 πορευόμενος
853 2922 890 2987 ἐν
913 2917 1036 3004 σκότει,

68 3022 157 3086 ίδετε
181 3020 253 3104 φῶς
276 3019 377 3105 μέγα,
402 3020 549 3098 καὶτοῖς
573 3021 785 3087 κατοικοῦσιν
810 3021 847 3088 ἐν
871 3019 963 3109 χοόρμ
981 3023 1035 3087 καὶ

68 3126 146 3210 σκιᾷ
168 3116 337 3206 θανάτον,
363 3125 435 3206 φῶς
461 3116 584 3207 λάμψει
612 3114 667 3207 ἐφ’
686 3117 781 3207 ὑμᾶς,
824 3117 859 3188 τό
878 3130 1035 3188 πλείστον

67 3222 128 3289 τοῦ
141 3222 225 3289 λαού
238 3214 256 3288 ό
270 3217 454 3307 κατήγαγες
468 3222 505 3288 ἐν
519 3214 714 3309 εὐφροσύνη
728 3240 801 3307 σον,
820 3222 876 3288 καί
891 3216 1035 3307 εὐφραν-

127 3445 168 3501 Ι17
187 3454 308 3510 Luo.10,
323 3455 363 3504 19.
399 3452 461 3503 Cor.
477 3456 499 3514 1,
514 3455 554 3515 10,
570 3454 609 3506 13.
714 3454 746 3501 22
766 3454 811 3503 Es.
825 3455 849 3514 9,
865 3455 887 3503 1.
