<?xml version="1.0" encoding="UTF-8"?>
<!DOCTYPE html PUBLIC "-//W3C//DTD XHTML 1.0 Transitional//EN"
    "http://www.w3.org/TR/xhtml1/DTD/xhtml1-transitional.dtd">
<html xmlns="http://www.w3.org/1999/xhtml" xml:lang="en" lang="en">
 <head>
  <title>
</title>
<meta http-equiv="Content-Type" content="text/html;charset=utf-8" />
  <meta name='ocr-system' content='tesseract 3.04.00' />
  <meta name='ocr-capabilities' content='ocr_page ocr_carea ocr_par ocr_line ocrx_word'/>
</head>
<body>
  <div class='ocr_page' id='page_1' title='image "./eusebiicaesarie01dindgoog_0549.png"; bbox 0 0 2326 3818; ppageno 0'>
   <div class='ocr_carea' id='block_1_1' title="bbox 122 121 677 190">
    <p class='ocr_par' dir='ltr' id='par_1_1' title="bbox 122 121 677 190">
     <span class='ocr_line' id='line_1_1' title="bbox 122 121 677 190; baseline -0.005 -16"><span class='ocrx_word' id='word_1_1' title='bbox 122 126 187 190; x_wconf 75' lang='lat'><strong><em>484</em></strong></span> <span class='ocrx_word' id='word_1_2' title='bbox 334 121 337 126; x_wconf 84' lang='lat'>·</span> <span class='ocrx_word' id='word_1_3' title='bbox 528 123 677 174; x_wconf 77' lang='grc' dir='ltr'><strong><em>εοεεειι</em></strong></span> 
     </span>
    </p>
   </div>
   <div class='ocr_carea' id='block_1_2' title="bbox 49 259 1155 3288">
    <p class='ocr_par' dir='ltr' id='par_1_2' title="bbox 119 259 1122 960">
     <span class='ocr_line' id='line_1_2' title="bbox 122 259 1098 356; baseline -0.003 -20"><span class='ocrx_word' id='word_1_4' title='bbox 122 272 223 356; x_wconf 87' lang='grc' dir='ltr'><strong><em>κρίμα</em></strong></span> <span class='ocrx_word' id='word_1_5' title='bbox 249 267 304 334; x_wconf 81' lang='grc' dir='ltr'><strong><em>καὶ</em></strong></span> <span class='ocrx_word' id='word_1_6' title='bbox 329 260 549 351; x_wconf 87' lang='grc' dir='ltr'><strong><em>δικαιοσύνην</em></strong></span> <span class='ocrx_word' id='word_1_7' title='bbox 579 261 635 331; x_wconf 84' lang='grc' dir='ltr'><strong><em>διδι</em></strong></span> <span class='ocrx_word' id='word_1_8' title='bbox 658 268 716 349; x_wconf 80' lang='grc' dir='ltr'><strong><em>της</em></strong></span> <span class='ocrx_word' id='word_1_9' title='bbox 740 259 845 330; x_wconf 80' lang='grc' dir='ltr'><strong><em>αὐτού</em></strong></span> <span class='ocrx_word' id='word_1_10' title='bbox 873 265 1098 346; x_wconf 77' lang='grc' dir='ltr'><strong><em>διδασκαλίας</em></strong></span> 
     </span>
     <span class='ocr_line' id='line_1_3' title="bbox 121 360 1098 454; baseline -0.002 -17"><span class='ocrx_word' id='word_1_11' title='bbox 121 384 189 449; x_wconf 79' lang='grc' dir='ltr'><strong><em>τοῖς</em></strong></span> <span class='ocrx_word' id='word_1_12' title='bbox 209 368 261 436; x_wconf 80' lang='grc' dir='ltr'><strong><em>ἐπὶ</em></strong></span> <span class='ocrx_word' id='word_1_13' title='bbox 279 369 339 454; x_wconf 78' lang='grc' dir='ltr'><strong><em>γῆς</em></strong></span> <span class='ocrx_word' id='word_1_14' title='bbox 357 362 482 435; x_wconf 79' lang='grc' dir='ltr'><strong><em>ἅπασιν</em></strong></span> <span class='ocrx_word' id='word_1_15' title='bbox 501 361 656 452; x_wconf 78' lang='grc' dir='ltr'><em>ἐκήρυξε,</em></span> <span class='ocrx_word' id='word_1_16' title='bbox 681 364 735 432; x_wconf 77' lang='grc' dir='ltr'><strong><em>καὶ</em></strong></span> <span class='ocrx_word' id='word_1_17' title='bbox 753 360 853 450; x_wconf 90' lang='grc' dir='ltr'><strong><em>μόνος</em></strong></span> <span class='ocrx_word' id='word_1_18' title='bbox 870 364 938 430; x_wconf 83' lang='grc' dir='ltr'><strong><em>τῷν</em></strong></span> <span class='ocrx_word' id='word_1_19' title='bbox 956 361 1098 434; x_wconf 79' lang='grc' dir='ltr'><strong><em>ποτ’ττοτε</em></strong></span> 
     </span>
     <span class='ocr_line' id='line_1_4' title="bbox 120 459 1096 556; baseline -0.003 -17"><span class='ocrx_word' id='word_1_20' title='bbox 120 465 183 539; x_wconf 79' lang='grc' dir='ltr'><strong><em>οὐκ</em></strong></span> <span class='ocrx_word' id='word_1_21' title='bbox 202 470 254 538; x_wconf 81' lang='grc' dir='ltr'><strong><em>ἐπὶ</em></strong></span> <span class='ocrx_word' id='word_1_22' title='bbox 273 471 393 556; x_wconf 80' lang='grc' dir='ltr'><strong><em>μέρους</em></strong></span> <span class='ocrx_word' id='word_1_23' title='bbox 412 471 607 554; x_wconf 80' lang='grc' dir='ltr'><strong><em>ἐβασίλευσε</em></strong></span> <span class='ocrx_word' id='word_1_24' title='bbox 624 470 682 552; x_wconf 80' lang='grc' dir='ltr'><strong><em>τῆς</em></strong></span> <span class='ocrx_word' id='word_1_25' title='bbox 700 466 914 551; x_wconf 71' lang='grc' dir='ltr'><em>οἰκουμένης,</em></span> <span class='ocrx_word' id='word_1_26' title='bbox 933 459 1017 532; x_wconf 80' lang='grc' dir='ltr'><strong><em>ιἰλλόι</em></strong></span> <span class='ocrx_word' id='word_1_27' title='bbox 1038 468 1096 536; x_wconf 77' lang='grc' dir='ltr'><strong><em>ἐπὶ</em></strong></span> 
     </span>
     <span class='ocr_line' id='line_1_5' title="bbox 120 562 1096 657; baseline -0.002 -18"><span class='ocrx_word' id='word_1_28' title='bbox 120 577 231 640; x_wconf 79' lang='grc' dir='ltr'><strong><em>πᾶσαν</em></strong></span> <span class='ocrx_word' id='word_1_29' title='bbox 248 567 310 657; x_wconf 78' lang='grc' dir='ltr'><strong><em>την</em></strong></span> <span class='ocrx_word' id='word_1_30' title='bbox 327 573 387 656; x_wconf 77' lang='grc' dir='ltr'><strong><em>γῆς</em></strong></span> <span class='ocrx_word' id='word_1_31' title='bbox 405 570 461 637; x_wconf 81' lang='grc' dir='ltr'><strong><em>καὶ</em></strong></span> <span class='ocrx_word' id='word_1_32' title='bbox 479 565 579 655; x_wconf 84' lang='grc' dir='ltr'><strong><em>μόνος</em></strong></span> <span class='ocrx_word' id='word_1_33' title='bbox 597 562 742 636; x_wconf 77' lang='grc' dir='ltr'><em>ἀνέτειλε</em></span> <span class='ocrx_word' id='word_1_34' title='bbox 763 562 992 651; x_wconf 89' lang='grc' dir='ltr'><strong><em>δικαιοσύνην,</em></strong></span> <span class='ocrx_word' id='word_1_35' title='bbox 1010 563 1096 637; x_wconf 84' lang='grc' dir='ltr'><strong><em>τἰκο-</em></strong></span> 
     </span>
     <span class='ocr_line' id='line_1_6' title="bbox 120 664 1122 761; baseline -0.003 -20"><span class='ocrx_word' id='word_1_36' title='bbox 120 669 254 751; x_wconf 79' lang='grc' dir='ltr'><strong><em>λούθως</em></strong></span> <span class='ocrx_word' id='word_1_37' title='bbox 267 672 323 740; x_wconf 85' lang='grc' dir='ltr'><strong><em>καὶ</em></strong></span> <span class='ocrx_word' id='word_1_38' title='bbox 344 673 390 761; x_wconf 88' lang='grc' dir='ltr'><strong><em>τῷ</em></strong></span> <span class='ocrx_word' id='word_1_39' title='bbox 409 672 446 738; x_wconf 82' lang='grc' dir='ltr'><strong><em>ἐν</em></strong></span> <span class='ocrx_word' id='word_1_40' title='bbox 463 674 590 759; x_wconf 81' lang='grc' dir='ltr'><strong><em>Ψαλμῷ</em></strong></span> <span class='ocrx_word' id='word_1_41' title='bbox 604 669 680 755; x_wconf 86' lang='grc' dir='ltr'><strong><em>περὶ</em></strong></span> <span class='ocrx_word' id='word_1_42' title='bbox 694 664 798 737; x_wconf 78' lang='grc' dir='ltr'><strong><em>αὐτοῦ</em></strong></span> <span class='ocrx_word' id='word_1_43' title='bbox 811 668 979 759; x_wconf 76' lang='grc' dir='ltr'><strong><em>λεγομένῳ</em></strong></span> <span class='ocrx_word' id='word_1_44' title='bbox 987 664 1095 739; x_wconf 85' lang='grc' dir='ltr'><strong><em>“οἰνα-</em></strong></span> <span class='ocrx_word' id='word_1_45' title='bbox 1108 701 1122 743; x_wconf 79' lang='grc' dir='ltr'><strong><em>τ</em></strong></span> 
     </span>
     <span class='ocr_line' id='line_1_7' title="bbox 119 765 1096 857; baseline -0.003 -14"><span class='ocrx_word' id='word_1_46' title='bbox 119 782 209 843; x_wconf 79' lang='grc' dir='ltr'><strong><em>τελεῖ</em></strong></span> <span class='ocrx_word' id='word_1_47' title='bbox 232 775 269 840; x_wconf 82' lang='grc' dir='ltr'><strong><em>έν</em></strong></span> <span class='ocrx_word' id='word_1_48' title='bbox 292 787 365 849; x_wconf 80' lang='grc' dir='ltr'><strong><em>ταῖς</em></strong></span> <span class='ocrx_word' id='word_1_49' title='bbox 383 765 520 857; x_wconf 79' lang='grc' dir='ltr'><strong><em>ἡμέραις</em></strong></span> <span class='ocrx_word' id='word_1_50' title='bbox 538 765 641 838; x_wconf 78' lang='grc' dir='ltr'><strong><em>αὐτοῦ</em></strong></span> <span class='ocrx_word' id='word_1_51' title='bbox 661 765 857 854; x_wconf 79' lang='grc' dir='ltr'><strong><em>δικαιοσύνη</em></strong></span> <span class='ocrx_word' id='word_1_52' title='bbox 882 769 938 836; x_wconf 78' lang='grc' dir='ltr'><strong><em>καὶ</em></strong></span> <span class='ocrx_word' id='word_1_53' title='bbox 961 774 1096 856; x_wconf 72' lang='grc' dir='ltr'><strong><em>πλῆθος</em></strong></span> 
     </span>
     <span class='ocr_line' id='line_1_8' title="bbox 121 866 1097 960; baseline -0.002 -17"><span class='ocrx_word' id='word_1_54' title='bbox 121 869 292 960; x_wconf 76' lang='grc' dir='ltr'><strong><em>εἰρήνης.”</em></strong></span> <span class='ocrx_word' id='word_1_55' title='bbox 321 875 372 941; x_wconf 80' lang='lat'><strong><em>45.</em></strong></span> <span class='ocrx_word' id='word_1_56' title='bbox 388 867 515 951; x_wconf 78' lang='grc' dir='ltr'><strong><em>Ἰούδας</em></strong></span> <span class='ocrx_word' id='word_1_57' title='bbox 534 871 571 939; x_wconf 72' lang='grc' dir='ltr'><strong><em>δὲ</em></strong></span> <span class='ocrx_word' id='word_1_58' title='bbox 590 867 826 958; x_wconf 77' lang='grc' dir='ltr'><strong><em>συνθησόμενος</em></strong></span> <span class='ocrx_word' id='word_1_59' title='bbox 845 871 900 937; x_wconf 76' lang='grc' dir='ltr'><strong><em>καὶ</em></strong></span> <span class='ocrx_word' id='word_1_60' title='bbox 914 866 1044 957; x_wconf 75' lang='grc' dir='ltr'><strong><em>Ἰσραὴλ</em></strong></span> <span class='ocrx_word' id='word_1_61' title='bbox 1058 874 1097 941; x_wconf 87' lang='grc' dir='ltr'><strong><em>έν</em></strong></span> 
     </span>
    </p>

    <p class='ocr_par' dir='ltr' id='par_1_3' title="bbox 52 966 1131 1570">
     <span class='ocr_line' id='line_1_9' title="bbox 52 966 1096 1060; baseline -0.003 -15"><span class='ocrx_word' id='word_1_62' title='bbox 52 1010 54 1046; x_wconf 77' lang='lat'><strong>1</strong></span> <span class='ocrx_word' id='word_1_63' title='bbox 94 1003 107 1042; x_wconf 79' lang='grc' dir='ltr'><strong><em>ο</em></strong></span> <span class='ocrx_word' id='word_1_64' title='bbox 120 990 192 1054; x_wconf 79' lang='grc' dir='ltr'><strong><em>ταῖς</em></strong></span> <span class='ocrx_word' id='word_1_65' title='bbox 206 971 343 1060; x_wconf 78' lang='grc' dir='ltr'><strong><em>ἡμέραις</em></strong></span> <span class='ocrx_word' id='word_1_66' title='bbox 356 967 472 1058; x_wconf 79' lang='grc' dir='ltr'><strong><em>αὐτοῦ,</em></strong></span> <span class='ocrx_word' id='word_1_67' title='bbox 490 969 613 1051; x_wconf 77' lang='grc' dir='ltr'><strong><em>πάντες</em></strong></span> <span class='ocrx_word' id='word_1_68' title='bbox 626 971 713 1040; x_wconf 80' lang='grc' dir='ltr'><strong><em>εἰσὶν</em></strong></span> <span class='ocrx_word' id='word_1_69' title='bbox 727 975 761 1040; x_wconf 82' lang='lat' dir='ltr'><strong><em>oc</em></strong></span> <span class='ocrx_word' id='word_1_70' title='bbox 771 974 811 1060; x_wconf 77' lang='grc' dir='ltr'><strong><em>τῇ</em></strong></span> <span class='ocrx_word' id='word_1_71' title='bbox 826 966 873 1038; x_wconf 90' lang='grc' dir='ltr'><strong><em>δι’</em></strong></span> <span class='ocrx_word' id='word_1_72' title='bbox 894 967 998 1041; x_wconf 79' lang='grc' dir='ltr'><strong><em>αὐτοῦ</em></strong></span> <span class='ocrx_word' id='word_1_73' title='bbox 1010 981 1096 1042; x_wconf 76' lang='grc' dir='ltr'><strong><em>δεο-</em></strong></span> 
     </span>
     <span class='ocr_line' id='line_1_10' title="bbox 121 1067 1094 1164; baseline -0.001 -21"><span class='ocrx_word' id='word_1_74' title='bbox 121 1080 236 1164; x_wconf 81' lang='grc' dir='ltr'><strong><em>σεβείᾳ</em></strong></span> <span class='ocrx_word' id='word_1_75' title='bbox 254 1071 542 1163; x_wconf 73' lang='grc' dir='ltr'><strong><em>προσεληλυθότος</em></strong></span> <span class='ocrx_word' id='word_1_76' title='bbox 560 1075 622 1142; x_wconf 80' lang='grc' dir='ltr'><strong><em>τού</em></strong></span> <span class='ocrx_word' id='word_1_77' title='bbox 640 1075 676 1140; x_wconf 85' lang='grc' dir='ltr'><strong><em>έκ</em></strong></span> <span class='ocrx_word' id='word_1_78' title='bbox 694 1076 872 1162; x_wconf 81' lang='grc' dir='ltr'><strong><em>περιτομῆς</em></strong></span> <span class='ocrx_word' id='word_1_79' title='bbox 890 1073 992 1159; x_wconf 80' lang='grc' dir='ltr'><strong><em>λαού,</em></strong></span> <span class='ocrx_word' id='word_1_80' title='bbox 1011 1067 1094 1143; x_wconf 82' lang='grc' dir='ltr'><strong><em>ἆπό-</em></strong></span> 
     </span>
     <span class='ocr_line' id='line_1_11' title="bbox 120 1167 1131 1264; baseline 0.004 -21"><span class='ocrx_word' id='word_1_81' title='bbox 120 1180 235 1244; x_wconf 87' lang='grc' dir='ltr'><strong><em>στολοί</em></strong></span> <span class='ocrx_word' id='word_1_82' title='bbox 249 1203 284 1244; x_wconf 88' lang='grc' dir='ltr'><strong><em>τε</em></strong></span> <span class='ocrx_word' id='word_1_83' title='bbox 303 1170 408 1244; x_wconf 80' lang='grc' dir='ltr'><strong><em>αύτού</em></strong></span> <span class='ocrx_word' id='word_1_84' title='bbox 425 1176 481 1243; x_wconf 76' lang='grc' dir='ltr'><strong><em>καὶ</em></strong></span> <span class='ocrx_word' id='word_1_85' title='bbox 499 1175 647 1264; x_wconf 79' lang='grc' dir='ltr'><strong><em>μαθηταὶ</em></strong></span> <span class='ocrx_word' id='word_1_86' title='bbox 662 1177 717 1243; x_wconf 80' lang='grc' dir='ltr'><strong><em>καὶ</em></strong></span> <span class='ocrx_word' id='word_1_87' title='bbox 734 1169 977 1261; x_wconf 78' lang='grc' dir='ltr'><strong><em>εύανμελισταὶ,</em></strong></span> <span class='ocrx_word' id='word_1_88' title='bbox 996 1167 1017 1261; x_wconf 75' lang='grc' dir='ltr'><em>ἢ</em></span> <span class='ocrx_word' id='word_1_89' title='bbox 1036 1177 1093 1245; x_wconf 80' lang='grc' dir='ltr'><strong><em>καὶ</em></strong></span> <span class='ocrx_word' id='word_1_90' title='bbox 1107 1206 1131 1247; x_wconf 85' lang='grc' dir='ltr'><strong><em>ιο</em></strong></span> 
     </span>
     <span class='ocr_line' id='line_1_12' title="bbox 120 1270 1094 1368; baseline 0.001 -23"><span class='ocrx_word' id='word_1_91' title='bbox 120 1273 242 1356; x_wconf 76' lang='grc' dir='ltr'><strong><em>πάντες</em></strong></span> <span class='ocrx_word' id='word_1_92' title='bbox 260 1281 294 1345; x_wconf 84' lang='grc' dir='ltr'><strong><em>οέ</em></strong></span> <span class='ocrx_word' id='word_1_93' title='bbox 310 1275 368 1346; x_wconf 88' lang='grc' dir='ltr'><strong><em>τὸν</em></strong></span> <span class='ocrx_word' id='word_1_94' title='bbox 387 1279 423 1345; x_wconf 82' lang='grc' dir='ltr'><strong><em>ἐν</em></strong></span> <span class='ocrx_word' id='word_1_95' title='bbox 441 1280 577 1368; x_wconf 89' lang='grc' dir='ltr'><strong><em>κρυπτῷ</em></strong></span> <span class='ocrx_word' id='word_1_96' title='bbox 592 1273 758 1344; x_wconf 78' lang='grc' dir='ltr'><strong><em>Ἰουδαῖον</em></strong></span> <span class='ocrx_word' id='word_1_97' title='bbox 775 1277 831 1343; x_wconf 83' lang='grc' dir='ltr'><strong><em>καὶ</em></strong></span> <span class='ocrx_word' id='word_1_98' title='bbox 849 1271 908 1343; x_wconf 88' lang='grc' dir='ltr'><strong><em>τόν</em></strong></span> <span class='ocrx_word' id='word_1_99' title='bbox 925 1270 1094 1362; x_wconf 79' lang='grc' dir='ltr'><strong><em>ἀληθινόν</em></strong></span> 
     </span>
     <span class='ocr_line' id='line_1_13' title="bbox 116 1373 1093 1467; baseline -0.002 -21"><span class='ocrx_word' id='word_1_100' title='bbox 116 1375 246 1467; x_wconf 81' lang='grc' dir='ltr'><strong><em>Ἰσραὴλ</em></strong></span> <span class='ocrx_word' id='word_1_101' title='bbox 264 1376 323 1448; x_wconf 88' lang='grc' dir='ltr'><strong><em>τὸν</em></strong></span> <span class='ocrx_word' id='word_1_102' title='bbox 341 1374 423 1447; x_wconf 82' lang='grc' dir='ltr'><strong><em>κατόι</em></strong></span> <span class='ocrx_word' id='word_1_103' title='bbox 442 1373 594 1447; x_wconf 78' lang='grc' dir='ltr'><strong><em>διάνοιαν</em></strong></span> <span class='ocrx_word' id='word_1_104' title='bbox 612 1373 741 1463; x_wconf 78' lang='grc' dir='ltr'><strong><em>ὁρῶντα</em></strong></span> <span class='ocrx_word' id='word_1_105' title='bbox 758 1375 841 1446; x_wconf 80' lang='grc' dir='ltr'><strong><em>θεὸν</em></strong></span> <span class='ocrx_word' id='word_1_106' title='bbox 855 1374 1093 1461; x_wconf 77' lang='grc' dir='ltr'><strong><em>ἀποσύζοντες.</em></strong></span> 
     </span>
     <span class='ocr_line' id='line_1_14' title="bbox 120 1473 1093 1570; baseline 0.002 -24"><span class='ocrx_word' id='word_1_107' title='bbox 120 1483 171 1550; x_wconf 79' lang='grc'><strong><em>46.</em></strong></span> <span class='ocrx_word' id='word_1_108' title='bbox 187 1473 250 1549; x_wconf 81' lang='grc' dir='ltr'><strong><em>“ού</em></strong></span> <span class='ocrx_word' id='word_1_109' title='bbox 268 1476 332 1568; x_wconf 77' lang='grc' dir='ltr'><strong><em>γάρ</em></strong></span> <span class='ocrx_word' id='word_1_110' title='bbox 350 1474 368 1547; x_wconf 85' lang='grc' dir='ltr'>ὁ</span> <span class='ocrx_word' id='word_1_111' title='bbox 389 1482 425 1547; x_wconf 80' lang='grc' dir='ltr'><strong><em>έν</em></strong></span> <span class='ocrx_word' id='word_1_112' title='bbox 442 1485 488 1570; x_wconf 91' lang='grc' dir='ltr'><strong><em>τῷ</em></strong></span> <span class='ocrx_word' id='word_1_113' title='bbox 512 1480 651 1569; x_wconf 89' lang='grc' dir='ltr'><strong><em>φανερῷ</em></strong></span> <span class='ocrx_word' id='word_1_114' title='bbox 665 1475 824 1558; x_wconf 81' lang='grc' dir='ltr'><strong><em>Ἰουδαῖός</em></strong></span> <span class='ocrx_word' id='word_1_115' title='bbox 848 1481 916 1546; x_wconf 82' lang='grc' dir='ltr'><strong><em>ἐστι</em></strong></span> <span class='ocrx_word' id='word_1_116' title='bbox 935 1477 1057 1566; x_wconf 83' lang='grc' dir='ltr'><strong><em>(φησὶν</em></strong></span> <span class='ocrx_word' id='word_1_117' title='bbox 1075 1477 1093 1548; x_wconf 88' lang='grc' dir='ltr'>ὁ</span> 
     </span>
    </p>

    <p class='ocr_par' dir='ltr' id='par_1_4' title="bbox 49 1576 1155 2280">
     <span class='ocr_line' id='line_1_15' title="bbox 49 1576 1093 1671; baseline 0.001 -23"><span class='ocrx_word' id='word_1_118' title='bbox 49 1576 318 1669; x_wconf 72' lang='grc' dir='ltr'><strong><em>[ειε]ιοἰπόστολος)</em></strong></span> <span class='ocrx_word' id='word_1_119' title='bbox 337 1576 418 1650; x_wconf 76' lang='grc' dir='ltr'><strong><em>ούδέ</em></strong></span> <span class='ocrx_word' id='word_1_120' title='bbox 436 1578 456 1666; x_wconf 78' lang='grc' dir='ltr'><em>ἡ</em></span> <span class='ocrx_word' id='word_1_121' title='bbox 476 1583 512 1648; x_wconf 78' lang='grc' dir='ltr'><strong><em>ἐν</em></strong></span> <span class='ocrx_word' id='word_1_122' title='bbox 530 1582 577 1671; x_wconf 89' lang='grc' dir='ltr'><strong><em>τῷ</em></strong></span> <span class='ocrx_word' id='word_1_123' title='bbox 594 1581 732 1671; x_wconf 90' lang='grc' dir='ltr'><strong><em>φανερῷ</em></strong></span> <span class='ocrx_word' id='word_1_124' title='bbox 749 1583 786 1648; x_wconf 81' lang='grc' dir='ltr'><strong><em>ἐν</em></strong></span> <span class='ocrx_word' id='word_1_125' title='bbox 803 1580 901 1666; x_wconf 83' lang='grc' dir='ltr'><strong><em>σαρκὶ</em></strong></span> <span class='ocrx_word' id='word_1_126' title='bbox 919 1579 1093 1668; x_wconf 78' lang='grc' dir='ltr'><strong><em>περιτομὴ,</em></strong></span> 
     </span>
     <span class='ocr_line' id='line_1_16' title="bbox 120 1676 1130 1774; baseline 0.002 -23"><span class='ocrx_word' id='word_1_127' title='bbox 120 1679 194 1751; x_wconf 82' lang='grc' dir='ltr'><strong><em>ἀλλ’</em></strong></span> <span class='ocrx_word' id='word_1_128' title='bbox 215 1679 233 1750; x_wconf 84' lang='grc' dir='ltr'>ὁ</span> <span class='ocrx_word' id='word_1_129' title='bbox 253 1685 289 1750; x_wconf 85' lang='grc' dir='ltr'><strong><em>έν</em></strong></span> <span class='ocrx_word' id='word_1_130' title='bbox 307 1685 354 1774; x_wconf 89' lang='grc' dir='ltr'><strong><em>τῷ</em></strong></span> <span class='ocrx_word' id='word_1_131' title='bbox 367 1687 502 1772; x_wconf 89' lang='grc' dir='ltr'><strong><em>κρυπτῷ</em></strong></span> <span class='ocrx_word' id='word_1_132' title='bbox 518 1676 688 1764; x_wconf 78' lang='grc' dir='ltr'><strong><em>Ἰουδαῖος,</em></strong></span> <span class='ocrx_word' id='word_1_133' title='bbox 708 1681 763 1748; x_wconf 85' lang='grc' dir='ltr'><strong><em>καὶ</em></strong></span> <span class='ocrx_word' id='word_1_134' title='bbox 777 1676 936 1767; x_wconf 80' lang='grc' dir='ltr'><strong><em>περιτομὴ</em></strong></span> <span class='ocrx_word' id='word_1_135' title='bbox 951 1685 1093 1767; x_wconf 84' lang='grc' dir='ltr'><strong><em>καρδίας</em></strong></span> <span class='ocrx_word' id='word_1_136' title='bbox 1106 1708 1130 1753; x_wconf 78' lang='grc' dir='ltr'><strong><em>ιο</em></strong></span> 
     </span>
     <span class='ocr_line' id='line_1_17' title="bbox 122 1771 1094 1871; baseline 0.001 -20"><span class='ocrx_word' id='word_1_137' title='bbox 122 1787 158 1852; x_wconf 81' lang='grc' dir='ltr'><strong><em>ἐν</em></strong></span> <span class='ocrx_word' id='word_1_138' title='bbox 176 1781 356 1871; x_wconf 89' lang='grc' dir='ltr'><strong><em>πνεύματι,</em></strong></span> <span class='ocrx_word' id='word_1_139' title='bbox 381 1780 422 1851; x_wconf 85' lang='grc' dir='ltr'><strong><em>οὐ</em></strong></span> <span class='ocrx_word' id='word_1_140' title='bbox 441 1778 624 1870; x_wconf 79' lang='grc' dir='ltr'><strong><em>γράμματι,</em></strong></span> <span class='ocrx_word' id='word_1_141' title='bbox 648 1771 691 1849; x_wconf 80' lang='grc' dir='ltr'><strong><em>ού</em></strong></span> <span class='ocrx_word' id='word_1_142' title='bbox 708 1775 726 1850; x_wconf 86' lang='grc' dir='ltr'><strong><em>ό</em></strong></span> <span class='ocrx_word' id='word_1_143' title='bbox 746 1787 880 1861; x_wconf 79' lang='grc' dir='ltr'><strong><em>ἔπαινος</em></strong></span> <span class='ocrx_word' id='word_1_144' title='bbox 898 1778 961 1849; x_wconf 87' lang='grc' dir='ltr'><strong><em>οὐκ</em></strong></span> <span class='ocrx_word' id='word_1_145' title='bbox 980 1785 1012 1863; x_wconf 82' lang='grc' dir='ltr'><strong><em>ἐξ</em></strong></span> <span class='ocrx_word' id='word_1_146' title='bbox 1031 1779 1094 1852; x_wconf 90' lang='grc' dir='ltr'><strong><em>οἰν-</em></strong></span> 
     </span>
     <span class='ocr_line' id='line_1_18' title="bbox 121 1872 1092 1974; baseline -0.002 -21"><span class='ocrx_word' id='word_1_147' title='bbox 121 1881 288 1974; x_wconf 75' lang='grc' dir='ltr'><strong><em>δροόπων,</em></strong></span> <span class='ocrx_word' id='word_1_148' title='bbox 313 1882 397 1951; x_wconf 81' lang='grc' dir='ltr'><strong><em>ἀλλὰ</em></strong></span> <span class='ocrx_word' id='word_1_149' title='bbox 422 1886 458 1951; x_wconf 78' lang='grc' dir='ltr'><strong><em>ἐκ</em></strong></span> <span class='ocrx_word' id='word_1_150' title='bbox 482 1886 542 1951; x_wconf 83' lang='grc' dir='ltr'><strong><em>τού</em></strong></span> <span class='ocrx_word' id='word_1_151' title='bbox 566 1885 662 1952; x_wconf 77' lang='grc' dir='ltr'><strong><em>θεοῦ.</em></strong></span> <span class='ocrx_word' id='word_1_152' title='bbox 705 1879 844 1962; x_wconf 82' lang='grc' dir='ltr'><strong><em>τούτους</em></strong></span> <span class='ocrx_word' id='word_1_153' title='bbox 868 1872 930 1951; x_wconf 79' lang='grc' dir='ltr'><strong><em>οὖν</em></strong></span> <span class='ocrx_word' id='word_1_154' title='bbox 955 1881 1010 1950; x_wconf 80' lang='grc' dir='ltr'><strong><em>διδ</em></strong></span> <span class='ocrx_word' id='word_1_155' title='bbox 1033 1888 1092 1972; x_wconf 76' lang='grc' dir='ltr'><strong><em>τῆς</em></strong></span> 
     </span>
     <span class='ocr_line' id='line_1_19' title="bbox 120 1978 1155 2075; baseline -0.001 -23"><span class='ocrx_word' id='word_1_156' title='bbox 120 1988 181 2052; x_wconf 79' lang='grc' dir='ltr'><strong><em>τοῦ</em></strong></span> <span class='ocrx_word' id='word_1_157' title='bbox 203 1989 350 2069; x_wconf 82' lang='grc' dir='ltr'><strong><em>Χριστοῦ</em></strong></span> <span class='ocrx_word' id='word_1_158' title='bbox 375 1981 521 2069; x_wconf 81' lang='grc' dir='ltr'><strong><em>κλήσεως</em></strong></span> <span class='ocrx_word' id='word_1_159' title='bbox 545 1979 603 2052; x_wconf 85' lang='grc' dir='ltr'><strong><em>τόν</em></strong></span> <span class='ocrx_word' id='word_1_160' title='bbox 630 1986 667 2051; x_wconf 81' lang='grc' dir='ltr'><strong><em>ἐν</em></strong></span> <span class='ocrx_word' id='word_1_161' title='bbox 690 1986 827 2075; x_wconf 89' lang='grc' dir='ltr'><strong><em>κρυπτῷ</em></strong></span> <span class='ocrx_word' id='word_1_162' title='bbox 849 1978 1014 2052; x_wconf 77' lang='grc' dir='ltr'><strong><em>Ἰουδαῖον</em></strong></span> <span class='ocrx_word' id='word_1_163' title='bbox 1036 1986 1092 2054; x_wconf 79' lang='grc' dir='ltr'><strong><em>καὶ</em></strong></span> <span class='ocrx_word' id='word_1_164' title='bbox 1153 2046 1155 2051; x_wconf 93' lang='grc'>.</span> 
     </span>
     <span class='ocr_line' id='line_1_20' title="bbox 121 2080 1155 2177; baseline 0.002 -25"><span class='ocrx_word' id='word_1_165' title='bbox 121 2081 179 2152; x_wconf 84' lang='grc' dir='ltr'><strong><em>τόν</em></strong></span> <span class='ocrx_word' id='word_1_166' title='bbox 210 2081 346 2170; x_wconf 75' lang='grc' dir='ltr'><strong><em>οἰληθῷς</em></strong></span> <span class='ocrx_word' id='word_1_167' title='bbox 367 2080 497 2172; x_wconf 76' lang='grc' dir='ltr'><strong><em>Ἰσραὴλ</em></strong></span> <span class='ocrx_word' id='word_1_168' title='bbox 527 2088 692 2172; x_wconf 86' lang='grc' dir='ltr'><strong><em>φέροντας</em></strong></span> <span class='ocrx_word' id='word_1_169' title='bbox 724 2086 826 2177; x_wconf 82' lang='grc' dir='ltr'><strong><em>έτέρφ</em></strong></span> <span class='ocrx_word' id='word_1_170' title='bbox 853 2087 935 2172; x_wconf 80' lang='grc' dir='ltr'><strong><em>φησὶ</em></strong></span> <span class='ocrx_word' id='word_1_171' title='bbox 962 2083 1093 2173; x_wconf 82' lang='grc' dir='ltr'><strong><em>κληθή-</em></strong></span> <span class='ocrx_word' id='word_1_172' title='bbox 1150 2104 1155 2175; x_wconf 69' lang='lat' dir='ltr'>j</span> 
     </span>
     <span class='ocr_line' id='line_1_21' title="bbox 122 2181 1155 2280; baseline 0.004 -28"><span class='ocrx_word' id='word_1_173' title='bbox 122 2196 241 2253; x_wconf 77' lang='grc' dir='ltr'><strong><em>σεσθοιι</em></strong></span> <span class='ocrx_word' id='word_1_174' title='bbox 266 2182 419 2273; x_wconf 88' lang='grc' dir='ltr'><strong><em>ὀνόματι,</em></strong></span> <span class='ocrx_word' id='word_1_175' title='bbox 444 2183 521 2273; x_wconf 79' lang='grc' dir='ltr'><strong><em>ούχὶ</em></strong></span> <span class='ocrx_word' id='word_1_176' title='bbox 545 2186 583 2255; x_wconf 70' lang='grc' dir='ltr'><strong><em>δέ</em></strong></span> <span class='ocrx_word' id='word_1_177' title='bbox 606 2191 651 2279; x_wconf 89' lang='grc' dir='ltr'><strong><em>τῷ</em></strong></span> <span class='ocrx_word' id='word_1_178' title='bbox 670 2188 731 2254; x_wconf 82' lang='grc' dir='ltr'><strong><em>τού</em></strong></span> <span class='ocrx_word' id='word_1_179' title='bbox 745 2183 927 2272; x_wconf 86' lang='grc' dir='ltr'><strong><em>Ἰουδαίου,</em></strong></span> <span class='ocrx_word' id='word_1_180' title='bbox 945 2181 1027 2255; x_wconf 74' lang='grc' dir='ltr'><strong><em>οὐδὲ</em></strong></span> <span class='ocrx_word' id='word_1_181' title='bbox 1045 2189 1093 2280; x_wconf 92' lang='grc' dir='ltr'><strong><em>τῷ</em></strong></span> <span class='ocrx_word' id='word_1_182' title='bbox 1105 2217 1129 2256; x_wconf 76' lang='grc' dir='ltr'><strong><em>κο</em></strong></span> <span class='ocrx_word' id='word_1_183' title='bbox 1151 2186 1155 2225; x_wconf 77' lang='lat'><strong>¹</strong></span> 
     </span>
    </p>

    <p class='ocr_par' dir='ltr' id='par_1_5' title="bbox 52 2284 1155 3288">
     <span class='ocr_line' id='line_1_22' title="bbox 52 2284 1096 2379; baseline 0.002 -24"><span class='ocrx_word' id='word_1_184' title='bbox 52 2293 184 2369; x_wconf 65' lang='grc' dir='ltr'><strong><em>ρ’ῑεδῖτοῦ</em></strong></span> <span class='ocrx_word' id='word_1_185' title='bbox 199 2284 347 2377; x_wconf 81' lang='grc' dir='ltr'><strong><em>Ἰσραὴλ,</em></strong></span> <span class='ocrx_word' id='word_1_186' title='bbox 372 2284 456 2356; x_wconf 78' lang='grc' dir='ltr'><strong><em>ἀλλὰ</em></strong></span> <span class='ocrx_word' id='word_1_187' title='bbox 481 2289 565 2379; x_wconf 82' lang='grc' dir='ltr'><strong><em>ξένφ</em></strong></span> <span class='ocrx_word' id='word_1_188' title='bbox 582 2289 649 2357; x_wconf 83' lang='grc' dir='ltr'><strong><em>τινὶ</em></strong></span> <span class='ocrx_word' id='word_1_189' title='bbox 667 2286 757 2378; x_wconf 74' lang='grc' dir='ltr'><strong><em>παρὰ</em></strong></span> <span class='ocrx_word' id='word_1_190' title='bbox 773 2290 886 2356; x_wconf 74' lang='grc' dir='ltr'><strong><em>ταῦτα,</em></strong></span> <span class='ocrx_word' id='word_1_191' title='bbox 923 2291 973 2355; x_wconf 78' lang='grc'><strong><em>47.</em></strong></span> <span class='ocrx_word' id='word_1_192' title='bbox 993 2287 1096 2357; x_wconf 86' lang='grc' dir='ltr'><strong><em>τοῦτο</em></strong></span> 
     </span>
     <span class='ocr_line' id='line_1_23' title="bbox 121 2382 1090 2477; baseline 0.003 -21"><span class='ocrx_word' id='word_1_193' title='bbox 121 2386 184 2477; x_wconf 78' lang='grc' dir='ltr'><strong><em>γάρ</em></strong></span> <span class='ocrx_word' id='word_1_194' title='bbox 203 2410 285 2477; x_wconf 91' lang='grc' dir='ltr'><strong><em>φησι</em></strong></span> <span class='ocrx_word' id='word_1_195' title='bbox 309 2387 346 2458; x_wconf 87' lang='grc' dir='ltr'><strong><em>τὸ</em></strong></span> <span class='ocrx_word' id='word_1_196' title='bbox 370 2385 492 2477; x_wconf 81' lang='grc' dir='ltr'><strong><em>ὄνομα,</em></strong></span> <span class='ocrx_word' id='word_1_197' title='bbox 517 2384 535 2458; x_wconf 81' lang='grc' dir='ltr'>ὃ</span> <span class='ocrx_word' id='word_1_198' title='bbox 559 2390 689 2458; x_wconf 89' lang='grc' dir='ltr'><strong><em>καλέσει</em></strong></span> <span class='ocrx_word' id='word_1_199' title='bbox 716 2385 836 2468; x_wconf 86' lang='grc' dir='ltr'><strong><em>αὐτούς</em></strong></span> <span class='ocrx_word' id='word_1_200' title='bbox 854 2386 967 2475; x_wconf 86' lang='grc' dir='ltr'><strong><em>κύριος</em></strong></span> <span class='ocrx_word' id='word_1_201' title='bbox 983 2382 1090 2459; x_wconf 87' lang='grc' dir='ltr'><strong><em>Ἰωσε-</em></strong></span> 
     </span>
     <span class='ocr_line' id='line_1_24' title="bbox 124 2484 1089 2579; baseline 0 -20"><span class='ocrx_word' id='word_1_202' title='bbox 124 2493 253 2579; x_wconf 80' lang='grc' dir='ltr'><strong><em>δεκεὶμ,</em></strong></span> <span class='ocrx_word' id='word_1_203' title='bbox 285 2487 367 2579; x_wconf 85' lang='grc' dir='ltr'><strong><em>ὅπερ</em></strong></span> <span class='ocrx_word' id='word_1_204' title='bbox 399 2488 616 2578; x_wconf 80' lang='grc' dir='ltr'><strong><em>ἑρμηνεύεται</em></strong></span> <span class='ocrx_word' id='word_1_205' title='bbox 643 2484 702 2557; x_wconf 67' lang='lat' dir='ltr'><strong><em>“os</em></strong></span> <span class='ocrx_word' id='word_1_206' title='bbox 728 2493 787 2558; x_wconf 85' lang='grc' dir='ltr'><strong><em>τοῦ</em></strong></span> <span class='ocrx_word' id='word_1_207' title='bbox 813 2495 900 2558; x_wconf 70' lang='grc' dir='ltr'><strong><em>θεοῦ</em></strong></span> <span class='ocrx_word' id='word_1_208' title='bbox 931 2486 1089 2562; x_wconf 85' lang='grc' dir='ltr'><strong><em>δίκαιοι.”</em></strong></span> 
     </span>
     <span class='ocr_line' id='line_1_25' title="bbox 122 2585 1155 2685; baseline 0 -25"><span class='ocrx_word' id='word_1_209' title='bbox 122 2595 277 2679; x_wconf 82' lang='grc' dir='ltr'><strong><em>έφίστημι</em></strong></span> <span class='ocrx_word' id='word_1_210' title='bbox 304 2591 341 2660; x_wconf 75' lang='grc' dir='ltr'><strong><em>δέ</em></strong></span> <span class='ocrx_word' id='word_1_211' title='bbox 364 2589 489 2678; x_wconf 80' lang='grc' dir='ltr'><strong><em>μήποτε</em></strong></span> <span class='ocrx_word' id='word_1_212' title='bbox 515 2593 739 2678; x_wconf 84' lang='grc' dir='ltr'><strong><em>πεποιημένον</em></strong></span> <span class='ocrx_word' id='word_1_213' title='bbox 762 2592 831 2660; x_wconf 79' lang='grc' dir='ltr'><strong><em>ἐστὶ</em></strong></span> <span class='ocrx_word' id='word_1_214' title='bbox 853 2585 1000 2678; x_wconf 85' lang='grc' dir='ltr'><strong><em>τούνομα</em></strong></span> <span class='ocrx_word' id='word_1_215' title='bbox 1027 2589 1093 2660; x_wconf 81' lang='grc' dir='ltr'><strong><em>ἀπὸ</em></strong></span> <span class='ocrx_word' id='word_1_216' title='bbox 1151 2646 1155 2685; x_wconf 72' lang='grc'><strong><em>,</em></strong></span> 
     </span>
     <span class='ocr_line' id='line_1_26' title="bbox 120 2687 1155 2784; baseline 0 -23"><span class='ocrx_word' id='word_1_217' title='bbox 120 2695 181 2761; x_wconf 85' lang='grc' dir='ltr'><strong><em>τού</em></strong></span> <span class='ocrx_word' id='word_1_218' title='bbox 196 2692 316 2761; x_wconf 72' lang='grc' dir='ltr'><strong><em>Ἰοσουέ</em></strong></span> <span class='ocrx_word' id='word_1_219' title='bbox 330 2688 554 2778; x_wconf 78' lang='grc' dir='ltr'><strong><em>Ἰωσεδεκεὶμ,</em></strong></span> <span class='ocrx_word' id='word_1_220' title='bbox 572 2687 590 2759; x_wconf 75' lang='grc' dir='ltr'><strong><em>δ’</em></strong></span> <span class='ocrx_word' id='word_1_221' title='bbox 609 2688 699 2779; x_wconf 79' lang='grc' dir='ltr'><strong><em>παρὰ</em></strong></span> <span class='ocrx_word' id='word_1_222' title='bbox 717 2695 764 2783; x_wconf 89' lang='grc' dir='ltr'><strong><em>τῷ</em></strong></span> <span class='ocrx_word' id='word_1_223' title='bbox 775 2697 846 2784; x_wconf 75' lang='grc' dir='ltr'><strong><em>θεῷ</em></strong></span> <span class='ocrx_word' id='word_1_224' title='bbox 860 2697 896 2760; x_wconf 72' lang='grc' dir='ltr'><strong><em>οἱ</em></strong></span> <span class='ocrx_word' id='word_1_225' title='bbox 910 2694 971 2758; x_wconf 86' lang='grc' dir='ltr'><strong><em>τού</em></strong></span> <span class='ocrx_word' id='word_1_226' title='bbox 984 2687 1094 2777; x_wconf 78' lang='grc' dir='ltr'><strong><em>Ἰησοῦ</em></strong></span> <span class='ocrx_word' id='word_1_227' title='bbox 1106 2720 1130 2763; x_wconf 75' lang='grc' dir='ltr'><strong><em>ιτ</em></strong></span> <span class='ocrx_word' id='word_1_228' title='bbox 1152 2692 1155 2761; x_wconf 69' lang='grc' dir='ltr'>ἶ</span> 
     </span>
     <span class='ocr_line' id='line_1_27' title="bbox 123 2780 1155 2882; baseline 0.002 -23"><span class='ocrx_word' id='word_1_229' title='bbox 123 2793 271 2880; x_wconf 81' lang='grc' dir='ltr'><strong><em>μαθηταὶ</em></strong></span> <span class='ocrx_word' id='word_1_230' title='bbox 289 2793 482 2880; x_wconf 78' lang='grc' dir='ltr'><strong><em>κέκληνται,</em></strong></span> <span class='ocrx_word' id='word_1_231' title='bbox 501 2780 579 2882; x_wconf 82' lang='grc' dir='ltr'><strong><em>παρ’</em></strong></span> <span class='ocrx_word' id='word_1_232' title='bbox 601 2789 794 2882; x_wconf 72' lang='grc' dir='ltr'><strong><em>ἀνθρώποις</em></strong></span> <span class='ocrx_word' id='word_1_233' title='bbox 817 2793 879 2880; x_wconf 69' lang='grc' dir='ltr'><strong><em>μέν</em></strong></span> <span class='ocrx_word' id='word_1_234' title='bbox 892 2789 1093 2879; x_wconf 82' lang='grc' dir='ltr'><strong><em>Ἑλληνικῷ·</em></strong></span> <span class='ocrx_word' id='word_1_235' title='bbox 1153 2808 1155 2815; x_wconf 90' lang='grc'><strong>’</strong></span> 
     </span>
     <span class='ocr_line' id='line_1_28' title="bbox 123 2889 1092 2983; baseline 0.003 -22"><span class='ocrx_word' id='word_1_236' title='bbox 123 2919 219 2981; x_wconf 89' lang='grc' dir='ltr'><strong><em>τερον</em></strong></span> <span class='ocrx_word' id='word_1_237' title='bbox 238 2891 562 2983; x_wconf 85' lang='grc' dir='ltr'><strong><em>προσαγορευόμενοι</em></strong></span> <span class='ocrx_word' id='word_1_238' title='bbox 581 2889 645 2963; x_wconf 79' lang='grc' dir='ltr'><strong><em>ἀπὸ</em></strong></span> <span class='ocrx_word' id='word_1_239' title='bbox 663 2899 721 2981; x_wconf 82' lang='grc' dir='ltr'><strong><em>της</em></strong></span> <span class='ocrx_word' id='word_1_240' title='bbox 738 2897 798 2963; x_wconf 82' lang='grc' dir='ltr'><strong><em>τοῦ</em></strong></span> <span class='ocrx_word' id='word_1_241' title='bbox 816 2896 963 2980; x_wconf 79' lang='grc' dir='ltr'><strong><em>Χριστοῦ</em></strong></span> <span class='ocrx_word' id='word_1_242' title='bbox 980 2920 1092 2983; x_wconf 88' lang='grc' dir='ltr'><strong><em>παρω-</em></strong></span> 
     </span>
     <span class='ocr_line' id='line_1_29' title="bbox 124 2991 1093 3085; baseline -0.001 -21"><span class='ocrx_word' id='word_1_243' title='bbox 124 3000 262 3083; x_wconf 87' lang='grc' dir='ltr'><strong><em>νυμίας,</em></strong></span> <span class='ocrx_word' id='word_1_244' title='bbox 289 2995 371 3065; x_wconf 81' lang='grc' dir='ltr'><strong><em>κατόι</em></strong></span> <span class='ocrx_word' id='word_1_245' title='bbox 391 2996 429 3066; x_wconf 72' lang='grc' dir='ltr'><strong><em>δέ</em></strong></span> <span class='ocrx_word' id='word_1_246' title='bbox 446 2996 508 3084; x_wconf 78' lang='grc' dir='ltr'><strong><em>τὴν</em></strong></span> <span class='ocrx_word' id='word_1_247' title='bbox 521 2991 686 3082; x_wconf 74' lang='grc' dir='ltr'><strong><em>Ἐβραίων</em></strong></span> <span class='ocrx_word' id='word_1_248' title='bbox 703 2991 823 3082; x_wconf 75' lang='grc' dir='ltr'><strong><em>φωνην</em></strong></span> <span class='ocrx_word' id='word_1_249' title='bbox 841 2997 896 3064; x_wconf 83' lang='grc' dir='ltr'><strong><em>καὶ</em></strong></span> <span class='ocrx_word' id='word_1_250' title='bbox 921 2991 1011 3085; x_wconf 68' lang='grc' dir='ltr'><strong><em>παροδ</em></strong></span> <span class='ocrx_word' id='word_1_251' title='bbox 1030 2993 1093 3063; x_wconf 86' lang='grc' dir='ltr'><strong><em>αύ-</em></strong></span> 
     </span>
     <span class='ocr_line' id='line_1_30' title="bbox 123 3091 1094 3186; baseline -0.001 -21"><span class='ocrx_word' id='word_1_252' title='bbox 123 3112 191 3176; x_wconf 80' lang='grc' dir='ltr'><strong><em>τοϊς</em></strong></span> <span class='ocrx_word' id='word_1_253' title='bbox 215 3113 283 3178; x_wconf 83' lang='grc' dir='ltr'><strong><em>τοῖς</em></strong></span> <span class='ocrx_word' id='word_1_254' title='bbox 307 3096 507 3186; x_wconf 77' lang='grc' dir='ltr'><strong><em>προφήταις,</em></strong></span> <span class='ocrx_word' id='word_1_255' title='bbox 533 3095 598 3166; x_wconf 86' lang='grc' dir='ltr'><strong><em>ἆπὸ</em></strong></span> <span class='ocrx_word' id='word_1_256' title='bbox 616 3103 675 3165; x_wconf 82' lang='grc' dir='ltr'><strong><em>τοῦ</em></strong></span> <span class='ocrx_word' id='word_1_257' title='bbox 689 3094 815 3185; x_wconf 81' lang='grc' dir='ltr'><strong><em>Ἰησού,</em></strong></span> <span class='ocrx_word' id='word_1_258' title='bbox 841 3095 884 3176; x_wconf 78' lang='grc' dir='ltr'><strong><em>ὡς</em></strong></span> <span class='ocrx_word' id='word_1_259' title='bbox 902 3091 944 3166; x_wconf 76' lang='grc' dir='ltr'><strong><em>όὲν</em></strong></span> <span class='ocrx_word' id='word_1_260' title='bbox 964 3093 1007 3164; x_wconf 89' lang='grc' dir='ltr'><strong><em>δι’</em></strong></span> <span class='ocrx_word' id='word_1_261' title='bbox 1029 3091 1094 3164; x_wconf 84' lang='grc' dir='ltr'><strong><em>αύ-</em></strong></span> 
     </span>
     <span class='ocr_line' id='line_1_31' title="bbox 123 3192 1130 3288; baseline 0.003 -23"><span class='ocrx_word' id='word_1_262' title='bbox 123 3204 180 3266; x_wconf 85' lang='grc' dir='ltr'><strong><em>τοῦ</em></strong></span> <span class='ocrx_word' id='word_1_263' title='bbox 205 3200 426 3288; x_wconf 84' lang='grc' dir='ltr'><strong><em>σεσωσμένοι,</em></strong></span> <span class='ocrx_word' id='word_1_264' title='bbox 447 3196 659 3286; x_wconf 78' lang='grc' dir='ltr'><strong><em>Ἰωσεδεκελμ.</em></strong></span> <span class='ocrx_word' id='word_1_265' title='bbox 701 3203 752 3267; x_wconf 80' lang='lat'><strong><em>48.</em></strong></span> <span class='ocrx_word' id='word_1_266' title='bbox 774 3196 825 3267; x_wconf 86' lang='grc' dir='ltr'><strong><em>διὸ</em></strong></span> <span class='ocrx_word' id='word_1_267' title='bbox 849 3200 997 3267; x_wconf 87' lang='grc' dir='ltr'><strong><em>λέλεκται</em></strong></span> <span class='ocrx_word' id='word_1_268' title='bbox 1012 3192 1091 3267; x_wconf 65' lang='lat' dir='ltr'><strong><em>“nal</em></strong></span> <span class='ocrx_word' id='word_1_269' title='bbox 1105 3229 1130 3269; x_wconf 84' lang='grc' dir='ltr'><strong><em>εο</em></strong></span> 
     </span>
    </p>
   </div>
   <div class='ocr_carea' id='block_1_3' title="bbox 195 3430 411 3489">
    <p class='ocr_par' dir='ltr' id='par_1_6' title="bbox 195 3430 411 3489">
     <span class='ocr_line' id='line_1_32' title="bbox 195 3430 411 3489; baseline 0.005 -12"><span class='ocrx_word' id='word_1_270' title='bbox 195 3431 225 3479; x_wconf 87' lang='grc'><strong><em>13</em></strong></span> <span class='ocrx_word' id='word_1_271' title='bbox 244 3430 319 3481; x_wconf 84' lang='lat' dir='ltr'>Rom.</span> <span class='ocrx_word' id='word_1_272' title='bbox 333 3433 356 3489; x_wconf 82' lang='lat'><strong><em>2,</em></strong></span> <span class='ocrx_word' id='word_1_273' title='bbox 371 3433 411 3480; x_wconf 77' lang='lat'><strong><em>28,</em></strong></span> 
     </span>
    </p>
   </div>
   <div class='ocr_carea' id='block_1_4' title="bbox 0 0 1168 3818">
    <p class='ocr_par' dir='ltr' id='par_1_7' title="bbox 0 0 1168 3818">
     <span class='ocr_line' id='line_1_33' title="bbox 0 0 1168 3818; baseline 0 1"><span class='ocrx_word' id='word_1_274' title='bbox 0 0 1168 3818; x_wconf 95' lang='lat' dir='ltr'><strong><em> </em></strong></span> 
     </span>
    </p>
   </div>
  </div>
 </body>
</html>
