2326 3818
162 113 204 177 48
572 110 721 161 Evsssssn

164 251 268 342 μόνον
280 251 465 337 Ἰουδαίοις,
484 247 568 320 ἀλλά
581 253 636 320 καὶ
648 247 783 339 Ἕλλησι
801 253 856 320 καὶ
876 248 1058 339 βαρβάροις
1076 254 1137 323 καὶ

164 373 233 435 τοῖς
250 349 309 441 ὑφ’
332 352 416 446 ἡλίῳ
434 357 537 423 πᾶσιν
551 360 689 423 ἔθνεσιν
702 350 924 441 ἐπιβοώμενος
935 350 1052 441 νόμον,
1070 349 1138 443 δρα

104 484 149 533 ρει
165 464 199 527 τί
213 463 333 546 φησίν
368 461 418 525 64.
440 446 465 524 a}
490 451 670 542 ἄνθρωπε,
695 457 751 523 καὶ
774 452 910 543 σύμπαν
935 453 971 525 τὸ
993 458 1139 544 θνητῶν

164 562 277 647 γένος,
296 556 314 628 ό
332 558 394 647 μέν
413 557 454 645 δὴ
473 557 624 637 Μωσέως
642 554 743 644 νόμος
760 551 820 643 ἀφ’
843 554 917 637 ἑυδς
935 558 1054 643 γένους
1072 552 1138 627 ἀν-

164 658 315 751 θρώπων
326 657 509 747 ἀρξάμενος
523 662 656 746 πρῶτον
668 653 827 727 ἁπάντων
839 655 876 727 τό
890 652 1065 728 Ἰουδαίων
1079 660 1137 746 γέ-
1155 709 1158 718 ·

164 791 231 849 νος,
250 769 308 849 τῆς
327 760 408 850 πρὸς
421 757 498 841 τούς
509 769 680 847 θεοφιλεῖς
689 756 897 847 προπάτορας
907 757 1019 829 αὐτῶν
1033 763 1138 850 ἐπαγ-

164 871 276 951 γελίας
286 867 412 949 ἕνεκεν,
423 863 475 929 ἐπὶ
482 859 610 948 τὴντού
617 860 690 941 ἑνὸς
697 864 783 932 θεοῦ
790 867 916 949 γνῶσιν
927 857 1138 950 ἀνεκαλεῖτο,

165 972 221 1051 τῆς
240 966 358 1051 πικροῖς
377 966 445 1033 τῶν
464 960 633 1051 δαιμόνων
646 969 800 1043 δουλείας
811 960 888 1044 τούς
900 960 1139 1049 ὑπακούοντας

165 1062 399 1135 ἀπαλλάττων·
430 1061 492 1152 έγῶ
508 1065 545 1134 δὲ
558 1069 661 1133 πᾶσιν
678 1061 872 1154 άνθρῶποις
897 1068 952 1134 καὶ
971 1082 1041 1145 τοῖς
1054 1062 1135 1137 καθ’

165 1163 243 1253 ὅλης
260 1170 318 1253 τῆς
336 1168 533 1256 οἰκουμένης
551 1173 666 1235 ἔθνεσι
684 1163 745 1255 τήν
761 1169 1056 1254 έπαναβεβηκυῖαν
1072 1172 1138 1239 τοῦ

166 1270 251 1338 θεού
268 1271 394 1357 γνῶσιν
412 1269 468 1337 καὶ
487 1265 661 1354 εὐσέβειαν
680 1272 934 1356 προαγγέλλων,
953 1265 1035 1337 κατά
1052 1268 1138 1353 τοδς

138 1397 151 1433 ι
165 1366 250 1460 ἀμφὶ
269 1367 327 1440 τόν
340 1367 488 1461 Ἀβραάμ
506 1371 561 1439 καὶ
579 1361 657 1451 τούς
672 1378 720 1441 ἔτι
734 1373 952 1460 παλαιτέρους
968 1366 1033 1458 πρδ
1051 1380 1139 1442 Μω·

166 1475 248 1553 σέως
273 1471 403 1562 χρόνων
426 1477 524 1560 βιοῦν
547 1479 719 1559 παραινῶ,
745 1475 782 1541 έν
803 1467 853 1551 οἷς
879 1474 911 1553 ἐξ
932 1469 1139 1545 ἀλλοδαπῶν

167 1578 279 1643 ἐθνῶν
297 1581 433 1654 πλείους
454 1569 507 1642 ἐπ’
528 1571 683 1663 εὐσεβείᾳ
709 1570 973 1661 μνημονεύονται
992 1572 1140 1664 διαλάμ-

166 1691 298 1756 ψαντες.
341 1679 390 1742 65.
416 1677 472 1743 καὶ
495 1671 611 1743 πάλιν·
647 1670 665 1743 ὁ
689 1673 752 1763 μέν
776 1679 927 1755 Μωσέως
951 1672 1050 1763 νόμος
1076 1674 1134 1766 ἐφ’

167 1778 226 1843 ἕνα
243 1772 317 1844 τινά
340 1777 397 1862 τῆς
420 1779 480 1864 γῆς
499 1771 733 1864 ἀφωρισμένον
757 1774 860 1845 τόπον
881 1771 959 1857 τούς
979 1771 1140 1860 εύσεβεῖν

166 1878 420 1967 προῃρημένους
445 1874 606 1947 σπεύδειν
641 1874 854 1966 πανταχόθεν
880 1875 1139 1968 παρεκελεύετο,

111 2004 151 2056 [17]
168 1979 232 2064 ἐγὼ
252 1984 289 2046 δὲ
306 1994 375 2056 τοῖς
393 1981 496 2046 πᾶσιν
513 1975 606 2057 ἀνεὶς
623 1975 684 2066 την
703 1983 914 2067 ἐλευθερίαν,
933 1974 995 2049 ούκ
1013 1983 1051 2050 έν
1068 2008 1139 2067 γω-

165 2085 223 2170 νίᾳ
241 2082 317 2166 γῆς,
343 2074 415 2147 οὐδ’
439 2082 475 2147 ἐν
499 2075 612 2167 ὄρεσιν
620 2133 629 2167 ,
654 2077 759 2169 ἤτισι
783 2079 1021 2170 χειροποιήτοις
1038 2098 1138 2167 ναοῖς

166 2189 274 2269 ζητεῖν
291 2177 350 2249 τὸν
369 2181 422 2249 ἐπλ
441 2178 578 2250 πάντων
595 2178 695 2269 θεὸν,
714 2194 852 2253 οίκοθεν
871 2182 908 2252 δὲ
922 2186 1062 2253 ἕκαστον
1081 2186 1138 2255 σέ-
1162 2243 1163 2246 ¹

165 2289 240 2368 βειυ
258 2278 361 2351 αύτδν
379 2285 434 2351 καὶ
452 2298 656 2370 προσκυνεῖν
673 2281 834 2354 παιδεύω.
866 2290 916 2353 66.
938 2287 993 2353 καὶ
1011 2281 1135 2357 πάλιν·

141 2378 183 2454 ιδ
201 2385 264 2475 μὲν
282 2383 421 2467 παλαιὸς
440 2383 539 2475 νόμος
557 2393 694 2468 θυσίαις
712 2403 784 2467 ταῖς
803 2382 859 2455 διά
878 2383 970 2479 ζῴων
988 2404 1138 2476 σφαγαῖς

165 2491 353 2575 λιβανωτοῦ
365 2516 401 2557 τε
416 2489 471 2556 καὶ
484 2485 589 2574 πυρός
602 2494 662 2557 καί
676 2516 776 2557 τινων
783 2484 894 2557 ἀλλων
905 2485 1138 2576 ὁμοιοτρόπων

165 2593 224 2656 τοῦ
243 2586 393 2676 σώματος
417 2592 602 2676 καθαρμῶν
625 2587 832 2678 θρησκεύειν
848 2585 908 2659 τδυ
926 2592 980 2659 ἐπὶ
997 2588 1139 2664 πάντων

164 2687 248 2757 θεὸν
266 2685 516 2776 παρεκελεύετο,
537 2686 600 2775 ε’γῶ
619 2691 656 2759 δὲ
668 2689 708 2759 τά
726 2694 833 2779 ψυχῆς
852 2690 1059 2780 παραδιδούς
1076 2690 1134 2782 ὅρ-
1153 2728 1162 2748 τ

166 2817 222 2874 για
241 2794 374 2880 διανοίᾳ
392 2787 613 2880 καθαρωτάτη
631 2794 687 2860 καὶ
705 2796 753 2883 νῷ
773 2799 922 2880 διαυγεῖ,
942 2797 978 2863 ἐν
996 2814 1135 2883 σωφρο-

166 2887 252 2978 σύνη
270 2892 326 2959 καὶ
344 2894 391 2982 τῶ
408 2886 481 2960 κατ’
500 2889 623 2981 ἀρετὴν
640 2899 716 2986 βίῳ,
737 2891 883 2983 δόγμασί
897 2922 933 2963 τε
945 2893 1063 2986 ὀρθοῖς
1076 2900 1136 2967 καὶΙ

166 2986 319 3079 εὐσεβέσι
336 2991 373 3061 τδ
391 3004 489 3063 θεῖον
506 3001 676 3084 γεραίρειν
689 2992 889 3085 προστάυω.
922 3001 972 3066 67.
993 2998 1049 3066 καὶ
1067 2997 1136 3067 πά-

166 3102 235 3164 λιν·
263 3099 391 3182 Μωσῆς
408 3095 470 3184 μὲν
489 3093 532 3176 ῶς
549 3090 593 3165 ἀν
609 3094 798 3187 μιαιφόνοις
816 3087 893 3166 οὖσι
909 3115 978 3178 τοῖς
996 3095 1070 3168 τότε
1086 3099 1134 3190 μὴ

165 3195 325 3284 φονεύειν
347 3195 508 3287 παρῄνει,
534 3195 598 3286 ἐγῶ
624 3200 662 3269 δὲ
679 3215 747 3281 τοῖς
767 3196 927 3291 ἐντούτῳ
946 3207 1154 3290 προπαιδα-»

138 3319 151 3358 ο
165 3310 349 3384 γωγηθεῑσι
379 3302 435 3369 καὶ
466 3296 528 3387 τὴν
558 3298 695 3391 πρῶτην
720 3299 859 3387 ἐντολὴν
891 3301 1133 3388 κατωρθωκόσι

166 3403 339 3485 νομοθετῶ
366 3397 428 3486 τὴν
457 3403 679 3491 τελειοτέραν,
712 3397 794 3492 μηδ’
825 3399 926 3492 ὀργῆς
956 3406 1133 3493 ἐνέχεσθαι
