<?xml version="1.0" encoding="UTF-8"?>
<!DOCTYPE html PUBLIC "-//W3C//DTD XHTML 1.0 Transitional//EN"
    "http://www.w3.org/TR/xhtml1/DTD/xhtml1-transitional.dtd">
<html xmlns="http://www.w3.org/1999/xhtml" xml:lang="en" lang="en">
 <head>
  <title>
</title>
<meta http-equiv="Content-Type" content="text/html;charset=utf-8" />
  <meta name='ocr-system' content='tesseract 3.04.00' />
  <meta name='ocr-capabilities' content='ocr_page ocr_carea ocr_par ocr_line ocrx_word'/>
</head>
<body>
  <div class='ocr_page' id='page_1' title='image "./eusebiicaesarie01dindgoog_0656.png"; bbox 0 0 2326 3818; ppageno 0'>
   <div class='ocr_carea' id='block_1_1' title="bbox 362 129 1066 194">
    <p class='ocr_par' dir='ltr' id='par_1_1' title="bbox 362 129 1066 194">
     <span class='ocr_line' id='line_1_1' title="bbox 362 129 1066 194; baseline 0.017 -11"><span class='ocrx_word' id='word_1_1' title='bbox 362 132 547 183; x_wconf 78' lang='lat' dir='ltr'>DEMONST.</span> <span class='ocrx_word' id='word_1_2' title='bbox 566 132 701 185; x_wconf 78' lang='grc' dir='ltr'><strong><em>ωνεωο.</em></strong></span> <span class='ocrx_word' id='word_1_3' title='bbox 718 132 766 183; x_wconf 81' lang='lat' dir='ltr'><strong><em>1x.</em></strong></span> <span class='ocrx_word' id='word_1_4' title='bbox 786 134 811 183; x_wconf 82' lang='lat'><strong><em>5.</em></strong></span> <span class='ocrx_word' id='word_1_5' title='bbox 1002 129 1066 194; x_wconf 78' lang='lat'><strong><em>579</em></strong></span> 
     </span>
    </p>
   </div>
   <div class='ocr_carea' id='block_1_2' title="bbox 56 268 1137 3101">
    <p class='ocr_par' dir='ltr' id='par_1_2' title="bbox 56 268 1137 3101">
     <span class='ocr_line' id='line_1_2' title="bbox 96 268 1065 360; baseline 0.001 -19"><span class='ocrx_word' id='word_1_6' title='bbox 96 278 131 342; x_wconf 84' lang='grc' dir='ltr'><strong><em>ἐκ</em></strong></span> <span class='ocrx_word' id='word_1_7' title='bbox 149 275 207 359; x_wconf 88' lang='grc' dir='ltr'><strong><em>τῆς</em></strong></span> <span class='ocrx_word' id='word_1_8' title='bbox 227 271 350 360; x_wconf 80' lang='grc' dir='ltr'>ἐρήμου</span> <span class='ocrx_word' id='word_1_9' title='bbox 374 274 474 357; x_wconf 80' lang='grc' dir='ltr'><strong><em>ξένην</em></strong></span> <span class='ocrx_word' id='word_1_10' title='bbox 492 268 716 359; x_wconf 78' lang='grc' dir='ltr'><strong><em>ἠμφιεσμένος</em></strong></span> <span class='ocrx_word' id='word_1_11' title='bbox 734 268 873 358; x_wconf 88' lang='grc' dir='ltr'><strong><em>στολήν,</em></strong></span> <span class='ocrx_word' id='word_1_12' title='bbox 898 276 1010 342; x_wconf 77' lang='grc' dir='ltr'><strong><em>πᾶσαν</em></strong></span> <span class='ocrx_word' id='word_1_13' title='bbox 1028 273 1065 342; x_wconf 74' lang='grc' dir='ltr'><strong><em>δὲ</em></strong></span> 
     </span>
     <span class='ocr_line' id='line_1_3' title="bbox 94 369 1092 461; baseline 0 -18"><span class='ocrx_word' id='word_1_14' title='bbox 94 374 155 461; x_wconf 88' lang='grc' dir='ltr'><strong><em>τήν</em></strong></span> <span class='ocrx_word' id='word_1_15' title='bbox 173 372 292 460; x_wconf 88' lang='grc' dir='ltr'><strong><em>κοινήν</em></strong></span> <span class='ocrx_word' id='word_1_16' title='bbox 309 369 502 461; x_wconf 73' lang='grc' dir='ltr'><strong><em>ἀνθρώπων</em></strong></span> <span class='ocrx_word' id='word_1_17' title='bbox 526 369 701 459; x_wconf 76' lang='grc' dir='ltr'><strong><em>διατριβήν</em></strong></span> <span class='ocrx_word' id='word_1_18' title='bbox 725 369 963 461; x_wconf 79' lang='grc' dir='ltr'><strong><em>ἐκτρεπόμενος</em></strong></span> <span class='ocrx_word' id='word_1_19' title='bbox 987 370 1092 443; x_wconf 76' lang='grc' dir='ltr'><strong><em>οῦτεο</em></strong></span> 
     </span>
     <span class='ocr_line' id='line_1_4' title="bbox 95 469 1064 564; baseline -0.001 -20"><span class='ocrx_word' id='word_1_20' title='bbox 95 480 179 564; x_wconf 81' lang='grc' dir='ltr'><strong><em>γοῦν</em></strong></span> <span class='ocrx_word' id='word_1_21' title='bbox 203 481 250 555; x_wconf 87' lang='grc' dir='ltr'><strong><em>είς</em></strong></span> <span class='ocrx_word' id='word_1_22' title='bbox 275 472 391 562; x_wconf 72' lang='grc' dir='ltr'><strong><em>κείμην</em></strong></span> <span class='ocrx_word' id='word_1_23' title='bbox 415 469 492 544; x_wconf 87' lang='grc' dir='ltr'><strong><em>οῦτε</em></strong></span> <span class='ocrx_word' id='word_1_24' title='bbox 511 479 557 553; x_wconf 88' lang='grc' dir='ltr'><strong><em>είς</em></strong></span> <span class='ocrx_word' id='word_1_25' title='bbox 576 470 675 542; x_wconf 89' lang='grc' dir='ltr'><strong><em>πόλιν</em></strong></span> <span class='ocrx_word' id='word_1_26' title='bbox 692 469 770 542; x_wconf 87' lang='grc' dir='ltr'><strong><em>οῦτε</em></strong></span> <span class='ocrx_word' id='word_1_27' title='bbox 789 480 836 554; x_wconf 86' lang='grc' dir='ltr'><strong><em>είς</em></strong></span> <span class='ocrx_word' id='word_1_28' title='bbox 855 471 969 544; x_wconf 80' lang='grc' dir='ltr'><strong><em>κοινὸν</em></strong></span> <span class='ocrx_word' id='word_1_29' title='bbox 987 473 1064 544; x_wconf 86' lang='grc' dir='ltr'><strong><em>σῦλ-</em></strong></span> 
     </span>
     <span class='ocr_line' id='line_1_5' title="bbox 95 570 1065 666; baseline -0.001 -20"><span class='ocrx_word' id='word_1_30' title='bbox 95 585 196 666; x_wconf 81' lang='grc' dir='ltr'><strong><em>λοχον</em></strong></span> <span class='ocrx_word' id='word_1_31' title='bbox 221 575 357 664; x_wconf 77' lang='grc' dir='ltr'><strong><em>ἀνδρων</em></strong></span> <span class='ocrx_word' id='word_1_32' title='bbox 387 577 614 663; x_wconf 78' lang='grc' dir='ltr'><strong><em>παρέβαλλεν,</em></strong></span> <span class='ocrx_word' id='word_1_33' title='bbox 645 570 729 644; x_wconf 87' lang='grc' dir='ltr'><strong><em>ἀλλά</em></strong></span> <span class='ocrx_word' id='word_1_34' title='bbox 758 572 839 644; x_wconf 73' lang='grc' dir='ltr'><strong><em>οῦδὲ</em></strong></span> <span class='ocrx_word' id='word_1_35' title='bbox 865 578 923 663; x_wconf 90' lang='grc' dir='ltr'><strong><em>τῆς</em></strong></span> <span class='ocrx_word' id='word_1_36' title='bbox 952 584 1065 666; x_wconf 78' lang='grc' dir='ltr'><strong><em>κοινῆς</em></strong></span> 
     </span>
     <span class='ocr_line' id='line_1_6' title="bbox 68 671 1066 768; baseline 0.002 -23"><span class='ocrx_word' id='word_1_37' title='bbox 68 693 223 767; x_wconf 82' lang='grc' dir='ltr'><strong><em>εμετεῖχε</em></strong></span> <span class='ocrx_word' id='word_1_38' title='bbox 240 679 381 768; x_wconf 89' lang='grc' dir='ltr'><strong><em>τροφῆς·</em></strong></span> <span class='ocrx_word' id='word_1_39' title='bbox 417 682 466 746; x_wconf 91' lang='lat'><strong><em>11.</em></strong></span> <span class='ocrx_word' id='word_1_40' title='bbox 485 678 668 766; x_wconf 79' lang='grc' dir='ltr'><strong><em>γέγραπται</em></strong></span> <span class='ocrx_word' id='word_1_41' title='bbox 693 682 779 763; x_wconf 78' lang='grc' dir='ltr'><strong><em>γοῦν</em></strong></span> <span class='ocrx_word' id='word_1_42' title='bbox 802 671 846 757; x_wconf 79' lang='grc' dir='ltr'><strong><em>ῦς</em></strong></span> <span class='ocrx_word' id='word_1_43' title='bbox 870 679 906 745; x_wconf 78' lang='grc' dir='ltr'><strong><em>ἐκ</em></strong></span> <span class='ocrx_word' id='word_1_44' title='bbox 929 680 987 764; x_wconf 88' lang='grc' dir='ltr'><strong><em>τῆς</em></strong></span> <span class='ocrx_word' id='word_1_45' title='bbox 1004 682 1066 747; x_wconf 91' lang='grc' dir='ltr'><strong><em>τοῦ</em></strong></span> 
     </span>
     <span class='ocr_line' id='line_1_7' title="bbox 95 767 1065 869; baseline -0.002 -19"><span class='ocrx_word' id='word_1_46' title='bbox 95 779 215 862; x_wconf 79' lang='grc' dir='ltr'><strong><em>παιδὸς</em></strong></span> <span class='ocrx_word' id='word_1_47' title='bbox 231 774 363 868; x_wconf 84' lang='grc' dir='ltr'><strong><em>ἡλικίας</em></strong></span> <span class='ocrx_word' id='word_1_48' title='bbox 376 767 442 866; x_wconf 76' lang='grc' dir='ltr'><strong><em>“ήν</em></strong></span> <span class='ocrx_word' id='word_1_49' title='bbox 460 781 498 848; x_wconf 81' lang='grc' dir='ltr'><strong><em>ἐν</em></strong></span> <span class='ocrx_word' id='word_1_50' title='bbox 510 793 583 858; x_wconf 88' lang='grc' dir='ltr'><strong><em>ταῖς</em></strong></span> <span class='ocrx_word' id='word_1_51' title='bbox 602 775 735 869; x_wconf 82' lang='grc' dir='ltr'><strong><em>ἐρήμοις</em></strong></span> <span class='ocrx_word' id='word_1_52' title='bbox 760 781 821 858; x_wconf 79' lang='grc' dir='ltr'><strong><em>ἕως</em></strong></span> <span class='ocrx_word' id='word_1_53' title='bbox 839 776 963 866; x_wconf 84' lang='grc' dir='ltr'><strong><em>ἡμέρας</em></strong></span> <span class='ocrx_word' id='word_1_54' title='bbox 981 774 1065 848; x_wconf 89' lang='grc' dir='ltr'><strong><em>ἀνα-</em></strong></span> 
     </span>
     <span class='ocr_line' id='line_1_8' title="bbox 95 875 1064 970; baseline -0.001 -20"><span class='ocrx_word' id='word_1_55' title='bbox 95 887 229 966; x_wconf 76' lang='grc' dir='ltr'><strong><em>δείξεως</em></strong></span> <span class='ocrx_word' id='word_1_56' title='bbox 252 881 357 952; x_wconf 86' lang='grc' dir='ltr'><strong><em>αὐτοῦ</em></strong></span> <span class='ocrx_word' id='word_1_57' title='bbox 382 879 464 968; x_wconf 82' lang='grc' dir='ltr'><strong><em>πρὸς</em></strong></span> <span class='ocrx_word' id='word_1_58' title='bbox 481 878 540 950; x_wconf 91' lang='grc' dir='ltr'><strong><em>τὸν</em></strong></span> <span class='ocrx_word' id='word_1_59' title='bbox 552 877 723 970; x_wconf 86' lang='grc' dir='ltr'><strong><em>Ἰσραήλ·”</em></strong></span> <span class='ocrx_word' id='word_1_60' title='bbox 758 877 843 949; x_wconf 86' lang='grc' dir='ltr'><strong><em>ἀλλά</em></strong></span> <span class='ocrx_word' id='word_1_61' title='bbox 860 882 917 949; x_wconf 79' lang='grc' dir='ltr'><strong><em>καὶ</em></strong></span> <span class='ocrx_word' id='word_1_62' title='bbox 930 875 990 949; x_wconf 83' lang='grc' dir='ltr'><strong><em>“τό</em></strong></span> <span class='ocrx_word' id='word_1_63' title='bbox 1008 886 1064 949; x_wconf 80' lang='grc' dir='ltr'><strong><em>ἔν-</em></strong></span> 
     </span>
     <span class='ocr_line' id='line_1_9' title="bbox 97 971 1063 1074; baseline -0.003 -20"><span class='ocrx_word' id='word_1_64' title='bbox 97 989 186 1074; x_wconf 72' lang='grc' dir='ltr'><strong><em>δυμα</em></strong></span> <span class='ocrx_word' id='word_1_65' title='bbox 209 981 315 1055; x_wconf 89' lang='grc' dir='ltr'><strong><em>αῦτοῦ</em></strong></span> <span class='ocrx_word' id='word_1_66' title='bbox 337 971 380 1070; x_wconf 87' lang='grc' dir='ltr'><strong><em>ήν</em></strong></span> <span class='ocrx_word' id='word_1_67' title='bbox 399 985 435 1052; x_wconf 82' lang='grc' dir='ltr'><strong><em>ἐκ</em></strong></span> <span class='ocrx_word' id='word_1_68' title='bbox 451 988 575 1073; x_wconf 80' lang='grc' dir='ltr'><strong><em>τριχῶν</em></strong></span> <span class='ocrx_word' id='word_1_69' title='bbox 592 979 751 1071; x_wconf 80' lang='grc' dir='ltr'><strong><em>καμήλων</em></strong></span> <span class='ocrx_word' id='word_1_70' title='bbox 775 984 1014 1071; x_wconf 86' lang='grc' dir='ltr'><strong><em>πεποιημένον,</em></strong></span> <span class='ocrx_word' id='word_1_71' title='bbox 1042 980 1063 1070; x_wconf 89' lang='grc' dir='ltr'><strong><em>ή</em></strong></span> 
     </span>
     <span class='ocr_line' id='line_1_10' title="bbox 97 1080 1064 1176; baseline -0.001 -22"><span class='ocrx_word' id='word_1_72' title='bbox 97 1086 133 1155; x_wconf 68' lang='grc' dir='ltr'><strong><em>δὲ</em></strong></span> <span class='ocrx_word' id='word_1_73' title='bbox 151 1083 259 1176; x_wconf 91' lang='grc' dir='ltr'><strong><em>τροφή</em></strong></span> <span class='ocrx_word' id='word_1_74' title='bbox 277 1083 380 1156; x_wconf 84' lang='grc' dir='ltr'><strong><em>αὐτοῦ</em></strong></span> <span class='ocrx_word' id='word_1_75' title='bbox 398 1080 533 1172; x_wconf 79' lang='grc' dir='ltr'><strong><em>ἀκρίδες</em></strong></span> <span class='ocrx_word' id='word_1_76' title='bbox 552 1085 607 1152; x_wconf 84' lang='grc' dir='ltr'><strong><em>καλ</em></strong></span> <span class='ocrx_word' id='word_1_77' title='bbox 620 1087 695 1171; x_wconf 83' lang='grc' dir='ltr'><strong><em>μέλι</em></strong></span> <span class='ocrx_word' id='word_1_78' title='bbox 708 1080 858 1171; x_wconf 79' lang='grc' dir='ltr'><strong><em>ἀγριον.”</em></strong></span> <span class='ocrx_word' id='word_1_79' title='bbox 886 1090 935 1153; x_wconf 76' lang='grc'><strong><em>12.</em></strong></span> <span class='ocrx_word' id='word_1_80' title='bbox 954 1081 1000 1172; x_wconf 93' lang='grc' dir='ltr'><strong><em>μή</em></strong></span> <span class='ocrx_word' id='word_1_81' title='bbox 1018 1110 1064 1171; x_wconf 89' lang='grc' dir='ltr'><strong><em>πη</em></strong></span> 
     </span>
     <span class='ocr_line' id='line_1_11' title="bbox 57 1178 1093 1275; baseline 0.001 -21"><span class='ocrx_word' id='word_1_82' title='bbox 57 1217 82 1256; x_wconf 85' lang='grc' dir='ltr'><strong><em>ιο</em></strong></span> <span class='ocrx_word' id='word_1_83' title='bbox 95 1178 159 1257; x_wconf 87' lang='grc' dir='ltr'><strong><em>οῦν</em></strong></span> <span class='ocrx_word' id='word_1_84' title='bbox 183 1182 326 1274; x_wconf 78' lang='grc' dir='ltr'><strong><em>ὁρωντες</em></strong></span> <span class='ocrx_word' id='word_1_85' title='bbox 350 1182 476 1275; x_wconf 78' lang='grc' dir='ltr'><strong><em>ἀνδρα,</em></strong></span> <span class='ocrx_word' id='word_1_86' title='bbox 500 1193 671 1272; x_wconf 79' lang='grc' dir='ltr'><strong><em>ναζιραῖον</em></strong></span> <span class='ocrx_word' id='word_1_87' title='bbox 693 1185 756 1274; x_wconf 73' lang='grc' dir='ltr'><strong><em>μὲν</em></strong></span> <span class='ocrx_word' id='word_1_88' title='bbox 772 1189 858 1255; x_wconf 87' lang='grc' dir='ltr'><strong><em>θεοῦ</em></strong></span> <span class='ocrx_word' id='word_1_89' title='bbox 876 1184 938 1272; x_wconf 87' lang='grc' dir='ltr'><strong><em>τήν</em></strong></span> <span class='ocrx_word' id='word_1_90' title='bbox 955 1193 1062 1274; x_wconf 83' lang='grc' dir='ltr'><strong><em>τρίχα,</em></strong></span> <span class='ocrx_word' id='word_1_91' title='bbox 1081 1226 1093 1254; x_wconf 72' lang='lat' dir='ltr'>c</span> 
     </span>
     <span class='ocr_line' id='line_1_12' title="bbox 95 1283 1064 1376; baseline -0.001 -18"><span class='ocrx_word' id='word_1_92' title='bbox 95 1288 282 1374; x_wconf 70' lang='grc' dir='ltr'><strong><em>θεοπρεπὲς</em></strong></span> <span class='ocrx_word' id='word_1_93' title='bbox 298 1288 334 1358; x_wconf 74' lang='grc' dir='ltr'><strong><em>δὲ</em></strong></span> <span class='ocrx_word' id='word_1_94' title='bbox 348 1284 527 1375; x_wconf 85' lang='grc' dir='ltr'><strong><em>πρόσωπον</em></strong></span> <span class='ocrx_word' id='word_1_95' title='bbox 539 1283 784 1376; x_wconf 79' lang='grc' dir='ltr'><strong><em>ὑποφαίνοντα,</em></strong></span> <span class='ocrx_word' id='word_1_96' title='bbox 796 1286 905 1375; x_wconf 89' lang='grc' dir='ltr'><strong><em>σχῆμά</em></strong></span> <span class='ocrx_word' id='word_1_97' title='bbox 918 1315 954 1356; x_wconf 89' lang='grc' dir='ltr'><strong><em>τε</em></strong></span> <span class='ocrx_word' id='word_1_98' title='bbox 968 1289 1064 1368; x_wconf 82' lang='grc' dir='ltr'><strong><em>ξένον</em></strong></span> 
     </span>
     <span class='ocr_line' id='line_1_13' title="bbox 95 1384 1063 1478; baseline -0.002 -19"><span class='ocrx_word' id='word_1_99' title='bbox 95 1393 274 1478; x_wconf 81' lang='grc' dir='ltr'><strong><em>περιβολῆς</em></strong></span> <span class='ocrx_word' id='word_1_100' title='bbox 298 1384 543 1478; x_wconf 81' lang='grc' dir='ltr'><strong><em>ήμφιεσμένον,</em></strong></span> <span class='ocrx_word' id='word_1_101' title='bbox 570 1385 703 1476; x_wconf 81' lang='grc' dir='ltr'><strong><em>ἀθρόως</em></strong></span> <span class='ocrx_word' id='word_1_102' title='bbox 728 1387 837 1458; x_wconf 70' lang='grc' dir='ltr'><strong><em>ποθὲν</em></strong></span> <span class='ocrx_word' id='word_1_103' title='bbox 855 1391 887 1470; x_wconf 84' lang='grc' dir='ltr'><strong><em>ἐξ</em></strong></span> <span class='ocrx_word' id='word_1_104' title='bbox 911 1385 1063 1474; x_wconf 79' lang='grc' dir='ltr'><strong><em>ἀφανοῦς</em></strong></span> 
     </span>
     <span class='ocr_line' id='line_1_14' title="bbox 96 1487 1063 1581; baseline -0.002 -21"><span class='ocrx_word' id='word_1_105' title='bbox 96 1489 219 1581; x_wconf 81' lang='grc' dir='ltr'><strong><em>ἐρήμου</em></strong></span> <span class='ocrx_word' id='word_1_106' title='bbox 237 1488 459 1579; x_wconf 86' lang='grc' dir='ltr'><strong><em>φαινόμενον,</em></strong></span> <span class='ocrx_word' id='word_1_107' title='bbox 484 1492 541 1559; x_wconf 84' lang='grc' dir='ltr'><strong><em>καὶ</em></strong></span> <span class='ocrx_word' id='word_1_108' title='bbox 562 1488 644 1579; x_wconf 88' lang='grc' dir='ltr'><strong><em>μετά</em></strong></span> <span class='ocrx_word' id='word_1_109' title='bbox 662 1489 698 1559; x_wconf 88' lang='grc' dir='ltr'><strong><em>τὸ</em></strong></span> <span class='ocrx_word' id='word_1_110' title='bbox 717 1487 872 1579; x_wconf 76' lang='grc' dir='ltr'><strong><em>κήρυγμα</em></strong></span> <span class='ocrx_word' id='word_1_111' title='bbox 895 1487 1007 1559; x_wconf 72' lang='grc' dir='ltr'><strong><em>πάλιν</em></strong></span> <span class='ocrx_word' id='word_1_112' title='bbox 1016 1495 1063 1570; x_wconf 86' lang='grc' dir='ltr'><strong><em>είς</em></strong></span> 
     </span>
     <span class='ocr_line' id='line_1_15' title="bbox 94 1586 1061 1682; baseline -0.001 -21"><span class='ocrx_word' id='word_1_113' title='bbox 94 1590 156 1680; x_wconf 88' lang='grc' dir='ltr'><strong><em>τήν</em></strong></span> <span class='ocrx_word' id='word_1_114' title='bbox 173 1589 296 1682; x_wconf 83' lang='grc' dir='ltr'><strong><em>ἔρημον</em></strong></span> <span class='ocrx_word' id='word_1_115' title='bbox 314 1594 370 1661; x_wconf 80' lang='grc' dir='ltr'><strong><em>καὶ</em></strong></span> <span class='ocrx_word' id='word_1_116' title='bbox 384 1599 431 1674; x_wconf 77' lang='grc' dir='ltr'><strong><em>εἰς</em></strong></span> <span class='ocrx_word' id='word_1_117' title='bbox 444 1589 481 1661; x_wconf 89' lang='grc' dir='ltr'>τὸ</span> <span class='ocrx_word' id='word_1_118' title='bbox 498 1589 624 1680; x_wconf 72' lang='grc' dir='ltr'><strong><em>ἀφανὲς</em></strong></span> <span class='ocrx_word' id='word_1_119' title='bbox 640 1586 892 1679; x_wconf 77' lang='grc' dir='ltr'><strong><em>ὑποχωροῦντα,</em></strong></span> <span class='ocrx_word' id='word_1_120' title='bbox 911 1591 966 1659; x_wconf 78' lang='grc' dir='ltr'><strong><em>καὶ</em></strong></span> <span class='ocrx_word' id='word_1_121' title='bbox 979 1588 1061 1660; x_wconf 85' lang='grc' dir='ltr'><strong><em>ἀπο-</em></strong></span> 
     </span>
     <span class='ocr_line' id='line_1_16' title="bbox 56 1690 1064 1782; baseline 0.002 -22"><span class='ocrx_word' id='word_1_122' title='bbox 56 1721 81 1760; x_wconf 82' lang='lat'><strong><em>15</em></strong></span> <span class='ocrx_word' id='word_1_123' title='bbox 95 1721 170 1780; x_wconf 91' lang='grc' dir='ltr'><strong><em>τον,</em></strong></span> <span class='ocrx_word' id='word_1_124' title='bbox 201 1690 369 1782; x_wconf 83' lang='grc' dir='ltr'><strong><em>ἀτροφον,</em></strong></span> <span class='ocrx_word' id='word_1_125' title='bbox 400 1691 627 1781; x_wconf 75' lang='grc' dir='ltr'><strong><em>ἀκοινώνητον</em></strong></span> <span class='ocrx_word' id='word_1_126' title='bbox 649 1707 719 1773; x_wconf 92' lang='grc' dir='ltr'><strong><em>τοῖς</em></strong></span> <span class='ocrx_word' id='word_1_127' title='bbox 745 1701 895 1779; x_wconf 83' lang='grc' dir='ltr'><strong><em>πολλοῖς,</em></strong></span> <span class='ocrx_word' id='word_1_128' title='bbox 929 1690 1064 1772; x_wconf 89' lang='grc' dir='ltr'><strong><em>είκότως</em></strong></span> 
     </span>
     <span class='ocr_line' id='line_1_17' title="bbox 96 1789 1064 1884; baseline 0 -20"><span class='ocrx_word' id='word_1_129' title='bbox 96 1792 346 1884; x_wconf 78' lang='grc' dir='ltr'><strong><em>ἐξεπλήττοντο,</em></strong></span> <span class='ocrx_word' id='word_1_130' title='bbox 380 1790 461 1884; x_wconf 77' lang='grc' dir='ltr'><strong><em>μηδ’</em></strong></span> <span class='ocrx_word' id='word_1_131' title='bbox 492 1789 677 1883; x_wconf 84' lang='grc' dir='ltr'><strong><em>ἀνθρωπον</em></strong></span> <span class='ocrx_word' id='word_1_132' title='bbox 707 1789 811 1863; x_wconf 89' lang='grc' dir='ltr'><strong><em>αῦτῦν</em></strong></span> <span class='ocrx_word' id='word_1_133' title='bbox 839 1792 1064 1874; x_wconf 84' lang='grc' dir='ltr'><strong><em>ὑπονοοῦντες</em></strong></span> 
     </span>
     <span class='ocr_line' id='line_1_18' title="bbox 95 1891 1071 1987; baseline -0.003 -21"><span class='ocrx_word' id='word_1_134' title='bbox 95 1894 276 1987; x_wconf 83' lang='grc' dir='ltr'><strong><em>ῦπάρχειν;</em></strong></span> <span class='ocrx_word' id='word_1_135' title='bbox 294 1898 363 1978; x_wconf 77' lang='grc' dir='ltr'><strong><em>πως</em></strong></span> <span class='ocrx_word' id='word_1_136' title='bbox 374 1897 437 1986; x_wconf 80' lang='grc' dir='ltr'><strong><em>γὰρ</em></strong></span> <span class='ocrx_word' id='word_1_137' title='bbox 451 1891 492 1966; x_wconf 92' lang='grc' dir='ltr'><strong><em>οῦ</em></strong></span> <span class='ocrx_word' id='word_1_138' title='bbox 506 1893 565 1966; x_wconf 89' lang='grc' dir='ltr'><strong><em>τὸν</em></strong></span> <span class='ocrx_word' id='word_1_139' title='bbox 577 1895 663 1985; x_wconf 70' lang='grc' dir='ltr'><strong><em>μηδέ</em></strong></span> <span class='ocrx_word' id='word_1_140' title='bbox 677 1899 714 1966; x_wconf 87' lang='grc' dir='ltr'><strong><em>έν</em></strong></span> <span class='ocrx_word' id='word_1_141' title='bbox 728 1904 822 1986; x_wconf 83' lang='grc' dir='ltr'><strong><em>χρεία</em></strong></span> <span class='ocrx_word' id='word_1_142' title='bbox 836 1900 960 1984; x_wconf 91' lang='grc' dir='ltr'><strong><em>τροφῆς</em></strong></span> <span class='ocrx_word' id='word_1_143' title='bbox 975 1924 1071 1983; x_wconf 79' lang='grc' dir='ltr'><strong><em>γινο-</em></strong></span> 
     </span>
     <span class='ocr_line' id='line_1_19' title="bbox 95 1992 1070 2087; baseline -0.003 -18"><span class='ocrx_word' id='word_1_144' title='bbox 95 2027 216 2086; x_wconf 84' lang='grc' dir='ltr'><strong><em>μενον;</em></strong></span> <span class='ocrx_word' id='word_1_145' title='bbox 235 1997 353 2068; x_wconf 77' lang='grc' dir='ltr'><strong><em>διὸκαὶ</em></strong></span> <span class='ocrx_word' id='word_1_146' title='bbox 366 1996 509 2087; x_wconf 74' lang='grc' dir='ltr'><strong><em>ἄγγελον</em></strong></span> <span class='ocrx_word' id='word_1_147' title='bbox 522 1992 625 2068; x_wconf 85' lang='grc' dir='ltr'><strong><em>αῦτόν</em></strong></span> <span class='ocrx_word' id='word_1_148' title='bbox 638 1993 869 2086; x_wconf 78' lang='grc' dir='ltr'><strong><em>ὑπειλήφεσαν</em></strong></span> <span class='ocrx_word' id='word_1_149' title='bbox 883 1998 981 2084; x_wconf 77' lang='grc' dir='ltr'><strong><em>εἶναι,</em></strong></span> <span class='ocrx_word' id='word_1_150' title='bbox 995 2001 1070 2066; x_wconf 92' lang='grc' dir='ltr'><strong><em>τοῦ·</em></strong></span> 
     </span>
     <span class='ocr_line' id='line_1_20' title="bbox 96 2096 1071 2188; baseline 0.001 -22"><span class='ocrx_word' id='word_1_151' title='bbox 96 2127 154 2167; x_wconf 92' lang='grc' dir='ltr'><strong><em>τον</em></strong></span> <span class='ocrx_word' id='word_1_152' title='bbox 172 2097 277 2169; x_wconf 78' lang='grc' dir='ltr'><strong><em>αὐτὸν</em></strong></span> <span class='ocrx_word' id='word_1_153' title='bbox 296 2102 426 2170; x_wconf 82' lang='grc' dir='ltr'><strong><em>ἐκεῖνον</em></strong></span> <span class='ocrx_word' id='word_1_154' title='bbox 442 2096 501 2169; x_wconf 84' lang='grc' dir='ltr'><strong><em>τὸν</em></strong></span> <span class='ocrx_word' id='word_1_155' title='bbox 520 2096 576 2168; x_wconf 78' lang='grc' dir='ltr'><strong><em>διά</em></strong></span> <span class='ocrx_word' id='word_1_156' title='bbox 593 2103 655 2168; x_wconf 92' lang='grc' dir='ltr'><strong><em>τοῦ</em></strong></span> <span class='ocrx_word' id='word_1_157' title='bbox 668 2097 842 2188; x_wconf 87' lang='grc' dir='ltr'><strong><em>προφήτου</em></strong></span> <span class='ocrx_word' id='word_1_158' title='bbox 861 2097 1071 2188; x_wconf 75' lang='grc' dir='ltr'><strong><em>δηλούμενον</em></strong></span> 
     </span>
     <span class='ocr_line' id='line_1_21' title="bbox 58 2194 1137 2289; baseline 0.003 -24"><span class='ocrx_word' id='word_1_159' title='bbox 58 2228 82 2265; x_wconf 73' lang='grc' dir='ltr'><strong><em>νο</em></strong></span> <span class='ocrx_word' id='word_1_160' title='bbox 96 2196 179 2268; x_wconf 88' lang='grc' dir='ltr'><strong><em>κατά</em></strong></span> <span class='ocrx_word' id='word_1_161' title='bbox 202 2196 239 2267; x_wconf 85' lang='grc' dir='ltr'><strong><em>τῦ</em></strong></span> <span class='ocrx_word' id='word_1_162' title='bbox 252 2194 351 2269; x_wconf 77' lang='grc' dir='ltr'><strong><em>“ίδοῦ</em></strong></span> <span class='ocrx_word' id='word_1_163' title='bbox 376 2199 440 2288; x_wconf 72' lang='grc' dir='ltr'><strong><em>ἐγὼ</em></strong></span> <span class='ocrx_word' id='word_1_164' title='bbox 464 2195 656 2269; x_wconf 88' lang='grc' dir='ltr'><strong><em>ἀποστέλλω</em></strong></span> <span class='ocrx_word' id='word_1_165' title='bbox 674 2199 734 2270; x_wconf 89' lang='grc' dir='ltr'><strong><em>τὸν</em></strong></span> <span class='ocrx_word' id='word_1_166' title='bbox 751 2197 894 2287; x_wconf 78' lang='grc' dir='ltr'><strong><em>ἀγχελόν</em></strong></span> <span class='ocrx_word' id='word_1_167' title='bbox 920 2229 984 2289; x_wconf 92' lang='grc' dir='ltr'><strong><em>μου</em></strong></span> <span class='ocrx_word' id='word_1_168' title='bbox 1003 2197 1069 2287; x_wconf 83' lang='grc' dir='ltr'><strong><em>πρὸ</em></strong></span> <span class='ocrx_word' id='word_1_169' title='bbox 1084 2226 1137 2280; x_wconf 77' lang='grc' dir='ltr'><strong><em>[τω]</em></strong></span> 
     </span>
     <span class='ocr_line' id='line_1_22' title="bbox 96 2297 1099 2389; baseline 0.002 -23"><span class='ocrx_word' id='word_1_170' title='bbox 96 2297 277 2387; x_wconf 77' lang='grc' dir='ltr'><strong><em>προσώπου</em></strong></span> <span class='ocrx_word' id='word_1_171' title='bbox 291 2321 365 2388; x_wconf 89' lang='grc' dir='ltr'><strong><em>σου,</em></strong></span> <span class='ocrx_word' id='word_1_172' title='bbox 384 2297 420 2382; x_wconf 81' lang='grc' dir='ltr'><strong><em>ὃς</em></strong></span> <span class='ocrx_word' id='word_1_173' title='bbox 434 2298 676 2370; x_wconf 76' lang='grc' dir='ltr'><strong><em>κατασκευάσει</em></strong></span> <span class='ocrx_word' id='word_1_174' title='bbox 689 2299 752 2388; x_wconf 86' lang='grc' dir='ltr'><strong><em>τήν</em></strong></span> <span class='ocrx_word' id='word_1_175' title='bbox 768 2299 852 2370; x_wconf 77' lang='grc' dir='ltr'><strong><em>ὁδόν</em></strong></span> <span class='ocrx_word' id='word_1_176' title='bbox 866 2322 928 2370; x_wconf 90' lang='grc' dir='ltr'><strong><em>σου</em></strong></span> <span class='ocrx_word' id='word_1_177' title='bbox 946 2310 1070 2389; x_wconf 78' lang='grc' dir='ltr'><strong><em>ἕμπρο-</em></strong></span> <span class='ocrx_word' id='word_1_178' title='bbox 1086 2331 1099 2368; x_wconf 73' lang='grc' dir='ltr'><strong><em>α</em></strong></span> 
     </span>
     <span class='ocr_line' id='line_1_23' title="bbox 96 2397 1070 2492; baseline 0.001 -24"><span class='ocrx_word' id='word_1_179' title='bbox 96 2402 182 2470; x_wconf 87' lang='grc' dir='ltr'><strong><em>σθέν</em></strong></span> <span class='ocrx_word' id='word_1_180' title='bbox 200 2397 297 2471; x_wconf 84' lang='grc' dir='ltr'><strong><em>σου.”</em></strong></span> <span class='ocrx_word' id='word_1_181' title='bbox 335 2403 491 2491; x_wconf 81' lang='grc' dir='ltr'><strong><em>κέχρηται</em></strong></span> <span class='ocrx_word' id='word_1_182' title='bbox 508 2405 593 2489; x_wconf 81' lang='grc' dir='ltr'><strong><em>γοῦν</em></strong></span> <span class='ocrx_word' id='word_1_183' title='bbox 611 2406 650 2492; x_wconf 87' lang='grc' dir='ltr'><strong><em>τῆ</em></strong></span> <span class='ocrx_word' id='word_1_184' title='bbox 669 2403 855 2488; x_wconf 73' lang='grc' dir='ltr'><strong><em>παραθέσει</em></strong></span> <span class='ocrx_word' id='word_1_185' title='bbox 874 2404 929 2470; x_wconf 83' lang='grc' dir='ltr'><strong><em>καὶ</em></strong></span> <span class='ocrx_word' id='word_1_186' title='bbox 947 2399 1070 2489; x_wconf 89' lang='grc' dir='ltr'><strong><em>ταῦτης</em></strong></span> 
     </span>
     <span class='ocr_line' id='line_1_24' title="bbox 96 2498 1069 2592; baseline -0.002 -20"><span class='ocrx_word' id='word_1_187' title='bbox 96 2505 152 2590; x_wconf 87' lang='grc' dir='ltr'><strong><em>τῆς</em></strong></span> <span class='ocrx_word' id='word_1_188' title='bbox 171 2506 302 2591; x_wconf 81' lang='grc' dir='ltr'><strong><em>γραφῆς</em></strong></span> <span class='ocrx_word' id='word_1_189' title='bbox 317 2501 456 2591; x_wconf 85' lang='grc' dir='ltr'><strong><em>Μάρκος</em></strong></span> <span class='ocrx_word' id='word_1_190' title='bbox 469 2500 488 2572; x_wconf 89' lang='grc' dir='ltr'>ὁ</span> <span class='ocrx_word' id='word_1_191' title='bbox 503 2498 746 2591; x_wconf 82' lang='grc' dir='ltr'><strong><em>εῦαχχελιστής.</em></strong></span> <span class='ocrx_word' id='word_1_192' title='bbox 786 2506 834 2570; x_wconf 86' lang='grc'><strong><em>13.</em></strong></span> <span class='ocrx_word' id='word_1_193' title='bbox 856 2504 909 2571; x_wconf 77' lang='grc' dir='ltr'><strong><em>καὶ</em></strong></span> <span class='ocrx_word' id='word_1_194' title='bbox 925 2500 943 2570; x_wconf 84' lang='grc' dir='ltr'>ὁ</span> <span class='ocrx_word' id='word_1_195' title='bbox 958 2503 1069 2592; x_wconf 88' lang='grc' dir='ltr'><strong><em>σωτήρ</em></strong></span> 
     </span>
     <span class='ocr_line' id='line_1_25' title="bbox 98 2595 1070 2694; baseline 0.001 -21"><span class='ocrx_word' id='word_1_196' title='bbox 98 2605 134 2674; x_wconf 72' lang='grc' dir='ltr'><strong><em>δὲ</em></strong></span> <span class='ocrx_word' id='word_1_197' title='bbox 146 2619 309 2694; x_wconf 89' lang='grc' dir='ltr'><strong><em>μαρτυρεῖ</em></strong></span> <span class='ocrx_word' id='word_1_198' title='bbox 321 2606 429 2693; x_wconf 79' lang='grc' dir='ltr'><strong><em>λέγων</em></strong></span> <span class='ocrx_word' id='word_1_199' title='bbox 443 2595 573 2692; x_wconf 86' lang='grc' dir='ltr'><strong><em>“ῆλθεν</em></strong></span> <span class='ocrx_word' id='word_1_200' title='bbox 585 2599 604 2675; x_wconf 87' lang='grc' dir='ltr'>ὁ</span> <span class='ocrx_word' id='word_1_201' title='bbox 616 2601 769 2693; x_wconf 83' lang='grc' dir='ltr'><strong><em>Ἰωάννης</em></strong></span> <span class='ocrx_word' id='word_1_202' title='bbox 788 2603 871 2694; x_wconf 88' lang='grc' dir='ltr'><strong><em>πρὸς</em></strong></span> <span class='ocrx_word' id='word_1_203' title='bbox 883 2602 969 2692; x_wconf 85' lang='grc' dir='ltr'><strong><em>ῦμῦς</em></strong></span> <span class='ocrx_word' id='word_1_204' title='bbox 987 2602 1070 2692; x_wconf 90' lang='grc' dir='ltr'><strong><em>μήτε</em></strong></span> 
     </span>
     <span class='ocr_line' id='line_1_26' title="bbox 58 2701 1067 2796; baseline 0.002 -22"><span class='ocrx_word' id='word_1_205' title='bbox 58 2734 83 2774; x_wconf 83' lang='lat'><strong><em>25</em></strong></span> <span class='ocrx_word' id='word_1_206' title='bbox 98 2709 225 2776; x_wconf 82' lang='grc' dir='ltr'><strong><em>ἐσθίων</em></strong></span> <span class='ocrx_word' id='word_1_207' title='bbox 242 2703 325 2796; x_wconf 87' lang='grc' dir='ltr'><strong><em>μήτε</em></strong></span> <span class='ocrx_word' id='word_1_208' title='bbox 343 2713 463 2796; x_wconf 88' lang='grc' dir='ltr'><strong><em>πίνων,</em></strong></span> <span class='ocrx_word' id='word_1_209' title='bbox 482 2709 538 2777; x_wconf 78' lang='grc' dir='ltr'><strong><em>καὶ</em></strong></span> <span class='ocrx_word' id='word_1_210' title='bbox 556 2708 678 2795; x_wconf 79' lang='grc' dir='ltr'><strong><em>λέγετε,</em></strong></span> <span class='ocrx_word' id='word_1_211' title='bbox 697 2705 872 2795; x_wconf 77' lang='grc' dir='ltr'><strong><em>δαιμόνιον</em></strong></span> <span class='ocrx_word' id='word_1_212' title='bbox 890 2701 990 2794; x_wconf 86' lang='grc' dir='ltr'><strong><em>έχει.”</em></strong></span> <span class='ocrx_word' id='word_1_213' title='bbox 1019 2711 1067 2776; x_wconf 88' lang='grc'><strong><em>14.</em></strong></span> 
     </span>
     <span class='ocr_line' id='line_1_27' title="bbox 96 2805 1070 2898; baseline 0 -19"><span class='ocrx_word' id='word_1_214' title='bbox 96 2807 179 2889; x_wconf 85' lang='grc' dir='ltr'><strong><em>τοῦς</em></strong></span> <span class='ocrx_word' id='word_1_215' title='bbox 198 2805 261 2898; x_wconf 83' lang='grc' dir='ltr'><strong><em>χάρ</em></strong></span> <span class='ocrx_word' id='word_1_216' title='bbox 280 2806 502 2889; x_wconf 87' lang='grc' dir='ltr'><strong><em>ἀπιστοῦντας</em></strong></span> <span class='ocrx_word' id='word_1_217' title='bbox 520 2811 578 2879; x_wconf 86' lang='grc' dir='ltr'><strong><em>καὶ</em></strong></span> <span class='ocrx_word' id='word_1_218' title='bbox 601 2805 683 2897; x_wconf 80' lang='grc' dir='ltr'><strong><em>πρὸς</em></strong></span> <span class='ocrx_word' id='word_1_219' title='bbox 700 2806 741 2878; x_wconf 86' lang='grc' dir='ltr'><strong><em>τά</em></strong></span> <span class='ocrx_word' id='word_1_220' title='bbox 764 2805 877 2897; x_wconf 91' lang='grc' dir='ltr'><strong><em>ἀληθῆ</em></strong></span> <span class='ocrx_word' id='word_1_221' title='bbox 897 2815 1070 2898; x_wconf 76' lang='grc' dir='ltr'><strong><em>δυσχερεῖς</em></strong></span> 
     </span>
     <span class='ocr_line' id='line_1_28' title="bbox 97 2899 1068 2999; baseline 0.001 -19"><span class='ocrx_word' id='word_1_222' title='bbox 97 2913 154 2980; x_wconf 85' lang='grc' dir='ltr'><strong><em>καὶ</em></strong></span> <span class='ocrx_word' id='word_1_223' title='bbox 163 2907 392 2991; x_wconf 57' lang='grc' dir='ltr'><strong><em>,δυσενῦότους</em></strong></span> <span class='ocrx_word' id='word_1_224' title='bbox 407 2908 494 2992; x_wconf 81' lang='grc' dir='ltr'><strong><em>είκὸς</em></strong></span> <span class='ocrx_word' id='word_1_225' title='bbox 507 2899 551 2999; x_wconf 91' lang='grc' dir='ltr'><strong><em>ήν</em></strong></span> <span class='ocrx_word' id='word_1_226' title='bbox 565 2909 621 2980; x_wconf 76' lang='grc' dir='ltr'><strong><em>βιά</em></strong></span> <span class='ocrx_word' id='word_1_227' title='bbox 633 2910 693 2980; x_wconf 87' lang='grc' dir='ltr'><strong><em>τὸν</em></strong></span> <span class='ocrx_word' id='word_1_228' title='bbox 706 2913 882 2998; x_wconf 82' lang='grc' dir='ltr'><strong><em>εἰρημένον</em></strong></span> <span class='ocrx_word' id='word_1_229' title='bbox 891 2915 951 2980; x_wconf 94' lang='grc' dir='ltr'><strong><em>τοῦ</em></strong></span> <span class='ocrx_word' id='word_1_230' title='bbox 961 2909 1068 2982; x_wconf 85' lang='grc' dir='ltr'><strong><em>Ἰωάν-</em></strong></span> 
     </span>
     <span class='ocr_line' id='line_1_29' title="bbox 99 3006 1069 3101; baseline -0.001 -19"><span class='ocrx_word' id='word_1_231' title='bbox 99 3040 161 3082; x_wconf 92' lang='grc' dir='ltr'><strong><em>νου</em></strong></span> <span class='ocrx_word' id='word_1_232' title='bbox 179 3019 255 3099; x_wconf 87' lang='grc' dir='ltr'><strong><em>βίον</em></strong></span> <span class='ocrx_word' id='word_1_233' title='bbox 268 3018 404 3082; x_wconf 92' lang='grc' dir='ltr'><strong><em>τοιαῦτα</em></strong></span> <span class='ocrx_word' id='word_1_234' title='bbox 418 3010 522 3082; x_wconf 82' lang='grc' dir='ltr'><strong><em>αὐτὸν</em></strong></span> <span class='ocrx_word' id='word_1_235' title='bbox 534 3020 759 3100; x_wconf 79' lang='grc' dir='ltr'><strong><em>βλασφημεῖν,</em></strong></span> <span class='ocrx_word' id='word_1_236' title='bbox 779 3006 824 3092; x_wconf 78' lang='grc' dir='ltr'><strong><em>ῦς</em></strong></span> <span class='ocrx_word' id='word_1_237' title='bbox 835 3017 978 3101; x_wconf 78' lang='grc' dir='ltr'><strong><em>ἔμπαλιν</em></strong></span> <span class='ocrx_word' id='word_1_238' title='bbox 992 3012 1069 3092; x_wconf 90' lang='grc' dir='ltr'><strong><em>τοῦς</em></strong></span> 
     </span>
    </p>
   </div>
   <div class='ocr_carea' id='block_1_3' title="bbox 1140 551 1152 583">
    <p class='ocr_par' dir='ltr' id='par_1_3' title="bbox 1140 551 1152 583">
     <span class='ocr_line' id='line_1_30' title="bbox 1140 551 1152 583; baseline 0 0"><span class='ocrx_word' id='word_1_239' title='bbox 1140 551 1152 583; x_wconf 84' lang='lat' dir='ltr'><em>s</em></span> 
     </span>
    </p>
   </div>
   <div class='ocr_carea' id='block_1_4' title="bbox 98 3108 1067 3204">
    <p class='ocr_par' dir='ltr' id='par_1_4' title="bbox 98 3108 1067 3204">
     <span class='ocr_line' id='line_1_31' title="bbox 98 3108 1067 3204; baseline -0.002 -21"><span class='ocrx_word' id='word_1_240' title='bbox 98 3116 378 3203; x_wconf 86' lang='grc' dir='ltr'><strong><em>συνησθημένους</em></strong></span> <span class='ocrx_word' id='word_1_241' title='bbox 396 3120 454 3201; x_wconf 86' lang='grc' dir='ltr'><strong><em>τῆς</em></strong></span> <span class='ocrx_word' id='word_1_242' title='bbox 472 3112 546 3184; x_wconf 90' lang='grc' dir='ltr'><strong><em>κατ’</em></strong></span> <span class='ocrx_word' id='word_1_243' title='bbox 569 3110 673 3184; x_wconf 86' lang='grc' dir='ltr'><strong><em>αῦτὸν</em></strong></span> <span class='ocrx_word' id='word_1_244' title='bbox 690 3109 809 3204; x_wconf 89' lang='grc' dir='ltr'><strong><em>ἀρετῆς</em></strong></span> <span class='ocrx_word' id='word_1_245' title='bbox 827 3110 969 3202; x_wconf 79' lang='grc' dir='ltr'><strong><em>ἀγγεῖον</em></strong></span> <span class='ocrx_word' id='word_1_246' title='bbox 986 3108 1067 3181; x_wconf 90' lang='grc' dir='ltr'><strong><em>ῦπο-</em></strong></span> 
     </span>
    </p>
   </div>
   <div class='ocr_carea' id='block_1_5' title="bbox 98 3378 1017 3512">
    <p class='ocr_par' dir='ltr' id='par_1_5' title="bbox 98 3378 1017 3512">
     <span class='ocr_line' id='line_1_32' title="bbox 167 3378 1017 3444; baseline -0.005 -16"><span class='ocrx_word' id='word_1_247' title='bbox 167 3381 182 3441; x_wconf 80' lang='grc'>6</span> <span class='ocrx_word' id='word_1_248' title='bbox 200 3381 267 3431; x_wconf 84' lang='lat' dir='ltr'>Luc.</span> <span class='ocrx_word' id='word_1_249' title='bbox 283 3384 305 3443; x_wconf 83' lang='lat'><strong><em>1,</em></strong></span> <span class='ocrx_word' id='word_1_250' title='bbox 319 3382 362 3435; x_wconf 80' lang='lat'><strong><em>80.</em></strong></span> <span class='ocrx_word' id='word_1_251' title='bbox 501 3382 516 3429; x_wconf 79' lang='lat'><strong>7</strong></span> <span class='ocrx_word' id='word_1_252' title='bbox 535 3379 635 3430; x_wconf 78' lang='lat' dir='ltr'><strong>Matth.</strong></span> <span class='ocrx_word' id='word_1_253' title='bbox 649 3383 674 3444; x_wconf 91' lang='grc'><strong><em>3,</em></strong></span> <span class='ocrx_word' id='word_1_254' title='bbox 687 3381 712 3432; x_wconf 83' lang='grc'><strong><em>4.</em></strong></span> <span class='ocrx_word' id='word_1_255' title='bbox 855 3381 889 3433; x_wconf 77' lang='lat'><strong><em>20</em></strong></span> <span class='ocrx_word' id='word_1_256' title='bbox 900 3378 984 3435; x_wconf 62' lang='lat' dir='ltr'><strong><em>,Ma-⁶</em></strong></span> <span class='ocrx_word' id='word_1_257' title='bbox 1006 3379 1017 3392; x_wconf 70' lang='lat'><strong><em>‘&#39;</em></strong></span> 
     </span>
     <span class='ocr_line' id='line_1_33' title="bbox 98 3447 311 3512; baseline 0.009 -18"><span class='ocrx_word' id='word_1_258' title='bbox 98 3448 131 3495; x_wconf 81' lang='lat'><strong><em>24</em></strong></span> <span class='ocrx_word' id='word_1_259' title='bbox 148 3447 217 3500; x_wconf 85' lang='lat' dir='ltr'>Luc.</span> <span class='ocrx_word' id='word_1_260' title='bbox 232 3451 256 3512; x_wconf 85' lang='grc'><strong><em>7,</em></strong></span> <span class='ocrx_word' id='word_1_261' title='bbox 271 3452 311 3498; x_wconf 87' lang='grc'><strong><em>33,</em></strong></span> 
     </span>
    </p>
   </div>
   <div class='ocr_carea' id='block_1_6' title="bbox 0 0 1168 3818">
    <p class='ocr_par' dir='ltr' id='par_1_6' title="bbox 0 0 1168 3818">
     <span class='ocr_line' id='line_1_34' title="bbox 0 0 1168 3818; baseline 0 0"><span class='ocrx_word' id='word_1_262' title='bbox 0 0 1168 3818; x_wconf 95' lang='lat' dir='ltr'><strong><em> </em></strong></span> 
     </span>
    </p>
   </div>
  </div>
 </body>
</html>
