2326 3818
275 125 457 176 DEMONST.
475 125 794 177 σκευανεεοοοπ.
960 121 1023 185 293

59 268 353 354 συμβαλλομένων.
395 269 445 333 31.
475 271 506 333 εί
523 267 562 333 δέ
578 260 652 334 ποτ’
682 261 794 344 αὐτοῖς
813 270 907 343 σκιᾶς
927 268 1026 351 δίκην

60 364 282 454 ἐπηκολούθει
299 363 335 434 τό
355 367 410 435 καὶ
427 365 468 434 τίι
486 361 635 455 παρόντα
653 371 720 434 τῶν
732 368 844 452 μέσων
858 367 912 432 καὶ
932 361 1024 433 ἀῦια-
1042 392 1053 430 ι

59 466 177 557 φόρων
207 476 402 556 γνωρίζειν,
438 469 492 535 καί
519 468 695 555 προλέγειν
732 465 813 534 κατὰ
840 464 957 550 καιρόν
985 466 1025 535 τὰ

59 566 271 658 ἀγνοούμενα
287 585 358 649 τοῖς
376 573 554 656 ἐρωτῶσιν,
572 565 763 655 ἀναγκαίως
778 571 943 636 καὶτοῦτο
956 585 1092 646 τοῑςίῑθὸ]

32 669 161 740 ὁπάλαι
186 668 300 750 αὐτοῖς
324 667 540 758 πλησιάζουσι
564 685 742 758 παρεῖχον,
769 666 812 750 ὡς
836 662 878 737 ἀν
901 666 945 756 μὴ
969 674 1027 736 θο-

59 789 150 843 κοῑεν
176 776 211 841 oc
232 779 340 861 λίχνοι
363 773 440 859 περὶ
464 769 522 851 τὰς
545 771 750 860 προγνοίσεις
776 767 921 857 εὐλόγως
947 767 1026 838 ἀπο-

58 882 186 943 κλίνειν
214 875 267 943 ἐπὶ
292 870 333 942 τῦ
359 877 421 956 ἔξω
444 876 512 942 των
536 870 738 960 ἀλλοφύλων
757 875 869 942 ἐθνῦν
888 888 1026 959 μαντεῖα

57 973 176 1046 σπάνει
199 981 383 1063 προφητῶν
400 981 544 1044 οίκείων.

133 1081 183 1146 32.
210 1072 307 1147 Ἀλλὰ
332 1081 438 1145 ταῦτα
463 1076 526 1164 μὲν
551 1063 618 1143 οἶδε
641 1079 734 1155 τέλος
759 1077 876 1163 ἐχέτω,
907 1079 965 1161 της
991 1078 1027 1143 ἐν

18 1197 43 1236 1⁰
57 1192 125 1256 τοῖς
145 1175 310 1264 Ἐβραίων
334 1175 519 1265 προφήταις
542 1183 641 1256 θείας
666 1175 839 1264 δυνάμεως
862 1173 941 1245 ὄντα
962 1203 1051 1244 noc-e

59 1277 251 1365 ραστατικά.
290 1275 359 1365 ὥρα
379 1276 420 1365 δη
439 1268 503 1347 οῦν
521 1274 636 1357 αὐτοῖς
644 1330 653 1364 ,
678 1273 733 1346 οἷα
758 1277 800 1364 δὴ
824 1279 953 1356 ἐνθέοις
971 1275 1028 1346 ἀν-

62 1377 159 1465 ὃράσι
177 1380 232 1447 καὶ
251 1394 368 1466 σοφοῖς
386 1377 426 1448 οὐ
445 1376 516 1448 κατ’
538 1375 722 1462 ῦνθρωπον
735 1380 937 1466 γενομένοις,
953 1376 1025 1446 κατ’

62 1482 239 1549 ἐπίπνοιαν
270 1479 307 1547 δὲ
336 1488 439 1550 θείου
470 1477 675 1568 πνεύματος,
711 1487 894 1549 πείθεσθαι
932 1478 1029 1547 6260?-

63 1601 200 1667 σκουσι,
219 1579 446 1651 παιδεύεσθαί
460 1609 497 1650 τε
515 1579 555 1650 τὰ
573 1578 652 1666 παρ’
674 1577 788 1661 αὐτοῖς
807 1579 953 1669 δόγματα
972 1583 1027 1648 καὶ

20 1700 45 1740 15
59 1680 117 1761 τάς
137 1676 287 1770 εὐσεβεῖς
305 1685 362 1752 καλ
379 1681 610 1765 ἀδιαπτώτους
627 1690 816 1769 θεολογίας,
836 1678 948 1751 οὐκέτ’
968 1680 1027 1771 ἀμ-

59 1791 219 1870 φιβολίαν
244 1791 378 1872 ἔχοντα,
405 1782 450 1873 μή
474 1812 520 1869 πη
550 1781 669 1870 ἀρετῆς
697 1785 752 1852 καὶ
783 1779 943 1870 ἀληθείας
973 1780 1028 1851 ἀλ-

60 1883 192 1972 λότριον
211 1885 404 1973 ἐπάγονται·
445 1881 522 1974 φέρ’
542 1876 604 1956 οὐν
622 1883 687 1973 η’δη
706 1884 823 1954 λοιπὸν
841 1880 1029 1970 ἀναλαβόν-

62 2013 114 2064 τες
135 1991 166 2068 έξ
189 1985 341 2075 ῦπαρχης
365 1987 423 2057 τὸν
450 1986 550 2075 λόγον
578 1986 639 2075 την
664 1993 792 2066 ἐντοῖς
823 1981 1028 2072 εὐαγγελίοις

61 2089 137 2171 περὶ
168 2083 229 2174 τὴν
266 2092 326 2157 τοῦ
355 2091 503 2175 σωτῆρος
534 2085 629 2176 ἡμῶν
657 2085 764 2174 Ἰησοῦ
794 2090 853 2156 τοῦ
882 2093 1028 2175 Χριστοῦ

18 2207 45 2245 2⁰
60 2195 241 2275 θεολογίαν
259 2183 324 2257 ἀπὸ
341 2194 399 2276 της
423 2195 629 2277 προφητικης
653 2196 836 2277 μαρτυρίας
854 2186 1028 2257 πιστωσαί-

63 2299 161 2374 μεθα.
204 2291 254 2357 33.
286 2279 468 2377 ημένούν
487 2286 684 2378 εὐαγγελικη
703 2280 1057 2377 μαρτυρία-ῦῦετόνο

60 2387 207 2477 Χριστὸν
224 2399 383 2477 θεολογεῖ
404 2386 423 2413 “
435 2393 472 2459 ἐν
495 2388 582 2479 ἀργῇ
598 2380 642 2476 ἦν
659 2388 676 2458 ὁ
695 2389 803 2477 λόγος,
823 2391 877 2456 καὶ
896 2387 913 2457 ὁ
932 2389 1028 2476 λόγος

57 2480 101 2574 ἦν
120 2487 202 2577 πρός
228 2490 287 2562 τὸν
312 2488 408 2578 θεόν,
432 2493 488 2560 καί
512 2492 591 2573 θεὸς
609 2481 651 2578 ἦν
675 2488 816 2577 ὁλόγος.
853 2487 961 2558 πάντα
987 2487 1025 2558 δι’

59 2587 164 2660 αὐτοῦ
188 2595 329 2680 ἐγένετο,
355 2596 410 2663 καλ
440 2597 540 2683 χωρὶς
566 2589 668 2664 αὐτοῦ
701 2595 831 2680 ἐγένετο
855 2589 931 2660 οὐδ’
963 2586 1027 2660 έν.”

18 2710 44 2750 2⁵
59 2702 156 2763 καλεῖ
172 2691 204 2763 δ’
226 2693 329 2765 αὐτὸν
348 2697 404 2765 καί
422 2699 494 2783 φῶς
512 2694 642 2784 νοερὸν,
657 2704 753 2764 καλεῖ
765 2694 803 2762 δὲ
822 2694 877 2762 καὶ
898 2691 1026 2781 κύριον,

57 2790 170 2878 ὥσπερ
189 2784 251 2863 οὐν
269 2798 325 2865 καί
349 2795 451 2868 θεόν·
484 2802 534 2866 34.
562 2799 619 2866 καί
637 2795 654 2865 ὁ
672 2798 850 2875 θεσπέσιος
874 2795 911 2864 δὲ
928 2801 1026 2864 Παῦ-

53 2901 129 2980 λος,
163 2889 221 2962 οία
245 2899 306 2964 τοῦ
336 2902 483 2982 Χριστοῦ
502 2895 654 2985 μαθητὴς
679 2893 727 2967 ἀν
751 2898 806 2965 καὶ
832 2893 1024 2982 ἀπόστολος,

51 2993 193 3086 συνᾴδει
219 2999 261 3084 τῇ
278 3006 457 3090 θεολογίηι,
481 3005 585 3069 ταῦτα
603 3000 680 3085 περὶ
699 2995 804 3068 αὐτοῦ
822 2996 955 3080 διεξιών
969 2992 1026 3077 “ὃ’ς

53 3099 145 3166 ἐστιν
165 3096 267 3166 είκῦν
285 3104 346 3168 τοῦ
363 3103 450 3169 θεοῦ
471 3107 531 3170 τοῦ
555 3096 715 3187 ἀοράτου,
740 3098 947 3186 πρωτότοκος
966 3097 1026 3166 πά-

14 3241 39 3283 ,ο
55 3221 116 3285 σης
140 3207 295 3287 κτίσεως,
318 3197 369 3270 ὅτι
394 3203 431 3272 ἐν
454 3199 544 3294 αὐτῷ
571 3205 709 3288 ἐκτίσθη
732 3198 771 3268 τὰ
794 3196 902 3268 πάντα
929 3195 969 3267 τά
988 3201 1023 3267 ἐν

117 3432 149 3480 να
167 3431 243 3496 10.1,
265 3436 286 3482 1.
441 3434 474 3483 νε
493 3434 551 3484 001.
568 3437 591 3497 1,
612 3437 653 3491 ω.
