2326 3818
328 137 514 191 οεαοαεε.
531 137 664 189 Ενεαα.
682 139 759 188 vm.
779 142 802 188 6.
984 136 1047 200 539

77 275 171 369 βάνω
195 281 392 363 δηλοῦσθαι.
440 280 509 344 102.
536 273 581 356 ὡς
611 273 675 365 γάρ
708 274 864 367 ἀνωτέρω
881 273 1046 403 ρόνόμαζε

76 375 230 467 χριστούς
248 371 453 466 ἡγουμένους
471 373 547 457 τοδς
566 372 730 466 ἀρχιερεῖς
748 373 889 462 λίγων“
894 380 955 459 ἕως
975 409 1047 468 χρι-

77 500 157 548 στου
143 472 389 566 ἡγουμένου,”
406 474 464 547 τόν
477 473 733 566 αὐτὸντρόπον
729 505 808 546 αετα
798 474 972 559 ἐκείνους
991 483 1047 549 καὶ
1079 545 1082 552 .

76 579 138 668 τὴν
156 583 296 650 ἐκείνων
314 576 523 649 κατάπαυσιν
545 576 608 648 οὐκ
632 575 730 657 ἀλλος
748 573 933 709 ἡγούμενρς
952 580 1047 669 ἐρχό-

50 708 175 770 εμενος
193 675 214 769 ἡ
232 709 250 750 0
240 676 437 768 δηλωθεὶς
456 683 488 762 ἐξ
506 675 699 768 ἀλλοφύλου
717 682 835 767 γένους
853 709 909 748 και
898 682 962 749 οί
977 689 1046 749 λοι-
1065 720 1075 747 ε

76 784 132 852 πολ
151 781 223 853 ὅσοι
242 787 384 871 καθεξῆς
401 776 474 870 μετ’
495 785 643 862 ἐκείνους
657 778 824 870 ἡγήσαντο
839 784 898 851 τοό
911 788 1046 867 ἔθνους,

75 883 140 954 σὺν
159 880 208 964 οἷς
226 885 283 953 καὶ
311 881 390 974 μεθ’
422 873 487 969 σόν,
511 877 655 971 ὡσπερεὶ
674 900 848 971 συνεργοῖς
867 880 1046 972 χρεόμενος,

76 987 94 1055 ὁ
112 985 290 1075 μισόκαλος
308 988 364 1056 καὶ
381 990 449 1055 τῶν
466 979 607 1071 ἀγαθῶν
625 981 776 1074 φθορεὺς
795 987 851 1054 καὶ
869 984 931 1073 τὴν
949 982 1047 1054 πόλιν

75 1090 132 1156 καὶ
156 1085 192 1157 τό
215 1085 314 1173 ἀγιον
337 1093 538 1175 διαφθερεῖν
557 1096 693 1173 εῖρηται.
739 1090 809 1158 103.
829 1089 885 1155 καὶ
908 1085 971 1176 γάρ
996 1094 1048 1156 δι-

36 1215 60 1254 10
77 1190 236 1276 ε’φθειρεν
253 1183 389 1275 ἀληθοός
415 1183 506 1256 ἀπαν
522 1183 559 1255 τό
577 1193 696 1275 ἔθνος,
723 1186 796 1255 τοτὲ
822 1187 884 1275 μὲν
910 1188 972 1276 τὴν
990 1195 1047 1276 τὴς

76 1286 261 1376 ἱερωσύνης
285 1287 379 1370 τάξιν
406 1294 452 1369 είς
470 1295 682 1375 παρανομίαν
699 1284 809 1375 ἀγων,
834 1289 907 1357 τοτέ
936 1290 971 1357 δὲ
989 1289 1047 1359 τὸν

74 1387 183 1459 πάντα
207 1386 289 1460 λαόν
308 1391 537 1477 διαστρέφων,
561 1391 618 1458 καὶ
641 1384 704 1478 τὴν
730 1386 828 1458 πόλιν
853 1385 955 1477 (οὕτω
979 1397 1046 1458 τῶν

75 1497 220 1560 πολιτῶν
237 1490 468 1581 μεταφορικῶς
485 1485 748 1580 ὠνομασμένων)
760 1495 806 1570 είς
825 1487 982 1577 ἀσέβειαν
996 1493 1046 1559 έκ-

74 1589 286 1679 καλούμενος.
311 1589 452 1683 συνᾴδει
467 1591 505 1660 δέ
516 1585 612 1713 ἡμων
623 1595 663 1680 τῇ
678 1589 837 1661 ἀποδόσει
850 1593 906 1660 καὶ
923 1585 1045 1662 όἈκό-
1061 1619 1075 1659 d

38 1719 63 1759 ιι
77 1703 136 1774 λας
148 1697 268 1764 τοῦτον
280 1690 487 1784 ερμηνεόσας
500 1690 559 1762 τὸν
572 1690 696 1782 τρόπον
705 1687 834 1761 “606
797 1719 860 1779 την
873 1689 972 1763 πόλιν
990 1695 1045 1762 καὶ

75 1792 111 1865 τό
130 1793 226 1884 ἅγιον
241 1801 422 1885 διαφθερεῖ
433 1791 546 1877 λαός
528 1796 717 1883 ηγουμένου
730 1788 944 1916 ἔρχομένρυ.”
974 1799 1043 1864 104.

76 1894 116 1966 06
129 1895 233 1985 μόνον
247 1896 339 1988 γάρυ
328 1891 569 1988 ἐρχόμενος’
551 1894 748 1984 ηγοόμενος,
767 1890 784 1963 6
803 1895 886 1964 κατὰ
903 1894 943 1965 τά
962 1891 1045 1965 ἀπο·
1060 1924 1112 1975 [ειη

77 1997 270 2088 δεδομένα’
253 2014 333 2120 ημῖν
353 2001 530 2086 δηλωθελς,
551 1993 777 2121 διέφθειρε
740 2025 803 2084 την
819 1994 918 2067 πόλιν
936 1998 991 2066 καὶ
1009 1996 1045 2067 τὸ

76 2097 189 2186 ἅγιον,
208 2097 292 2168 ἀλλά
311 2094 399 2168 καὶ
384 2127 402 2168 ο
420 2097 540 2168 τούτου
559 2097 647 2180 λαός.
691 2111 777 2169 εἴποι
803 2096 877 2168 δ”’
857 2129 900 2170 αν
918 2128 966 2180 τις
984 2095 1046 2169 οὐκ

37 2227 63 2264 εο
76 2195 141 2277 ἀπό
159 2206 287 2268 σκοποῦ
305 2202 361 2268 καλ
379 2196 437 2269 τόν
450 2194 620 2287 Ῥωμαίων
636 2197 784 2288 ἡγεμόνα
804 2198 859 2268 διά
876 2204 946 2270 των
963 2227 1047 2288 προ-

76 2302 239 2387 κειμένων
253 2303 441 2386 δηλοῦσθαι
454 2297 557 2369 τόντε
570 2297 690 2369 τούτου
700 2300 793 2387 λαὸν,
810 2295 854 2368 δι’
870 2291 914 2369 06
925 2308 1046 2389 νομίζω

76 2407 301 2489 σημαίνεσθαι
319 2397 359 2469 τά
377 2397 586 2488 στρατόπεδα
599 2403 666 2472 των
680 2393 849 2487 Ῥωμαίων
862 2396 1045 2488 ἀρχόντων,

77 2505 110 2584 έξ
130 2505 259 2575 ἐκείνου
278 2501 515 2591 κρατησόντων
528 2503 589 2571 τοό
599 2507 738 2588 ἔθνους,
757 2508 790 2570 οἳ
802 2501 858 2568 καὶ
872 2499 934 2588 τὴν
948 2499 1047 2570 πόλιν

76 2600 183 2691 αὐτὴν
197 2598 413 2693 Ἱερουσαλὴμ
430 2600 563 2674 καὶτὸν
580 2600 682 2672 πάλαι
697 2605 733 2672 ἐν
746 2598 831 2692 αὐτῇ
849 2601 972 2691 σεμνόν
991 2605 1046 2671 καὶ

38 2731 65 2771 ει
77 2701 174 2792 ἅγιον
197 2703 285 2776 νεών
308 2706 517 2795 διέφθειραν.
559 2710 628 2775 105.
648 2700 714 2775 ὑπό
737 2702 864 2774 τούτων
889 2710 973 2791 γοῦν
990 2707 1046 2773 καλ

79 2804 282 2895 ἔξεκόπησαν
301 2802 344 2887 ὦς
364 2810 401 2877 ἐν
419 2813 640 2900 κατακλυσμῷ
658 2807 713 2877 καὶ
737 2809 798 2887 ἕως
820 2808 935 2890 τέλους
949 2809 1048 2877 πολέ-

61 2909 143 2996 μου
160 2909 430 2997 συντετμημένυυ
453 2903 654 2996 ἀφανισμοῖς
680 2914 852 2995 ἔφθασαν,
880 2905 965 2978 ὥστε
982 2906 1046 2995 ἡδη

77 3008 160 3079 κατά
190 3007 251 3096 τὴν
281 3015 489 3097 προφητείαν
521 3012 669 3095 παντελῆ
698 2998 879 3098 ὑπομεῖναι
907 3013 1047 3099 ἐρημίαν

76 3107 158 3197 μετά
175 3109 237 3198 τὴν
253 3107 336 3180 κατά
354 3114 412 3180 τοῦ
431 3115 578 3199 σωτῆρος
602 3109 698 3199 ἡμῶν
715 3110 899 3198 έπιβουλὴν
922 3106 1044 3195 αὐτῶν,
1060 3136 1113 3185 600)

37 3236 65 3277 ευ
77 3209 158 3300 μεθ’
179 3207 223 3299 ἡν
237 3214 292 3282 καὶ
305 3211 366 3299 τὴν
381 3210 523 3302 έσχάτην
534 3207 719 3304 ὑπέμειναν
737 3218 941 3300 πολιορκίαν.
962 3217 1047 3298 ἔχεις
1092 3256 1096 3264 ·

78 3313 133 3383 καὶ
151 3317 255 3384 ταότα
273 3309 418 3402 ἀκριβῶς
438 3317 474 3383 ἐν
491 3330 562 3394 ταῖς
579 3321 779 3402 γραφείσαις
794 3308 885 3405 αὐτῷ
900 3308 1047 3404 Ἰωσὴπφ

79 3419 248 3506 ἱστορίαις.
292 3421 362 3486 106.
382 3413 511 3487 τούτων
534 3406 572 3484 δέ
596 3415 673 3504 περὶ
696 3421 764 3484 τῶν
786 3411 1047 3502 συμβεβηκότων
