2326 3818
178 108 219 172 72
581 108 730 159 Ersfflm

179 255 304 319 ἔθνεσι.
359 250 416 316 καὶ
441 250 477 317 έν
506 249 606 317 παντὶ
631 244 721 340 τόπῳ
751 253 906 336 θυμίαμα
940 244 1149 338 προσάγεται

178 353 225 442 τῷ
242 345 383 438 ἀν’ματί
397 377 462 439 μου
481 352 537 419 καλ
554 356 659 420 θυσία
677 344 840 437 καθαρά.”

256 452 311 521 36.
342 448 476 540 Θύομεν
491 456 574 539 δήτα
591 453 770 540 τοιγαροῦν
786 454 832 543 τῷ
852 451 906 521 ἐπὶ
918 447 1056 522 πάντων
1072 456 1149 548 θεῷ

178 560 306 623 θυσίαν
330 555 504 635 αἰνέσεως·
523 551 655 641 θύομεν
672 551 709 622 τὸ
728 558 849 622 ἔνθεον
869 554 925 621 καὶ
944 549 1069 641 σεμνὸν
1088 558 1149 625 καὶ

152 656 374 745 είεροπρεπές
392 659 502 744 θῶμα·
528 653 659 743 θύομεν
683 656 806 734 καινῶς
831 650 914 723 κατά
938 651 999 741 τήν
1023 655 1149 746 καινήν

180 756 349 845 διαθήκην
368 756 431 843 τήν
455 752 610 843 καθαράν
635 765 772 826 θυσίαν.
816 761 922 824 θυσία
949 755 986 823 δέ
1010 759 1056 849 τῷ
1075 762 1151 851 θεῷ

179 862 312 946 πνεῶμα
344 859 625 946 συντετριμμένον
670 868 806 946 εἴρηται,
850 850 868 877 “
879 862 1023 943 καρδίαν
1061 862 1150 945 γοῦν

179 962 462 1046 συντετριμμένην
477 961 532 1027 καὶ
550 960 837 1047 τεταπεινωμένην
849 953 867 1027 ὁ
884 957 963 1038 θεὸς
976 955 1039 1028 οὐκ
1052 962 1151 1042 ἐξου-

182 1053 350 1129 δευῶσει.”
371 1065 421 1129 237.
431 1062 484 1128 καλ
500 1058 541 1148 δή
554 1062 609 1129 καὶ
621 1064 799 1149 θυμιῶμεν
810 1056 846 1129 τύ
861 1057 1069 1149 προφητικὸν
1081 1072 1149 1132 θυ-

180 1168 296 1249 μίαμα,
317 1163 353 1230 ἐν
371 1166 470 1231 παντί
489 1160 579 1255 τόπῳ
597 1168 870 1250 πρυσκομίζοντες
894 1157 985 1253 αὐτῶ
1008 1158 1067 1231 τὸν
1092 1160 1148 1233 εὐ·

181 1260 252 1350 ῶδη
270 1261 400 1352 καρπὸν
417 1266 474 1351 τῆς
492 1265 682 1351 παναρέτου
699 1270 887 1350 θεολογίας,
906 1259 962 1332 διά
979 1266 1047 1332 τῶν
1065 1261 1152 1353 πρὸς

180 1360 283 1434 αὐτὸν
302 1363 412 1455 εὐχῶν
429 1364 664 1455 ἀναφέροντες.
707 1362 804 1434 τοῦτό
821 1393 871 1434 τοι
889 1365 945 1433 καὶ
970 1361 1069 1446 ἀλλος
1096 1372 1152 1436 δι-

181 1465 297 1538 δάσκει
316 1465 505 1556 προφήτης,
524 1462 542 1536 ὁ
560 1464 688 1556 φήσας,
708 1460 727 1489 “
737 1463 914 1555 γενηθήτω
934 1460 954 1553 ή
978 1466 1152 1559 προσευχή

179 1597 244 1657 μου
272 1567 316 1648 ῶς
352 1577 506 1658 θυμίαμα
542 1565 686 1638 ἐνῶπιόν
721 1563 811 1637 σου.”
863 1572 914 1636 38.
941 1565 1066 1637 οὐκοῦν
1091 1572 1152 1641 καὶ

155 1668 311 1758 0θυόμεν
342 1671 397 1737 καὶ
428 1674 621 1757 θυμιῶμεν·
657 1669 730 1738 τοτὲ
759 1669 821 1758 μὲν
843 1666 906 1756 τήν
928 1667 1063 1757 μνήμην
1087 1674 1150 1741 τοῦ

127 1797 167 1850 [τε]
184 1768 331 1859 μεγάλου
348 1767 498 1858 θύματος
517 1767 599 1839 κατά
616 1770 657 1839 τά
683 1767 764 1858 πρὸς
788 1767 891 1839 αὐτοῦ
910 1774 1152 1860 παραδοθέντα

181 1868 349 1961 μυστήρια
364 1876 604 1958 ἐπιτελοῦντες,
623 1872 679 1939 καὶ
693 1870 754 1959 τήν
766 1869 851 1959 ὐπέρ
870 1878 1035 1963 σωτηρίας
1052 1869 1153 1961 ήμῶν

183 1981 398 2061 ευχαριστίαν
431 1969 478 2042 δι’
504 1968 655 2061 εὐσεβῶν
678 1970 797 2061 ὕμνων
823 2002 859 2043 τε
888 1975 944 2043 καὶ
969 1970 1079 2062 εὐχῶν
1101 1978 1153 2070 τῶ

182 2080 252 2166 θεῷ
271 2080 563 2162 προσκομίζοντες,
581 2074 654 2143 τοτὲ
679 2074 715 2143 δέ
741 2078 827 2162 σφᾶς
852 2070 973 2155 αὐτούς
996 2073 1063 2169 ὅλῳ
1088 2104 1151 2147 κα-

181 2180 377 2264 θιεροῦντες
401 2173 510 2269 αὐτῷ,
536 2178 591 2246 καλ
619 2179 665 2268 τῷ
689 2203 727 2264 γε
750 2174 900 2265 ἀρχιερεῖ
916 2173 1020 2245 αὐτού
1045 2175 1148 2272 λόγῳ,

182 2274 273 2372 αὐτῶ
291 2274 417 2367 σῶματι
442 2280 498 2346 καὶ
522 2281 613 2369 ψυχῇ
631 2273 853 2368 ἀνακείμενοι.
891 2283 942 2346 39.
969 2276 1022 2347 διδ
1040 2278 1150 2368 πάσης

181 2381 243 2469 μεν
262 2387 499 2471 αἰσχρουργίας
524 2380 561 2451 τδ
589 2385 685 2471 σῶμα
709 2377 875 2469 ἀχραντον
906 2381 962 2449 καλ
986 2374 1151 2468 ἀμίαντον

181 2481 272 2576 αὐτῶ
294 2481 476 2573 φυλάττειν
501 2479 688 2572 ἀσκοῦμεν,
713 2480 837 2562 παντὸς
865 2481 902 2550 δὲ’
931 2477 1065 2563 πάθους
1092 2484 1149 2553 καὶ

181 2588 321 2669 κηλῖδος·
335 2579 466 2671 ἀπάσης
491 2588 550 2670 τής
577 2580 641 2653 ἀπὸ
665 2590 783 2663 κακίας
806 2584 1063 2671 κεκαθαρμένην
1087 2582 1150 2672 τήν

182 2680 335 2752 διάνοιαν
353 2680 444 2775 αὐτῷ
461 2690 734 2772 προσκομίζομεν,
750 2691 919 2771 λογισμοῖς
931 2713 967 2754 τε
977 2681 1150 2755 ἀδιαπτῶ-

181 2812 250 2862 τοις
281 2786 337 2852 καὶ
363 2780 520 2876 ἀπλάστῳ
550 2787 718 2872 διαθέσει,
749 2783 895 2873 δόγμασί
920 2814 955 2856 τε
987 2782 1149 2875 ἀληθείας

184 2879 391 2972 εὐσεβοῦμεν
416 2882 528 2954 αὐτόν.
571 2880 694 2973 ἀρεστά
724 2883 788 2978 γάρ
807 2884 900 2980 αὐτῷ
920 2891 1025 2957 ταῦτα
1061 2888 1150 2959 εἶναι

182 2989 309 3075 μᾶλλον
328 2982 347 3074 ἢ
366 2990 499 3057 θυσιῶν
517 2990 646 3077 πλήθος
664 2992 776 3076 αἵματι
794 2991 851 3058 καὶ
864 2992 982 3082 καπνῷ
999 2992 1056 3058 καὶ
1074 3000 1151 3060 κνί-

183 3109 256 3171 σαις
276 3090 540 3178 ἐπιτελουμένων
558 3087 823 3179 πεπαιδεύμεθα,

183 3252 223 3260 ,ἡ

251 3323 324 3376 7Ps.
342 3327 384 3389 50,
406 3326 444 3373 17.
550 3327 581 3374 13
599 3324 645 3373 Ps.
666 3325 724 3381 140,
743 3325 768 3371 2.

564 3427 765 3435 ...μω-..α-
