2326 3818
132 111 196 175 304
537 110 686 161 Ευεοειε

110 256 167 335 ιέξ
185 248 343 321 ἁπάντων
366 252 434 319 τῶν
459 250 570 317 ἐθνῶν
594 246 835 335 συνεστήσατο·
876 241 918 316 ὃν
941 251 1002 319 καὶ
1021 260 1109 339 Χρι-

134 351 214 424 στόν
231 347 342 437 ιἰληθῆ
360 346 520 436 προσήκοι
538 345 581 418 ἂν
600 354 660 419 τοῦ
683 356 770 419 θεοῦ
790 352 951 419 ἐντεῦθεν
976 348 1108 441 ἀναγο-

134 453 258 541 ρεύειν,
277 449 317 521 ού
335 456 437 520 κοινῶ
454 452 516 539 μὲν
534 454 634 544 ἐλαίῳ
651 467 720 530 τοῖς
737 448 839 520 πύλαι
844 452 1023 575 συνήθως
1036 482 1106 569 χρι-

133 558 268 634 σθέντα,
287 549 365 624 ούτε
382 525 446 622 σύν
465 558 646 638 ίστορείταί
668 582 698 621 τι
717 555 793 640 περὶ
812 550 916 622 αὐτοῦ
935 560 1103 643 τοιοῦτον,

133 665 296 744 κρείττονι
313 656 349 724 δὲ
367 657 423 723 καὶ
442 657 550 746 ἐνθέμ
574 663 744 743 χρίσματι,
763 649 843 740 παρ’
869 648 887 722 ὁ
881 650 953 776 δίη
967 658 1029 726 καὶ
1048 655 1124 727 aas

129 755 269 830 Ἡσαΐου
293 750 416 844 φησί“
427 757 560 843 πνεύμυ
584 764 665 841 κυρί
663 784 703 824 ου
650 751 780 826 ίέπ’
812 754 885 875 ἐμὲ,
911 782 953 824 ον
939 744 1103 829 εἵνεκεν

134 863 245 949 ἐχρισέ
260 854 318 944 με’
322 852 400 924 ’7
429 852 513 924 οθεν
536 859 592 925 καί
615 853 783 944 μαλλον
765 854 925 925 απύντοιν
941 884 1014 926 τον
1031 856 1102 929 πύ-

134 987 213 1030 ποτε
231 985 298 1044 παρ
302 952 442 1043 ’“ίΕβρα
441 983 490 1036 οις
508 955 782 1063 σωματικιότερου
804 960 1017 1045 χρισθέυτοιν
1042 956 1102 1048 μό-

134 1089 191 1141 νος
215 1054 280 1128 ύνα
303 1062 415 1126 πᾶσαν
436 1053 513 1145 τὴν
522 1027 721 1147 οίκουμένήν
745 1056 886 1144 Χριστὸς
916 1057 1009 1146 παρὰ
1033 1078 1102 1141 τοῖς

135 1165 215 1230 πᾶσι
234 1158 402 1247 βεβόηται,
422 1161 533 1227 καὶ
494 1187 552 1246 της
571 1159 661 1242 ἐξ’
621 1188 726 1229 αυτου
744 1164 957 1244 Χριστιανῶν
976 1182 1133 1251 προση-ιε

134 1271 248 1351 μορίας
265 1261 328 1348 τήν
347 1258 526 1347 σύμπασαν
545 1268 687 1348 ἔπλησεν
705 1258 972 1347 οἰκουμένην.
953 1289 1047 1344 οπως
1066 1264 1102 1333 θλ

136 1365 246 1453 φαμέυ
269 1359 373 1432 αύτὸν
398 1373 573 1450 κεχρίσθαι
596 1365 652 1431 καὶ
674 1369 710 1430 τί
731 1361 767 1431 τὸ
790 1376 912 1449 χρῖσμα
937 1365 994 1432 καὶ
1015 1358 1101 1445 τίςύ

135 1473 192 1554 τής
211 1473 349 1555 χρίσεως
369 1460 489 1551 τρόπος
507 1459 679 1550 αὐτάρκως
694 1466 731 1532 ἐν
743 1465 789 1555 τῷ
803 1461 867 1551 πρὸ
880 1461 1004 1534 τούτου
1018 1487 1102 1554 συχ-

134 1567 301 1656 γρύμματι
327 1563 553 1653 ὃιειλήφαμεν.
589 1570 617 1633 8.
644 1563 765 1634 τούτου
784 1565 820 1633 δὲ
839 1568 877 1633 ἐν
893 1580 962 1645 τοῖς
976 1574 1102 1654 χείλεσι

136 1671 192 1737 καὶ
216 1671 252 1736 ἐν
275 1670 316 1756 τῇ
340 1672 540 1757 διδασκαλία
563 1663 708 1752 τοσαύτη
733 1663 902 1754 κατεχύθη
921 1666 1034 1754 χάρις,
1059 1662 1134 1749 ὦςιι

138 1772 174 1838 ἐν
191 1766 294 1860 ὀλίγῳ
312 1766 420 1837 πάντα
437 1765 539 1835 τόπον
559 1769 722 1854 ἐμπλήσαι
738 1771 796 1853 τῆς
818 1765 900 1853 πρὸς
918 1766 1025 1838 αὐτοῦ
1042 1798 1103 1839 κα-

135 1876 375 1957 ταχγελθείσης
395 1865 580 1953 εὐσεβείας.
623 1866 706 1936 ὥστε
724 1865 789 1954 ήδη
810 1873 846 1937 ἐν
863 1872 966 1937 πᾶσιν
984 1876 1102 1941 ἔθνεσι

138 1971 227 2060 παρὰ
244 1986 313 2049 τοῖς
338 1967 400 2055 τὴν
424 1974 644 2037 διδασκαλίαν
667 1964 774 2037 αὐτοῦ
800 1974 990 2058 μετιοῦσιν,
1022 1968 1103 2043 ἄκο-

139 2070 272 2149 λούθως
290 2072 332 2158 τῇ
348 2066 428 2156 μεταλ
446 2087 557 2158 χεῖρας
575 2078 771 2161 προφητεία,
792 2074 846 2139 καὶ
864 2076 1029 2157 βασιλέως
1047 2075 1104 2143 καὶ

137 2177 223 2242 θεοῦ
250 2168 350 2252 δόξαν
367 2174 647 2260 περιβεβλῆσθαι,
666 2175 721 2241 καὶ
739 2169 829 2261 παρὰ
846 2179 947 2242 πᾶσιν
964 2171 1139 2263 ἀνθρώ-ιο

138 2299 212 2356 ποις
235 2270 379 2360 Χριστὸν
402 2272 679 2361 ἀναγορεύεσθαι.
727 2278 756 2341 9.
790 2272 951 2362 πρόδηλοι
982 2275 1019 2343 δὲ
1047 2276 1104 2345 καὶ

138 2380 172 2445 οί
188 2377 319 2464 ἐχθροὶ,
343 2377 383 2444 οὐ
407 2374 512 2465 μόνον
528 2381 563 2444 οί
578 2378 659 2463 πρὶν
676 2372 849 2462 γεγονότες
873 2370 992 2462 αύτού,
1018 2373 1105 2446 ἀλλὰ

110 2480 193 2546 ικαὶ
210 2483 245 2547 οί
259 2474 312 2548 ἀεὶ
331 2481 637 2565 προσπολεμοῦντες
656 2472 759 2545 αὐτοῦ
785 2480 831 2568 τῷ
850 2474 956 2568 λόγῳ,
981 2487 1048 2546 εἴτε
1067 2483 1105 2547 ἐν

137 2577 331 2666 ἀνθρώποις
369 2589 434 2647 είτε
470 2580 525 2646 καὶ
565 2581 600 2645 ἐν
629 2574 780 2663 ἀρρήτοις
805 2576 1007 2664 δυνάμεσιν,
1043 2573 1105 2660 ούς

138 2677 269 2770 ιἰορύτςο
287 2681 343 2747 καὶ
361 2685 525 2768 λεληθυίᾳ
550 2676 690 2765 δυνάμει
717 2677 858 2748 πύντοτε
875 2686 1052 2763 καθαιρῶν
1070 2684 1104 2763 ἐξ
1116 2704 1142 2748 ιο

137 2774 380 2848 ἁπάντωντῶν
398 2781 510 2847 ἐθνῶν
528 2785 705 2860 παντοίους
725 2782 833 2872 ἑαυτῷ
851 2777 952 2861 λαούς
970 2779 1104 2870 ὑποχει-

138 2886 231 2963 ρίους
245 2886 428 2966 πεποίηται.
451 2885 499 2949 10.
514 2879 554 2949 τὰ
568 2882 606 2950 δὲ
620 2884 693 2969 ἑξῆς
703 2884 739 2949 ἐν
752 2885 797 2973 τῷ
810 2886 936 2972 Ψαλμῷ
947 2876 964 2906 “
970 2882 1104 2970 σμύρνα

138 2981 193 3047 καὶ
228 2979 349 3068 στακτὴ
384 2983 439 3050 καὶ
471 2991 596 3052 κασσία
626 2980 691 3052 ἀπὸ
727 2986 794 3052 τῶν
830 2987 970 3070 ίματίων
1009 2979 1101 3072 σου,”

136 3078 176 3149 τύ
194 3109 230 3150 τε
250 3084 303 3152 ἐπὶ
320 3080 460 3171 τούτοις,
480 3082 524 3164 ὡς
542 3086 619 3170 περὶ
637 3089 809 3172 βασιλίδος
833 3083 1026 3173 δηλούμενα
1046 3087 1102 3155 καὶ

137 3181 306 3272 θυγατρὸς
328 3183 387 3254 τὸν
410 3188 565 3277 πατρῷον
595 3186 689 3256 οἶκον
706 3183 951 3272 ἀπολιπούσης,
975 3188 1031 3255 καὶ
1057 3190 1142 3280 τῷιο

139 3349 342 3360 ῃ..-

205 3418 221 3465 ι
240 3418 285 3468 ιιι,
299 3418 340 3481 ιι,
355 3419 378 3467 1.
