2326 3818
327 137 513 191 DEMONST.
531 138 664 191 εοεαε.
684 139 732 193 1x.
750 141 775 194 ε.
979 138 1040 202 591

74 282 172 348 δεῦτε
195 272 304 346 ὀπίσω
328 304 411 364 μου,
447 277 503 346 καλ
526 273 655 365 ποιήσω
673 274 760 365 ὑμεῖς
783 274 887 359 ἆλιείς
904 274 1043 370 άνθροό-

31 435 34 440 .
73 403 156 447 πων.
192 382 223 446 4.
243 381 278 447 οί
293 377 331 446 δέ
349 373 479 458 εόθέως
496 375 637 464 ἀφέντες
654 375 695 447 τά
715 384 835 449 δίκτυα
853 374 1043 468 ἠκολούθη-

73 500 137 549 σαν
168 476 268 571 αὐτῷ.
318 481 375 548 καλ
404 477 532 568 προβάς
564 481 698 549 ἐκεῖθεν
721 479 812 550 εἶδεν
834 477 957 561 ἄλλους
981 481 1043 552 δύο

72 577 258 668 ἀδελφοὺς,
273 577 433 666 Ἰάκωβον
449 577 509 651 τόν
524 587 585 652 τοῦ
602 586 789 668 Ζεβεδαίου
814 584 870 651 καὶ
885 577 1043 671 Ἰωάννην

48 680 132 752 ετὸν
150 679 300 770 ἀδελφὸν
313 679 430 769 αὐτοῦ,
449 684 486 754 ἐν
503 686 549 775 τῷ
562 689 668 776 πλοίςο
685 679 766 771 μετά
784 688 970 771 Ζεβεδαίου
983 690 1043 754 τοῦ

73 782 197 869 πατρὸς
220 779 334 853 αότων
356 789 609 874 καταρτίζοντας
626 782 666 854 τά
684 790 804 855 δίκτυα
829 782 958 870 αὑτοῖν,
986 786 1042 853 καλ

73 881 232 954 ἐκάλεσεν
255 882 393 966 αὐτούς·
425 890 462 961 οί
486 885 523 956 δὲ
547 881 676 967 εόθίως
699 881 840 975 άφέντες
864 884 901 956 τὸ
924 894 1043 955 πλοίου

72 988 130 1054 καλ
153 983 212 1056 τόν
234 989 360 1077 πατέρα
384 984 496 1058 αὑτων
518 984 756 1076 ἠκολούθησαν
783 987 882 1081 αὐτῷ.
927 993 956 1057 5.
987 989 1043 1057 καὶ

72 1093 233 1177 περιῆγεν
250 1083 407 1176 όἸησοῦς
424 1083 507 1175 ὅλην
523 1084 585 1177 τὴν
603 1096 798 1176 Γαλιλαίαν,
819 1086 989 1159 διδάσκων
1008 1091 1044 1157 ἐν

34 1218 59 1259 ιο
72 1206 145 1270 ταῖς
163 1205 376 1277 συναγωγαῖς
394 1188 518 1276 αὐτοῖν,
536 1191 593 1259 καλ
604 1187 784 1279 κηρύσσων
795 1186 833 1260 τό
847 1186 1043 1279 εὐαγγέλιον
1055 1218 1110 1270 (σοι

71 1292 130 1378 τῆς
148 1295 335 1379 βασιλείας,
354 1292 411 1360 καλ
428 1287 632 1378 θεραπεύων
650 1294 761 1361 πᾶσαν
784 1288 886 1360 νόσου
904 1294 961 1361 καλ
979 1296 1043 1361 πα-

73 1412 137 1460 σαν
154 1397 322 1478 μαλακίαν
339 1393 377 1460 ἐν
399 1393 446 1483 τῷ
468 1393 557 1484 λαῷ,
581 1394 638 1462 καί
656 1388 811 1479 ἀπῆλθεν
833 1385 856 1478 ἡ
880 1387 964 1479 άκοὴ
981 1387 1043 1460 αό-

72 1497 132 1562 τοῦ
157 1498 204 1574 είς
232 1487 315 1579 ὅλην
344 1489 406 1579 τὴν
433 1498 584 1581 Συρίαν,
615 1494 671 1562 καλ
694 1489 929 1581 προσήνεγκαν
952 1489 1044 1584 αὐτοὶ

73 1590 199 1675 πάντας
227 1589 306 1673 τούς
335 1595 444 1673 κακῶς
473 1599 627 1682 ἔχοντας,
652 1600 817 1676 ποικίλαις
846 1593 958 1676 νόσοις
986 1595 1043 1662 καλ

34 1723 59 1764 ιε
71 1692 232 1781 βασάνοις
255 1695 516 1784 συνεχομένους,
537 1698 845 1784 δαιμονιζομένους,
870 1696 925 1764 καλ
945 1704 1043 1782 σελη-

27 1863 31 1869 .
72 1797 302 1884 νιαζομένους,
338 1798 394 1866 καλ
424 1793 691 1887 παραλυτικοός,
727 1797 781 1866 καί
815 1793 1044 1883 ἐθεράπευσεν

71 1893 210 1986 αὐτοὺς,
242 1900 297 1968 καλ
327 1893 565 1988 ἠκολούθησαν
595 1896 687 1991 αὐτῷ
717 1895 808 1987 ὄχλοι
833 1901 949 1968 πολλοί
979 1893 1044 1966 άπό

71 2006 129 2086 τῆς
160 1998 375 2082 Γαλιλαίας.”
425 2006 454 2071 6.
479 1997 541 2071 όλα
573 1999 611 2070 δὲ
642 2003 745 2071 ταῦτα
772 2001 960 2089 ἐκτίθειμαι
986 2000 1044 2086 της

72 2109 275 2188 προφητείας
298 2104 413 2171 ἕνεκεν
436 2105 478 2191 τῇ
503 2108 667 2193 Γαλιλαίᾳ
688 2105 773 2190 μίγα
803 2104 875 2191 μοῖς
906 2108 1043 2172 ἔσεσθαι
1058 2128 1071 2166 ο

35 2230 60 2271 ιο
75 2201 360 2288 ἐπαγγελλομένης
370 2253 380 2287 ,
398 2206 439 2289 τῇ
457 2227 493 2270 τε
510 2199 602 2292 χάρη
620 2199 804 2289 Ζαβουλών
822 2203 878 2271 καὶ
896 2211 1041 2288 Νεφθα-

73 2303 160 2389 λείμ,
174 2297 335 2391 οὐδετέρα
348 2300 560 2392 τνγχανοόση
574 2303 632 2389 τῆς
642 2307 822 2382 Γαλιλαίας
835 2307 904 2372 τῶν
918 2303 1039 2371 ἐθνῶν.

74 2401 128 2470 διά
146 2407 180 2471 τί
201 2401 238 2471 δέ
257 2402 312 2470 ἐπὶ
328 2404 386 2489 τῆς
398 2410 580 2483 Γαλιλαίας
594 2403 661 2471 τῶν
680 2403 794 2472 ἐθνοίν
810 2401 868 2481 τὰς
885 2407 1042 2480 πλείστας

74 2500 248 2591 ἐποιήσατο
268 2499 456 2590 διατριβάς;
480 2507 539 2590 τῆς
562 2499 722 2573 ἁπάντων
744 2504 812 2572 τοῖν
831 2504 944 2571 ἐθνῶν
962 2498 1043 2588 κλή-

73 2625 159 2686 σεως
168 2610 324 2693 προοίμια
339 2602 641 2694 καταβαλλόμενος·
661 2606 821 2675 ἐντεῦθεν
834 2606 919 2691 γοῦν
932 2599 1042 2690 ὁρμω-

33 2736 60 2776 ιε
72 2707 194 2795 μένους
211 2703 289 2788 τους
307 2703 412 2778 αὑτοῦ
428 2705 581 2797 μαθητάς
598 2701 810 2793 άνακέκλητο.
843 2709 870 2774 λ.
892 2702 944 2774 διό
961 2701 1043 2792 μετὰ

74 2812 199 2898 βραχέα
216 2812 275 2879 τοῦ
300 2806 497 2898 εὐαγγελίου
523 2804 675 2898 εὑρήσεις
700 2804 765 2877 άπὸ
788 2812 846 2896 τῆς
864 2812 1044 2886 Γαλιλαίας

73 2909 132 2982 τὸν
157 2919 339 2982 Ματθαῑον
363 2915 583 3000 κεκλημένον,
615 2911 672 2980 καί
696 2911 733 2979 ἐν
755 2910 856 3000 ἑτέρω
880 2907 919 2977 δλ
942 2905 1044 2977 πάλιν

73 3009 132 3082 τὸν
155 3020 271 3083 Λευίν.
315 3013 371 3081 καλ
395 3009 413 3080 ὁ
439 3017 605 3093 Φίλιππος
633 3009 671 3080 δέ
692 3004 776 3080 κατά
806 3006 865 3079 τόν
884 3005 1043 3092 Ἰωάννην

73 3110 138 3188 άπὸ
163 3109 340 3202 Βηθσαιδά
365 3110 496 3203 ὡρμᾶτο
521 3115 557 3184 ἐκ
580 3115 639 3202 τῆς
663 3108 791 3194 πόλεως
811 3105 969 3196 Ἀνδρίου
988 3106 1042 3174 καλ

34 3241 60 3281 εο
74 3218 223 3305 Πέτρου·
257 3217 313 3285 καὶ
337 3211 422 3305 αὕτη
446 3214 484 3285 δέ
509 3216 568 3303 τῆς
586 3219 766 3295 Γαλιλαίας
790 3202 840 3300 ἦν.
885 3206 968 3279 ἀλλὰ
987 3206 1070 3277 καλε

74 3313 154 3404 παρ’
180 3315 270 3410 αὐτῷ
293 3321 339 3410 τῷ
367 3311 585 3406 εόαγγελιστῇ
609 3312 712 3405 γάμος
738 3314 866 3400 ἐγίνετο
891 3313 928 3381 ἐν
948 3311 1042 3400 Ram}

73 3421 131 3506 τῆς
148 3426 340 3506 Γαλιλαίας,
360 3425 445 3489 ἔνθα
462 3415 657 3504 παραδόξως
671 3413 689 3486 ό
702 3413 815 3506 κύριος
830 3412 888 3485 τόν
908 3415 940 3496 ἐξ
961 3408 1041 3481 ὕδα-
