2326 3818
142 120 204 184 172
550 118 697 170 Ευεεειι

142 284 199 332 σιν
225 258 367 350 πράτοις
390 256 504 342 αὐτοῖς
528 261 730 348 ἑωραμένην.
772 262 823 329 47.
849 264 953 327 ταῦτα
977 252 1041 346 γάρ
1066 256 1113 349 μή

142 360 306 452 γευόμενα
318 359 402 451 μηδ’
422 358 633 433 άκουσθέντα
647 388 698 432 πω
712 358 795 429 κατά
809 356 887 442 τούς
904 356 1018 429 αὐτῶν
1036 356 1111 449 χρό·

144 493 223 546 νους
247 467 318 546 πως
342 468 374 548 ἐξ
400 463 476 546 ἑνὸς
506 462 666 552 στόματος
690 459 899 551 ἐμαρτύρουν
923 464 1110 550 γεγονέναι,

143 570 237 656 μέχρι
255 569 311 636 καλ
328 564 479 636 θανάτου
497 561 713 650 πιστούμευοι
730 561 793 651 τήν
810 559 1007 651 ὁμολογίαν,
1027 557 1049 651 ή
1066 559 1112 651 μή

143 696 222 739 ποτε
239 666 305 759 άρα
329 664 552 747 συνελθόντες
577 672 791 753 συνωμοσίαν
815 691 850 734 τε
873 662 955 733 κατὰ
973 661 1009 733 τό
1028 662 1136 735 αύτόι

143 771 358 858 πεποιημένοι
377 765 551 856 συνθήκας
569 774 687 838 ἔθεντο
705 765 786 855 πρὸς
800 763 964 854 ἀλλήλους
982 764 1114 836 πλάσα-

143 884 225 941 σθαι
243 873 299 938 καλ
319 866 594 950 καταψεύσασθαι
612 874 680 938 τῶν
697 866 742 958 μή
761 865 963 958 γεγονότων;
988 872 1039 937 48.
1056 870 1113 938 καλ

146 979 254 1051 ποίοις
272 967 338 1059 άρα
355 966 503 1040 πιθανόν
521 976 630 1040 εἰπεῖν
653 969 843 1060 χρήσασθαι
861 965 982 1048 αύτούς
1001 967 1113 1057 λόγοις

144 1074 199 1142 ἐπὶ
216 1087 289 1154 ταῖς
307 1070 493 1160 συνθήκαις
508 1065 527 1160 ή
544 1069 590 1161 μή
604 1098 684 1143 ποτε
702 1089 770 1153 τοῖς
792 1077 938 1142 τοιοῖσδε
950 1065 1114 1161 “”Αυδρες

119 1169 272 1262 ο“φίλοι,
296 1173 356 1243 τὸν
380 1173 442 1263 μὲν
466 1173 507 1264 δή
531 1175 612 1262 χθὲς
636 1176 691 1243 καλ
716 1171 834 1263 πράην
856 1171 1035 1243 ἀπατεῶνα
1055 1176 1113 1243 καὶ
1124 1202 1150 1241 ιο

140 1270 291 1364 ’πλάνης
318 1275 521 1346 διδάσκαλον
544 1270 604 1345 ὑπ’
628 1273 818 1365 ὀφθαλμοῖς
841 1271 1000 1345 ἁπάντων
1018 1272 1114 1364 ἡμῶν

139 1375 224 1505 Ξτὴμ
242 1376 418 1468 ἐσχάτην
400 1384 629 1502 υπομείναυτα
648 1384 827 1466 τιμωρίαν,
854 1374 944 1458 ὅστις
934 1367 1079 1447 ε’ποτὲ
1058 1406 1113 1467 ην,

89 1479 148 1554 174]
150 1475 300 1551 πάντων
323 1478 417 1569 ἡμεῖς
440 1478 583 1569 μάλιστα
605 1477 752 1567 ἀκριβῶς
772 1490 929 1567 λσμεν,ο
911 1473 965 1549 οἷα
989 1475 1115 1567 μύσται

138 1576 229 1651 “ww
246 1580 447 1669 ἀπορρήτων
465 1577 569 1651 αύτου
559 1584 818 1709 γεγενημένοι·
846 1579 967 1668 σεμνὸς
984 1585 1047 1669 μέν
1064 1608 1113 1663 τις

139 1680 231 1762 “vote
254 1691 389 1762 πολλοῖς
413 1681 628 1771 ἐφαντάζετο,
654 1690 713 1752 καί
735 1710 766 1751 τι
789 1683 928 1751 πλέον’
916 1691 1004 1769 ἐχειν
1022 1682 1149 1772 παράιι

139 1778 237 1865 “vobs
255 1779 399 1865 πολλούς
419 1781 570 1872 ἐφρόνει,
588 1779 668 1853 οὐδὲ
669 1813 690 1854 ν
708 1784 803 1854 δὲ’
758 1811 843 1872 μεγα
860 1780 999 1853 οὐδὲ
957 1812 1015 1871 της
1032 1780 1114 1855 άνα-

140 1879 309 1967 “στάσεως
340 1881 433 1968 άξιον
464 1882 621 1973 ἐπήγετο,
645 1892 676 1954 εί
697 1882 743 1974 μή
765 1914 814 1967 τις
836 1882 874 1955 τὸ
900 1884 1041 1973 δολερὸν
1058 1888 1115 1956 καλ

140 1982 313 2056 ’Ἥπουλου
327 1989 417 2073 λέγοι
429 1988 490 2056 τοῦ
499 1983 636 2076 τρόπου,
656 1989 712 2056 καί
723 1984 760 2057 τδ
781 1985 965 2076 διάστροφα
980 1984 1113 2071 διδάξαι

139 2081 247 2176 “ήμο”ις
265 2082 388 2170 αὐτούς
402 2085 460 2157 τόν
477 2114 513 2157 τε
528 2085 572 2157 δι’
589 2083 715 2177 άπάτης
729 2091 852 2177 τάφον·
880 2094 929 2158 49.
950 2083 1031 2159 ἄνθ’
1053 2080 1114 2179 ὦν,

140 2182 262 2278 “φέρε,
282 2187 391 2272 δεξιάς
410 2188 524 2271 δόντες
541 2187 713 2280 ἀλλήλοις,
738 2185 822 2279 ὁμοῦ
839 2188 960 2272 πάντες
978 2189 1114 2263 συνθά·
1125 2216 1151 2257 ιο

141 2284 253 2379 “μεθα
276 2293 353 2381 περὶ
376 2289 482 2362 αὐτού
503 2289 688 2381 σύμφωνον
713 2295 898 2381 ἐξενεγκεῖν
922 2299 969 2373 είς
986 2291 1115 2377 πάντας

139 2390 366 2484 “άυθρω’πους
389 2390 537 2483 πλάνην,
561 2396 617 2464 καλ
635 2397 785 2484 λέγωμεν
804 2395 987 2483 ἑωρακέναι
1011 2391 1116 2467 αὐτὸν

139 2491 301 2585 ητυφλοῖς
323 2495 360 2566 τὸ
391 2501 528 2586 βλέπειν
557 2498 814 2584 κεχαρισμένον,
844 2492 863 2565 δ
893 2492 1006 2576 ούδείς
1029 2492 1112 2567 ποθ’

140 2592 257 2686 “ήμῶν
282 2595 449 2686 ἱστόρησε·
484 2598 538 2666 καλ
556 2612 683 2685 κωφοῖς
707 2596 769 2686 τήν
793 2593 899 2686 άκοήν
916 2615 1115 2688 παρασχεῖν,

140 2691 181 2767 “ὃ
190 2695 304 2778 οὐδείς
318 2694 400 2768 ποθ’
415 2695 511 2785 ήμαῖν
524 2694 684 2786 ήκουσεν·
713 2697 856 2785 λεπρούς
873 2725 910 2768 τε
928 2707 1113 2788 καθαρίσαι
1124 2722 1151 2764 τε

139 2795 218 2867 “καλ
236 2797 376 2886 νεκρούς
396 2801 529 2887 ἐγείραι,
566 2801 622 2868 καλ
640 2797 836 2889 συλλήβδην
855 2806 974 2889 εἰπεῖν,
993 2795 1015 2870 ά
1031 2799 1114 2891 μήτε

141 2894 299 2988 ’ἐίδομευ
328 2897 411 2990 πρός
444 2896 548 2970 αύτού
585 2905 777 2991 πραχθέντα
806 2900 887 2991 μήτε
921 2898 1115 2993 ἠκούσαμεν

139 2997 343 3091 δ’λεχθέντα,
362 3007 465 3075 ταῦτα
484 2999 529 3085 ὦς
546 2998 682 3090 άληθῶς
699 3007 917 3094 πεπραγμένα
942 3003 1114 3076 διατεινά-

140 3098 260 3193 “μεθα.
304 3107 356 3172 50.
381 3100 458 3174 ἀλλ’
484 3106 555 3175 ἐπεὶ
579 3106 635 3174 καὶ
661 3103 682 3195 ή
708 3104 827 3194 ἐσχάτη
850 3102 954 3177 αὐτοῦ
975 3105 1114 3195 τελευτή

138 3200 363 3296 “περιβόητου
385 3214 460 3296 ἔσχε
484 3208 540 3276 καλ
565 3211 713 3295 διαφαυή
731 3207 791 3277 τόν
810 3205 979 3296 θάνατον,
1005 3206 1049 3290 ὡς
1067 3207 1154 3298 μήεο

139 3301 335 3378 “mama
366 3304 469 3380 αύτὸν
500 3305 769 3397 ἐπικρύψασθαι,
800 3304 884 3379 άλλά
906 3311 963 3380 καὶ
992 3312 1115 3382 τοῦτον

139 3401 257 3497 “ήμείς
280 3406 507 3500 άδιατρέπτως
538 3408 771 3500 έπιλυιάμεθα,
801 3417 1048 3504 μαρτυροῦντες
1073 3404 1113 3481 εὖ
