2326 3818
144 117 207 181 238
543 114 693 167 ουεεειι

144 265 217 344 τία,
243 251 263 345 ή
288 255 326 326 δὲ
351 253 491 343 δύναμις
513 261 573 344 τῆς
595 252 756 344 ἁμαρτίας
778 251 796 323 ὁ
820 249 952 342 νόμος.”
990 258 1021 323 6.
1050 283 1121 326 τοι·

79 388 132 438 μοι)
146 357 229 446 αάτη
247 386 296 439 τις
314 355 406 451 αὐτῷ
423 359 478 426 καί
496 358 591 446 μέχρι
602 360 661 427 του
670 351 822 426 θανάτου
834 357 963 442 ἐγένετο
981 351 1003 441 ἡ
1021 362 1120 427 οίκο-

145 467 260 548 νομία,
279 449 317 547 ἧς
335 456 377 529 οὐ
394 465 475 547 μίαν
493 464 614 545 αίτίαν,
633 455 717 526 άλλά
735 459 790 526 καὶ
804 462 940 535 πλείους
959 451 1054 546 εὖροι
1073 455 1120 530 ἄν

145 589 193 642 τις
212 558 375 648 ἐθελήσας
394 568 511 647 ζητεῖν.
547 556 683 648 πρωτην
706 558 768 647 μὲν
785 556 849 647 γάρ
866 546 883 626 ό
903 554 999 644 λόγος
1019 558 1119 630 διδά-

146 685 229 749 σκει,
246 667 304 732 ἵνα
316 663 371 730 καί
389 663 520 748 νεκράν
538 661 591 727 καί
607 657 739 744 ζεόντων
753 656 930 748 κυριεύσῃ·
951 662 1144 747 δεντέρανε

145 764 203 851 δὲ,
227 761 316 842 ὅπως
339 757 398 841 τάς
424 758 585 848 ἡμετέρας
602 756 801 848 άπομάξοιτο
823 754 1002 848 ἁμαρτίας,
1026 755 1118 849 ὑπὲρ

144 863 240 953 ἡμων
264 863 382 942 τυθείς
405 863 461 930 καὶ
479 857 656 949 γενόμενος
676 858 761 949 ὑπὲρ
785 857 880 949 ἡμῶν
903 858 1047 948 κατάρα·
1086 868 1116 933 7.

144 972 276 1054 τρίτην,
302 959 346 1042 ὡς
369 957 412 1032 άν
430 965 553 1049 ίερεῖου
575 965 660 1031 θεοῦ
678 962 733 1030 καί
751 959 878 1051 μεγάλη
901 969 1007 1032 θυσία
1024 956 1117 1050 ὑπὲρ

116 1068 204 1134 οτοῦ
230 1060 420 1151 σύμπαντος
444 1060 570 1152 κόσμου
593 1073 800 1153 προσαχθείη
823 1067 869 1155 τῷ
894 1063 948 1131 ἐπὶ
975 1061 1118 1136 πάντων

144 1169 232 1256 θεῷ·
272 1162 447 1253 τετάρτην,
472 1159 516 1246 τός
539 1160 582 1234 άν
606 1161 692 1235 οὕτω
714 1168 772 1251 της
796 1167 1031 1245 πολυπλανοῦς
1057 1169 1115 1235 καί
1129 1192 1155 1234 ιο

146 1269 341 1354 δαιμονικής
367 1269 534 1355 ἐνεργείας
557 1262 756 1354 ἀπορρήτοις
780 1262 889 1353 λόγοις
913 1272 1117 1354 καθαίρεσιν

144 1362 382 1457 ἀπεργάσαιτο
410 1373 439 1436 8.
460 1369 612 1456 πέμπτην
631 1368 684 1435 ἐπί
701 1363 822 1456 ταύτῃ,
842 1361 887 1448 ως
904 1361 946 1435 άν
963 1381 1032 1447 τοῖς
1051 1365 1118 1437 αό-

144 1471 204 1539 τού
227 1474 405 1558 γνωρίμοις
431 1469 486 1537 καί
510 1479 676 1555 μαθηταῖς
700 1471 758 1555 τῆς
781 1465 863 1556 μετά
886 1463 944 1537 τόν
961 1464 1117 1539 θάνατον

144 1568 234 1660 παρὰ
251 1574 322 1661 θεῷ
350 1575 433 1655 ζωῆς
459 1567 521 1655 τήν
548 1571 668 1637 ἐλπίδα
685 1565 729 1656 μή
756 1566 866 1656 λόγοις
887 1568 971 1657 μηδὲ
990 1565 1116 1658 ῥήμασι

144 1673 200 1739 καί
217 1686 358 1757 φωναῖς,
376 1666 460 1738 ἀλλὰ
478 1666 591 1749 αὐτοῖς
610 1676 718 1757 ἔργοις
735 1666 961 1757 παραστήσας,
979 1664 1116 1756 όφθαλ-
1128 1698 1152 1741 ιε

144 1786 217 1859 μοῖς
238 1797 280 1843 ,τε
303 1770 473 1859 παραδοὺς
499 1767 561 1855 τήν
588 1766 644 1838 διά
670 1773 738 1839 τῶν
765 1767 874 1858 λόγων
899 1773 1115 1861 ἐπαγγελίαν,

145 1867 323 1960 εὐθαρσεῖς
337 1870 458 1951 αὐτοὺς
470 1872 526 1940 καί
538 1872 811 1959 προθυμοτέρους
823 1868 1044 1960 άπεργάσοιτο
1056 1876 1115 1944 καί

145 1976 246 2042 πᾶσιν
261 1971 418 2059 Ἕλλησιν
442 1969 525 2060 ὁμοῦ
550 1973 605 2040 καί
623 1969 806 2062 βαρβάροις
830 1971 890 2060 τήν
907 1970 989 2059 πρός
1007 1970 1117 2044 αὐτοῦ

120 2079 416 2160 ικαταβληθεῖσαν
433 2069 556 2160 εὐσεβῆ
573 2081 744 2143 πολιτείαν
761 2076 909 2162 κηρύξαι.
942 2079 970 2143 9.
991 2069 1115 2145 αὐτίκα

145 2171 177 2242 δ’
199 2162 261 2243 οὖν
284 2170 404 2255 αὐτοδς
429 2174 471 2265 δή
489 2173 627 2255 τούτους
652 2174 728 2255 τοὺς
746 2182 935 2263 γνωρίμους
958 2177 1014 2244 καί
1030 2186 1112 2246 θια-
1126 2204 1153 2246 εο

144 2272 267 2364 οωτας,
291 2270 350 2356 οὓς
374 2272 473 2358 αὐτὸς
497 2273 587 2370 αὐτῷ
611 2271 809 2365 άριστίνδην
831 2279 1003 2365 ἐπικρίνας
1027 2271 1113 2347 άπο-

145 2375 283 2459 στόλους
299 2405 336 2448 τε
354 2375 458 2449 αὑτοῦ
476 2380 532 2448 καί
549 2375 701 2467 μαθητάς
719 2373 905 2464 άνελέξατο,
923 2381 981 2465 τῆς
1000 2379 1033 2459 ἐξ
1051 2373 1113 2447 αὖ·

143 2482 203 2548 τοῦ
221 2487 317 2561 θείας
337 2478 512 2567 δυνάμεως
531 2472 703 2566 ἐνέπλησε,
722 2482 790 2548 πάν
803 2479 898 2565 γένος
916 2474 1113 2566 ἀνθρώπων

144 2578 316 2661 ἐκδιδάξαι
338 2578 399 2668 τήν
423 2577 505 2668 πρός
527 2576 632 2649 αὐτοῦ
650 2588 937 2666 καταγγελθεῖσαν
961 2591 1111 2667 θεογνω·

143 2687 237 2768 σίων,
257 2683 316 2748 ἕνα
332 2695 401 2760 τοῖς
419 2684 521 2749 πᾶσιν
530 2677 671 2768 Ἕλλησί
685 2708 721 2749 τε
738 2681 794 2749 καί
812 2679 994 2770 βαρβάροις
1013 2676 1111 2751 εὐσε-
1123 2707 1151 2751 τι

76 2808 131 2860 μω]
144 2787 237 2867 βείας
254 2775 465 2869 ὑποθέμενος
482 2779 623 2870 τρόπον,
652 2777 820 2869 δαιμόνων
843 2777 1057 2871 άναγάρησίν
1074 2810 1112 2853 τε

143 2882 198 2950 καί
213 2879 326 2970 φυγήν
343 2883 471 2970 καὶτῆς
489 2882 661 2953 πολυθέου
674 2879 802 2969 πλάνης
816 2878 1018 2970 άυάνευσιν,
1035 2878 1111 2963 ἑνός

144 2983 181 3051 δὲ
197 2979 302 3070 μόνον
319 2991 405 3053 θεοῦ
423 2988 482 3054 τοῦ
502 2986 556 3053 ἐπὶ
569 2981 705 3054 πάντων
718 2986 845 3071 γνῶσιν
858 2982 970 3072 άληθῆ
983 3008 1110 3073 προκη-

115 3081 315 3173 ορόττοντα,
335 3087 390 3156 καί
408 3082 506 3155 λόσιν
523 3084 586 3173 μὲν
603 3087 672 3155 των
689 3088 982 3175 προηγνοημένων,
1000 3088 1032 3152 εί
1047 3110 1108 3170 μη·

142 3181 210 3254 κε’τ’
230 3182 344 3268 αὐτοῖς
369 3188 573 3274 ἐπιμίνοιεν,
598 3193 678 3275 μίαν
704 3187 742 3256 δέ
758 3203 828 3269 τοῖς
845 3191 926 3256 πάσι
944 3194 1108 3274 σωτηρίας
1122 3212 1150 3255 εο

143 3288 262 3355 ἐλπίδα
281 3284 325 3356 δι’
346 3276 385 3373 ής
402 3281 617 3357 όποτέθειται
640 3286 817 3376 πανσόφου
844 3290 899 3359 καί
918 3288 1109 3378 παναρέτου

141 3393 308 3468 πολιτείας
326 3384 605 3478 ὑπισχνούμενον.
