2326 3818
144 111 208 176 500
376 155 379 167 ,
551 111 702 163 Ευεεειι

143 250 206 340 τῆν
225 255 272 331 είς
289 252 477 338 Βαβυλῶνα
495 256 725 340 αἰχμαλωσίαν
742 247 820 330 τούς
832 253 868 320 ἐκ
880 255 990 340 φυλῆς
1003 248 1113 322 Ἰούδα

144 356 204 423 τού
222 347 344 433 παντός
363 360 485 432 ἔθνους
504 349 703 441 ῆχῆσασθαι.
748 355 799 420 32.
819 357 855 422 τί
871 356 925 422 δεῖ
939 356 1051 440 λέγειν
1069 351 1113 435 ῶς

144 450 226 543 μετά
248 453 309 540 τῆν
335 450 400 522 άπὸ
423 457 626 540 Βαβυλῶνος
651 450 818 523 ἐπάνοδον
842 443 942 535 αὖθις
964 450 1049 545 ὑπὲρ
1073 452 1112 523 τά

145 553 347 625 πεντακόσια
362 558 417 643 ἔτη
428 556 522 644 μέχρι
536 560 593 642 τῆς
607 559 666 623 τοῦ
674 556 821 643 Χριστοῦ
834 555 996 642 χενίσεως
1011 558 1112 626 διετί-

145 667 248 726 λεσαν
261 664 411 747 πολιτεία
424 654 588 745 χρῶμενοι
601 650 866 746 ἀριστοκρατικῇ,
882 659 950 726 τῶν
959 656 1020 744 μὲν
1030 655 1113 726 κατά
1125 684 1137 726 ε

145 756 285 847 χρόνους
303 755 484 847 ἀρχιερέων
508 753 704 845 ῆχουμένων
726 762 787 825 τοῦ
810 763 948 845 ἔθνους,
975 754 1113 840 ούδενδς

147 860 183 928 δὲ
208 862 244 928 ἐκ
266 862 325 945 τῆς
348 859 409 926 τού
422 854 531 926 Ἰούδα
548 859 673 945 φνλῆς;
700 853 784 926 ῶστε
809 860 841 940 ἐξ
859 853 1019 929 ἀπάντων
1036 858 1114 931 τού-

144 989 213 1029 των
230 966 457 1046 παρίστασθαι
482 955 527 1047 μῆ
554 959 607 1027 ἐπὶ
631 957 690 1026 τὸν
707 961 840 1046 πρῶτον
858 961 988 1030 ἐκεῖνον
1006 957 1113 1051 ἀνδρα

145 1057 204 1129 τόν
217 1056 364 1146 Ἰούδαν,
387 1059 472 1148 μηδὲ
497 1060 550 1129 ἐπὶ
567 1056 645 1141 τούς
666 1055 842 1148 διαδόχους
866 1056 969 1131 αύτοῦ
987 1057 1115 1151 ἀναφέ-

118 1172 268 1249 ορεσθαι
298 1156 334 1230 τὸ
366 1158 497 1248 φάσκον
527 1157 640 1248 λόγιον
659 1155 744 1229 “ούκ
768 1163 912 1245 ἐκλείψει
943 1158 1055 1253 άρχων
1081 1166 1113 1246 ἐξ
1128 1193 1153 1234 10

141 1259 261 1349 Ἰούδα,
280 1259 361 1331 οὐδὲ
378 1259 563 1351 ἡγούμενος
581 1265 618 1330 ἐκ
634 1266 703 1330 τῶν
714 1268 832 1352 μηρῶν
845 1259 986 1351 αύτοῶ,”
1005 1264 1115 1353 μόνως

148 1361 180 1432 δ’
201 1359 244 1433 άν
269 1368 411 1451 συσταίη
432 1362 473 1432 τά
496 1358 579 1432 κατά
604 1360 661 1432 τὸν
677 1359 796 1452 τόπον,
822 1371 853 1434 εί
874 1364 958 1434 κατά
974 1362 1014 1434 τά
1032 1363 1116 1456 πρό-

145 1478 231 1536 σθεν
249 1463 329 1554 ῆμϊν
347 1462 578 1553 ἀποδεδομένα
592 1465 669 1553 περὶ
681 1468 739 1552 τῆς
749 1467 859 1554 φυλῆς
873 1464 1002 1553 ἀπάσης
1020 1469 1116 1554 λε’χε-

145 1579 228 1637 σθαι
250 1573 353 1636 ταῦτα
379 1562 571 1654 νοῆσαιμεν.
616 1570 666 1635 33.
688 1561 772 1654 αὕτη
798 1572 883 1654 γοῦν
902 1569 934 1650 ἐξ
952 1565 1114 1658 ἀρχῆθεν,

145 1671 179 1751 ἐξ
189 1666 302 1738 αὐτῶν
315 1671 383 1737 τῶν
396 1666 613 1737 κατάΜωσία
626 1664 768 1757 χρόνων,
783 1670 844 1738 τού
857 1664 979 1749 παντός
993 1675 1115 1751 ἔθνους
1130 1697 1155 1740 ιι

144 1767 306 1858 ῆχῆσατο·
340 1767 423 1838 κατά
441 1771 525 1855 χοῶν
542 1765 604 1856 τῆν
620 1766 742 1856 ταύτης
761 1768 990 1857 ἐπικράτειαν,
1010 1768 1055 1850 ῶς
1072 1766 1115 1840 ἀν

144 1866 295 1961 ἀρχῆθεν
317 1864 475 1958 ῆχείσθαι
498 1872 809 1959 προκεχειρισμένης
834 1866 900 1939 ὑπὸ
930 1873 989 1937 τοῦ
1016 1875 1114 1959 θεού,

135 1967 288 2041 Ἰουδαία
304 1999 340 2040 τε
359 1972 459 2039 είσέτι
476 1974 542 2039 νῦν
559 1967 624 2039 ἀπὸ
641 1973 700 2058 τῆς
717 1972 826 2058 φυλῆς
843 1963 864 2058 ῆ
882 1996 917 2038 τε
935 1965 1026 2059 χῶροι
1046 1972 1115 2063 ἐπι-Ι

146 2073 300 2158 κέκληται
319 2073 375 2138 καὶ
392 2068 428 2139 τό
449 2074 517 2140 πάν
531 2068 644 2142 αὐτῶν
657 2069 807 2159 σύστημα
820 2068 994 2141 Ἰουδαίων
1011 2094 1117 2161 προσ-

147 2169 352 2260 αγορεύεται.
401 2169 488 2242 οὕτω
516 2180 635 2244 τοίνυν
662 2170 843 2261 νοήσαιμεν
872 2170 910 2242 τό
935 2170 1116 2262 λεγόμενον
1130 2203 1156 2244 εο

78 2303 132 2358 [εει]
149 2269 193 2354 ῶς
219 2279 249 2343 εί
271 2276 476 2363 σαφέστερον
500 2282 631 2361 ἔλεγεν,
658 2271 720 2343 ούκ
745 2276 889 2357 ἐκλείψει
916 2277 976 2343 του
993 2274 1116 2356 παντὸς

79 2409 134 2459 (ωε)
150 2384 273 2457 ἔθνους
290 2373 458 2466 ἡγουμένη
476 2373 496 2463 ῆ
511 2382 570 2446 τοῦ
583 2373 691 2446 Ἰούδα
707 2372 807 2464 φυλῆ.
833 2380 883 2445 34.
899 2371 917 2444 ό
932 2374 1116 2466 χοῦνΣύμ-

147 2507 249 2569 μαχος
280 2471 345 2547 “ού
376 2471 690 2568 περιαιρεθῆσεται”
726 2477 831 2564 φησὶν
863 2470 1020 2557 “ἐξουσία
1051 2473 1115 2547 ἀπὸ

142 2574 288 2665 Ἰούδα,”
307 2579 343 2648 τὸ
363 2577 608 2659 ἐξουσιαστικδν
627 2574 736 2664 δήπου
754 2579 809 2646 καί
833 2573 971 2667 ἀρχικὸν
989 2573 1116 2668 ἀξίωμα

147 2684 205 2767 τῆς
229 2677 311 2768 μετά
334 2682 437 2747 ταῦτα
461 2673 650 2765 ὑποστάσης
674 2680 733 2746 τοῦ
754 2674 862 2748 Ἰούδα
885 2682 994 2766 φυλῆς
1019 2694 1115 2770 παρι-
1129 2709 1156 2750 ει

148 2779 236 2858 στάς.
273 2777 395 2866 ταύτης
413 2781 497 2866 γοῦν
514 2775 591 2847 ούτε
608 2776 644 2848 τό
663 2782 850 2871 σκῆπτρον,
876 2774 920 2861 ῶς
943 2774 960 2850 ὁ
976 2775 1117 2862 Ἀκύλας

148 2880 248 2968 φησί,
277 2882 449 2967 βασιλικῆς
474 2879 511 2949 δέ
529 2883 625 2951 τοῦτο
644 2878 813 2970 σύμβολον
830 2872 873 2970 ῆν
896 2879 1014 2972 ἀρχῆς,
1040 2880 1117 2953 οὔτε

148 2981 211 3069 τῆν
230 2983 384 3064 ἐξουσίαν
401 2978 485 3052 κατά
509 2979 568 3053 τόν
586 2980 770 3073 Σύμμαχον
796 2982 1118 3075 περιαιρεθῆσεσθαι

149 3089 318 3172 θεσπίζει,
338 3087 398 3166 ἕως
416 3077 459 3153 ἀν
477 3091 578 3174 ἔλθη,
597 3087 718 3175 φησίν,
739 3075 960 3185 ᾦάπόκειται,
980 3086 1035 3155 καί
1056 3081 1118 3155 αύ-

148 3184 208 3256 τδν
226 3193 363 3257 ἔσεσθαι
381 3189 449 3256 τῶν
467 3190 580 3258 ἐθνῶν
597 3193 811 3277 προσδοκίαν.
848 3191 899 3257 35.
920 3194 1020 3257 ποίαν
1037 3184 1116 3255 ταύ-
1130 3216 1157 3258 3ο

150 3315 211 3374 την
228 3294 433 3378 προσδοκίαν
446 3282 467 3378 ῆ
480 3286 543 3378 τῆν
556 3286 658 3359 πάλαι
671 3291 717 3382 τῶ
731 3285 877 3378 Ἀβραάμ
891 3289 947 3357 καί
959 3301 1028 3368 τοῖς
1042 3286 1113 3375 μετ’

149 3383 253 3458 αύτὸν
270 3390 474 3484 προπάτορσι
489 3391 809 3483 κεχρηματισμένην;
829 3388 1037 3480 πρῶτονμὲν
1055 3379 1117 3461 οὖν
