2326 3818
142 118 205 181 276
556 118 703 169 εσεεειι

77 284 131 340 [ενι
144 264 242 328 τοῦτο
260 248 303 346 ῆν
320 256 356 328 τὸ
374 255 493 347 μῦρον,
513 247 538 350 ᾧ
557 259 706 346 χρισθεὶς
724 255 741 326 ὁ
761 253 1129 349 δηλοῦμενοςΧριστδς

77 392 130 441 (195)
146 359 390 448 ἀποπέφανται,
410 357 465 428 διά
481 361 549 428 των
566 355 718 448 πρόσθεν
731 356 811 447 ῆμῖν
828 354 1046 432 άποδέδοται.
1071 392 1128 435 το·

146 460 276 533 σοῦτων
293 463 370 549 περὶ
388 467 446 549 τῆς
463 463 523 530 τοῦ
535 463 681 550 Χριστοῦ
699 469 922 550 προσηγορίας
942 465 1128 554 διηγορευ·

145 567 256 653 μένων
282 566 363 653 φέρε
388 564 538 652 καὶπερὶ
560 565 618 650 τῆς
635 563 696 632 τοῦ
708 559 816 650 Ἰησοῦ
841 561 1124 652 διασκεψώμεθα.

120 699 132 738 ι,
222 679 307 739 XVII.
336 670 474 753 Πρῶτος
492 659 594 733 πάλιν
601 666 729 751 Μωσῆς
747 661 828 752 πρὸς
846 662 905 732 τὸν
922 657 1033 734 αῦτοῦ
1053 666 1147 739 διά-τ

147 774 247 857 δοχον
272 767 367 856 ἑτέρρι
391 761 558 853 χρώμενος
583 771 800 856 προσωνυμία
815 760 947 853 Ἰησοῦν
970 766 1125 854 μετωνό-

146 890 262 958 μασεν.
297 869 481 986 γέγραπται
503 863 568 955 γὰρ
589 863 715 936 “ταῦτα
738 864 778 936 τά
802 861 948 955 ὀνόματα
970 871 1045 939 τοῖν
1062 866 1126 943 άν-

148 973 250 1055 δρῦν,
269 961 329 1046 οῦς
347 964 520 1036 απεστειλε
530 973 659 1055 Μωσῆς
674 966 998 1051 κατασκέψασθαι
960 997 1026 1057 την
1044 975 1124 1061 γῆν,

148 1072 203 1138 καί
222 1065 416 1156 ἐπωνόμασε
434 1072 564 1156 Μωσῆς
588 1096 647 1139 τον
663 1066 808 1158 Νανσῆν
831 1068 908 1139 νίδν
932 1068 1037 1159 Ναυῆ
1060 1068 1126 1163 ’In-

148 1177 250 1256 σοῦν,
274 1171 329 1238 καὶ
354 1165 547 1240 άπέστειλεν
566 1166 711 1251 αὐτοῦς)
714 1165 833 1239 ’2
815 1198 877 1257 ορα
901 1170 942 1258 δή
961 1161 1027 1242 οῦν
1046 1181 1158 1247 τίναιι

147 1271 271 1362 τρόπον
297 1269 338 1340 οῦ
365 1269 466 1360 μικρά
491 1270 616 1359 νοήσας
643 1273 719 1361 περὶ
746 1270 878 1359 φύσεως
904 1268 1124 1361 ὀνομάτωνδ

124 1371 332 1463 ιπροφῆτης,
351 1368 434 1442 άλλά
453 1375 508 1441 καὶ
527 1370 696 1443 πλεῖστα“
677 1394 739 1442 οσα
753 1375 887 1460 περὶ
842 1401 910 1442 των
928 1372 1008 1463 παρ’
1031 1372 1125 1471 αὐτῷ

148 1479 460 1563 μετονομαζομένων
473 1480 580 1544 θείων
593 1472 730 1561 ἀνδρῶν
741 1476 797 1543 καὶ
810 1503 858 1544 ων
868 1477 967 1544 ἕνεκα
979 1503 1125 1564 μετονο-

148 1575 303 1665 μάζονται
327 1572 556 1663 φιλοσοφήσας
582 1573 706 1663 εἰσάγει
730 1573 789 1644 τὸν
803 1571 950 1664 Ἀβραάμ
969 1583 1124 1653 ἔπαθλον

151 1675 202 1747 ἐπ’
223 1674 324 1765 άρετη
314 1672 620 1763 ἀπολαμβάνοντα
638 1673 719 1765 πρὸς
738 1679 796 1746 τοῦ
813 1680 899 1747 θεοῦ
915 1676 979 1765 τήν
995 1678 1154 1771 πατρδςσ

146 1776 293 1869 Ἀβραάμ
322 1780 438 1864 ἐντελῆ
467 1783 709 1866 προσηγορίαν,
746 1776 827 1864 ὅπερ
859 1786 894 1848 τί
913 1806 993 1850 ποτε
1025 1788 1127 1871 δηλοῖ

151 1877 191 1949 οῦ
204 1882 268 1950 νῦν
288 1885 467 1966 διασαφεῖν
485 1877 608 1965 καιρός.
644 1883 674 1947 3.
693 1876 781 1949 οῦτω
801 1879 837 1949 δέ
855 1881 911 1949 καί
929 1877 991 1968 τῆν
1001 1882 1125 1973 Σαρδν

151 1980 291 2069 Σάρραν
306 1975 523 2065 ἐπονομάσας,
541 1982 598 2048 καὶ
606 1982 733 2066 γε’λωτα
744 1977 803 2051 τὸν
816 1976 925 2051 Ἰσαάκ
942 1981 1006 2072 πρὸ
1025 1982 1126 2072 γενέ-

152 2101 234 2159 σεως
267 2081 541 2167 ἐπικεκλημένον,
572 2083 627 2150 καί
651 2078 709 2151 τόν
728 2079 846 2168 Ἰακῦβ
869 2085 927 2170 τῆς
952 2080 1063 2173 πάλης
1086 2084 1125 2157 τδ

152 2187 311 2271 βραβεῖον
338 2179 392 2250 διά
414 2184 471 2268 τῆς
495 2184 555 2251 τοῦ
568 2178 698 2272 Ἰσραῆλ
722 2186 912 2272 ἐπωνυμίας
930 2179 1157 2276 άναδοῦμε-τι

150 2312 228 2370 νον,
246 2289 350 2372 μυρία
367 2311 403 2352 τε
422 2280 506 2353 άλλα
524 2286 601 2369 περί
619 2282 793 2373 ὀνομάτων
818 2283 993 2374 δυνάμεως
1010 2316 1050 2361 τε
1068 2291 1126 2361 καὶ

124 2418 138 2457 ι
151 2382 285 2473 φάσεως
301 2383 457 2472 θειότερα
474 2380 494 2472 ῆ
513 2381 587 2455 κατ’
615 2382 799 2475 άνθρωπον
817 2390 925 2479 ἐνθέφ
943 2395 1049 2479 σοφίᾳ
1068 2393 1127 2461 καί

152 2485 315 2576 ἐπιστήμη
337 2485 525 2573 διαλαβὼν,
550 2487 693 2574 μηδενὸς
711 2490 779 2557 των
796 2486 860 2575 πρὸ
879 2483 983 2556 αῦτοῦ
1000 2493 1073 2561 τῶν
1092 2493 1125 2575 Ε

154 2592 274 2668 αι’ῦνος
300 2594 346 2679 τςῦ
373 2592 433 2656 τοῦ
449 2584 556 2675 Ἰησοῦ
583 2591 788 2676 κεχρημένου
810 2585 963 2677 ὀνόματι,
991 2593 1126 2678 πρώτος

154 2681 253 2770 αὐτὸς
270 2698 356 2780 θείῳ
375 2685 538 2776 πνεύματι
555 2691 784 2776 θεοφορηθεὶς
800 2686 859 2760 τδν
877 2693 1041 2779 μέλλοντα
1060 2690 1125 2762 αῦ-
1137 2716 1161 2761 τι

152 2792 212 2857 τοῦ
230 2786 386 2876 διάδοχον
400 2794 456 2875 τῆς
468 2786 570 2877 ἀρχῆς
583 2792 644 2859 τοῦ
657 2793 741 2860 λαοῦ
752 2789 1034 2880 καταστήσεσθαι,
1052 2795 1127 2865 ἑτέ-

153 2917 201 2982 ρω
220 2887 382 2977 πρότερον
398 2885 534 2978 ὀνόματι
552 2895 756 2980 κεχρημένον
768 2891 977 2982 μεταβαλών,
990 2890 1127 2982 Ἰησοῦν

153 3001 266 3079 καλεῖ,
293 2987 355 3060 οῦκ
372 2986 489 3077 άρκεῖν
506 2986 691 3082 ῆγοῦμενος
714 2992 776 3081 τῆν
800 2998 837 3064 ἐκ
854 2992 1031 3084 προγόνων
1049 2996 1128 3067 ἐπι-

154 3103 339 3180 κληθεῖσαν
363 3089 454 3184 αῦτῷ
476 3097 677 3188 γεννωμένφ
700 3103 942 3186 προσηγορίαν·
976 3099 1126 3187 Νανσῆν

153 3194 216 3285 γάρ
244 3190 346 3265 αῦτὸν
373 3193 527 3283 ἐφωνονν
553 3200 588 3266 ολ
610 3194 842 3284 γεννήσαντες.
885 3201 917 3268 4.
941 3193 1017 3267 ἀλλ’
1042 3193 1062 3269 δ
1085 3227 1126 3289 γε
1144 3236 1158 3261 α

154 3296 326 3386 προφήτης
344 3301 404 3366 τοῦ
421 3299 507 3366 θεοῦ
523 3294 559 3367 τδ
575 3302 611 3367 ἐκ
627 3301 764 3386 γενετῆς
780 3295 923 3387 άμείψας
939 3295 1046 3388 ὄνομα
1059 3296 1128 3391 Ἰή

156 3401 238 3466 σοῦν
260 3396 319 3468 τὸν
342 3394 449 3487 ἄνδρα
473 3399 556 3468 κατά
580 3397 616 3468 τδ
640 3412 738 3470 θεῖον
761 3403 894 3489 πνεῦμα
916 3409 1025 3470 καλεῖ·
1060 3399 1127 3475 οῦκ
