2326 3818
320 118 507 172 ουωοαευ.
529 117 663 169 πνεαο.
682 79 758 168 vin.
778 121 802 168 ε.
976 116 1038 180 529

68 291 128 331 του
147 257 350 348 δῆλοάμεναι
368 260 664 349 συμπεραιοῆνται,
683 254 763 326 καθ’
785 251 823 338 δὶς
842 252 954 337 άτελὲς
973 259 1038 326 διὲ-
1098 328 1101 335 ,

70 391 149 450 μενε
167 359 202 430 τδ
222 367 321 450 ἔργον
338 366 396 447 τῆς
413 362 475 429 τοὺ
491 363 576 429 ναοῦ
594 361 782 446 οἰκοδομῆς.
820 363 870 428 63.
886 357 1001 447 διόπερ
1021 357 1038 427 ὁ
1058 401 1068 426 c

70 476 163 545 θεῖος
193 459 290 549 λόγος
318 465 376 550 τῆς
406 467 560 547 συναφῆς
587 463 655 530 των
679 463 805 530 λοιπῶν
838 458 1039 549 ἑβδομάδων

70 561 220 654 ἀφορίζει
244 561 301 643 τάς
325 559 457 653 πρώτας
482 559 581 650 ἑπτά,
608 559 712 631 εἰπάν
737 558 926 650 ἑβδομάδας
946 560 1038 649 ἑπτά,

45 697 57 737 5
71 662 181 735 ἔπειθ’
203 666 289 751 ἑξῆς·
294 659 376 753 μετά
391 669 565 753 διαστολῆς
577 660 754 751 ἐπαγαγὼν
762 661 841 732 “nal
855 662 1039 751 ἑβδομάδος

71 764 230 855 ἐξῆκοντα
242 762 331 835 δυό.”
360 762 441 834 ἑπτὰ
450 767 533 853 γοῦν
546 761 610 835 άπὸ
618 761 737 854 Κύρου
746 767 800 834 καὶ
815 766 869 834 ἰπί
881 761 943 852 τῆν
957 785 1039 852 συμ-

70 866 242 958 πλήρωσιν
269 870 326 955 τῆς
352 868 417 935 τοῦ·
437 869 530 956 ἰεροῦ
553 869 730 955 οἰκοδομῆς
756 863 938 955 ἑβδομάδες
958 869 1040 935 ἐτῶν

71 965 291 1060 εὑρίσκονται.
336 971 385 1037 64.
406 975 509 1038 ἔνθεν
531 961 718 1058 ὁρμώμενοι
740 974 787 1061 τῷ
805 974 929 1056 σωτῆρι
945 966 1040 1056 ῆμων

72 1079 187 1160 ἔλεγον
205 1077 240 1141 οἰ
250 1068 404 1142 Ἰουδαῖοι
418 1062 687 1158 δ’τεσσαράκοντα
705 1072 760 1138 καὶ
779 1072 813 1151 ἑξ
833 1076 941 1140 ἔτεσιν
959 1065 1040 1162 ᾤκο-

34 1205 58 1243 ιο
74 1171 205 1260 δομῆθη
228 1167 246 1240 ὁ
269 1168 348 1251 ναδς
366 1159 481 1257 οὗτος,
499 1172 555 1240 καὶ
574 1168 617 1238 σὺ
636 1173 672 1239 ἐν
689 1173 798 1260 τρισὶν
815 1165 953 1261 ῆμέραις
972 1175 1067 1258 ἑγε-α

72 1289 141 1361 ρείς
157 1267 300 1358 αὐτόν;”4
320 1265 394 1340 ἀλλ’
409 1261 500 1341 οὗτοι
513 1272 575 1360 μὲν
592 1269 839 1362 τεσσαράκοντα
851 1274 907 1341 καὶ
922 1276 955 1355 ἓξ
975 1280 1042 1340 ἑτε-

72 1397 127 1444 σιν
143 1372 380 1466 ᾠκοδομῆσθαι
391 1369 449 1442 τὸν
466 1370 550 1442 ναὸν
568 1379 707 1462 ἔφασαν.
732 1379 876 1442 τοσαῦτα
894 1372 958 1460 γὰρ
977 1369 1041 1442 άπὸ

72 1472 205 1563 πρώτου
216 1471 330 1564 Κύρου
348 1480 531 1566 βασιλείας,
549 1470 585 1554 δς
603 1479 732 1561 πρῶτος
745 1472 848 1562 ἀνῆκε
865 1477 1041 1561 τῆςΒαβυ-

73 1581 178 1656 λωνος
190 1572 268 1656 τούς
281 1577 506 1664 βουλομένους
517 1579 585 1645 τῶν
594 1571 769 1645 Ἰουδαίων
781 1583 828 1655 εἰς
839 1573 901 1664 τῆν
914 1582 1043 1646 οἰκείαν

34 1707 59 1748 15
73 1681 137 1766 γῆν
156 1679 346 1764 ἐπανιέναι,
373 1679 427 1746 έπί
445 1676 481 1746 τὸ
501 1679 596 1747 έκτον
614 1684 685 1758 ἔτος
703 1680 759 1767 τῆς
778 1684 927 1766 Δαρείου
945 1684 1040 1764 βασι-

73 1786 164 1860 λείας
186 1777 384 1867 συνάγεται,
409 1775 488 1848 καθ’
509 1775 548 1848 δν
571 1776 607 1848 τδ
624 1782 693 1848 πᾶν
719 1785 819 1867 ἔργον
836 1783 893 1866 τῆς
912 1785 1044 1849 οἰκοδο-

73 1886 136 1970 μῆς
154 1882 246 1962 τέλος
266 1889 411 1969 εἰλῆφεν,
455 1885 505 1950 65.
526 1877 546 1950 ὅ
562 1907 601 1968 γε
619 1881 685 1969 μὴν
705 1883 736 1963 ἐξ
750 1875 914 1970 Ἐβραίων
930 1876 1044 1968 Ἰωσῆ-

73 2011 134 2064 πος
153 1985 208 2051 καί
226 1979 329 2052 άλλον
345 1984 456 2071 τριετῆ
474 1979 595 2071 χρόνον
608 1989 655 2063 εἰς
673 1979 734 2071 τῆν
745 1986 813 2052 τῶν
832 1985 959 2064 ἔξωθεν
977 1984 1044 2051 των

73 2080 159 2170 άμφλ
176 2083 234 2152 τδν
251 2081 335 2153 ναὸν
353 2082 677 2172 κατασκευασμάτων
701 2081 943 2173 συμπλήρωσιν
962 2091 1045 2172 ἔφη·

35 2215 61 2253 εο
75 2206 151 2270 σεν,
172 2179 254 2252 ὥστ’
274 2180 407 2264 εἰκότως
428 2180 484 2252 διά
500 2188 605 2252 ταῦτα
622 2183 680 2263 τάς
699 2184 780 2253 ἑπτά
792 2183 926 2272 πρωτας
946 2188 1044 2272 ἑβδο-

73 2282 182 2372 μάδας
201 2289 247 2362 εἰς
266 2289 322 2369 ἔτη
347 2285 443 2352 ἐννέα
461 2286 517 2353 καί
541 2282 788 2374 τεσσαράκοντα
806 2284 1045 2366 συντεινούσας

74 2381 269 2474 άφωρίσθαι
292 2379 375 2452 κατά
398 2379 456 2452 τδν
480 2386 538 2471 τῆς
562 2393 767 2473 προφητείας
785 2383 901 2472 λόγον,
930 2385 988 2464 τὰς
1009 2388 1044 2454 δὲ

75 2483 190 2566 λοιπάς
205 2483 361 2572 ἑξήκοντα
377 2481 438 2553 δύο
452 2481 517 2553 άπὸ
530 2487 588 2573 τῆς
595 2491 722 2573 Λαρείο
736 2497 1046 2574 υκαταριθμείσθαι

83 2593 254 2673 βασιλείας
280 2593 475 2674 συμβαίνει,
502 2581 583 2657 καθ’
611 2583 651 2656 δν
678 2576 778 2667 αὖθις
793 2583 918 2676 Ἰησοῦς
941 2582 958 2657 ὁ
986 2595 1045 2657 τοῦ

37 2686 227 2758 ω’ἰωσεδὲκ
250 2689 307 2757 καὶ
330 2685 521 2777 Ζοροβάβελ
546 2682 563 2757 ὁ
588 2695 647 2757 τοῦ
665 2685 842 2776 Σαλαθιῆλ
866 2696 913 2770 εἰς
938 2693 1045 2760 έκεῖνο

62 2788 144 2883 ,τῆν’
163 2782 249 2876 ζωῆν
272 2798 527 2878 παρατείνοντες
550 2787 650 2878 άμφω
673 2791 882 2878 προέστησαν
906 2794 963 2879 τῆς
987 2797 1046 2861 τοῦ
1060 2821 1113 2870 μοι)

62 2887 405 2980 ιίεροτὶάνανεάσεως,
414 2889 859 2980 προφητευόντωνἈγγαίου
874 2895 928 2962 καὶ
937 2904 1046 2982 Ζαχα-
1133 2932 1136 2936 >

75 3000 169 3083 ρίου,
187 2989 265 3081 μεθ’
288 2987 479 3081 οδςἝσρας
496 2992 553 3061 καὶ
569 2991 727 3080 Νεεμίας,
745 2988 868 3082 ὁμοίως
888 2997 923 3063 ἐκ
935 3002 1045 3082 Βαβυ-

77 3097 181 3175 λῶνος
199 3089 412 3180 ἀνελθόντες,
430 3091 466 3162 τδ
485 3109 592 3182 τεῖχος
611 3096 784 3182 ἐδείμαντο
803 3100 843 3184 τῆ
861 3095 966 3181 πόλει,
985 3094 1047 3181 τῆν

38 3224 63 3264 εο
78 3192 329 3286 ἀρχιερωσύνην
338 3195 508 3274 διέποντος
523 3190 731 3283 Ἰωακείμου·
751 3211 828 3276 παῖς
849 3198 888 3263 δέ
897 3185 992 3276 οὗτος
1003 3187 1046 3283 ῆν

147 3431 162 3478 9
180 3426 224 3478 Jo'.
238 3431 317 3493 2‚20.
423 3429 453 3478 17
472 3427 582 3492 Ioseph.
597 3427 627 3476 A.
641 3425 668 3481 J.
681 3428 729 3478 XI.
744 3429 770 3491 4,
783 3429 807 3479 7.

129 3527 270 3563 υυεπετυε
283 3528 330 3564 111.
819 3510 864 3576 34
