2326 3818
84 158 126 223 40
489 158 639 212 ευεεοιι

87 308 175 391 ἔχειν
195 304 324 386 δοκεῖν,
347 303 520 387 γεγονέναι
546 299 581 368 δὲ
606 327 688 368 κατα
712 296 821 368 πάντα
843 296 978 388 ὁμοίους
996 296 1058 370 αὖ·

86 420 175 492 τοῖς,
199 399 282 471 κατά
304 429 340 472 τε
364 398 425 489 τήν
442 404 510 470 τών
535 397 685 471 εἰδώλων
703 397 852 490 πλάνην,
877 408 915 470 ἔν
932 427 969 470 τε
984 418 1060 484 τοῖς

1 509 2 514 ’
59 503 198 585 ιάλλοις
218 501 469 593 ἐγχειρήμασιν·
507 500 659 588 εἰκότως,
679 499 791 588 ὥσπερ
811 505 847 571 ἐκ
864 507 977 590 βυθοῦ
995 530 1059 573 κα-

87 609 157 676 κών
179 601 388 695 ἀνιμώμενος
411 601 535 685 αύτούς
558 599 576 672 ὁ
596 605 742 691 Μωσῆς,
769 603 893 693 ἀφίστη
917 604 981 693 μὲν
997 611 1059 694 τῆς

86 703 192 778 ἀθέου
210 713 405 793 πολυθείας,
423 703 527 794 ἀνήγε
543 705 579 774 δὲ
598 703 723 775 ἕπὶτὸν
740 703 876 775 πάντων
895 711 1090 798 δημιουρ-τ

87 810 148 898 γὸν
165 808 268 896 θεὸν,
294 810 427 896 πρώτον
452 810 581 877 ἐκεῖνον
604 805 740 895 βαθμὸν
765 803 938 894 εὐσεβείας
957 801 1002 888 ὥς
1023 810 1061 879 δν

89 917 287 1000 εἰσαγωγαῖς
311 913 366 978 καί
397 906 581 997 προθύροις
608 911 675 978 τών
700 912 911 997 τελεωτέρων
934 916 1063 999 προβε-

89 1014 263 1099 βλημένος.
300 1015 350 1080 33.
370 1017 482 1080 ἔπειτα
500 1005 541 1080 ού
558 1008 734 1099 φονεύειν,
752 1006 793 1080 ού
811 1008 996 1100 μοιχεύειν,
1016 1007 1062 1084 ού

90 1115 259 1199 κλέπτειν,
284 1108 346 1181 ούκ
372 1115 555 1201 ἐπιορκεῖν,
579 1109 642 1181 οὐκ
669 1108 811 1202 ἄρρενας
829 1109 966 1201 ἄρρεσιν
986 1116 1063 1185 ἐπι-

89 1220 289 1303 μαίνεσθαι,
315 1208 355 1283 ού
377 1212 558 1304 μητράσιν,
585 1209 648 1283 ούκ
671 1211 853 1302 ἀδελφαῖς,
883 1209 923 1283 ού
947 1225 1104 1303 θυγα-ζιο

89 1312 207 1404 τράσιν
234 1319 492 1403 ἐπιμίγνυσθαι,
525 1311 602 1385 οὐδ’
629 1313 692 1385 ὅσα
723 1320 859 1385 τοιαῦτα
890 1331 958 1396 τοῖς
984 1315 1063 1389 τότε

89 1415 256 1507 πράττειν,
271 1421 347 1506 ίξήν
371 1413 525 1507 ἀφόβως,
549 1414 740 1506 συνεχώρει.
783 1422 834 1488 34.
854 1420 1065 1506 παραλαβών

91 1521 128 1590 δὲ
147 1523 179 1602 ἐξ
198 1516 367 1608 ἀνημέρου
385 1523 441 1590 καὶ
458 1516 651 1608 θηριώδους
670 1525 747 1606 βίον
762 1523 986 1606 λογικωτέραν
1003 1524 1064 1593 καὶ

63 1617 235 1708 ιεύνομον
264 1624 300 1688 ἐν
326 1638 394 1701 τοῖς
420 1617 493 1689 τότε
518 1617 648 1708 χρόνοις
668 1627 840 1690 πολιτείαν
858 1627 987 1711 πρῶτος
1005 1625 1064 1694 ἐπὶ

91 1725 151 1810 γῆς
172 1718 226 1789 διά
250 1725 380 1809 γραφῆς
404 1720 649 1808 συνεστήσατο,
673 1718 767 1791 ούπω
785 1720 859 1792 τότε
877 1725 979 1792 πᾶσιν
997 1719 1105 1795 ἀν-ιτ

92 1820 241 1911 θρώποις
270 1826 435 1911 ἐκφανοῦς
462 1822 556 1904 ὄντος
583 1817 662 1891 οὐδὲ
689 1827 748 1892 τού
770 1829 899 1893 τοιουδί
923 1821 1063 1912 τρόπου.

92 1929 144 1993 35.
165 1925 234 1993 εἶτα
259 1924 297 1993 δὲ
322 1920 366 2005 ώς
392 1919 435 1994 ἀν
457 1921 608 1993 ἀτελέσιν
634 1919 786 1994 ἀπειπών
803 1924 866 2013 τήν
884 1930 1064 1998 είδωλολα·

93 2034 210 2114 τρίαν,
230 2033 367 2106 θυσίαις
385 2033 445 2095 καί
459 2047 525 2094 τισι
543 2029 826 2115 σωματικωτέροις
837 2019 908 2097 ’τόν
926 2030 987 2097 ἕνα
1004 2032 1065 2100 καί

93 2129 148 2196 ἐπὶ
165 2123 301 2195 πάντων
319 2124 403 2197 θεὸν
420 2124 626 2216 θεραπεύειν
643 2131 863 2216 παρεκέλευε,
884 2126 939 2197 διό
957 2157 1065 2202 τινων

92 2224 367 2317 ἀπορρητοτέρων
386 2233 457 2297 ίδία
475 2226 655 2317 συμβόλων
672 2234 733 2318 τήν
751 2227 825 2299 κατ’
854 2225 957 2300 αύτὸν
975 2242 1063 2324 θρη-
1075 2258 1104 2301 το

93 2339 209 2400 σκειάυ
224 2334 387 2401 ἐπιτελεῖν
400 2329 645 2419 νομοθετήσας,
664 2326 707 2419 ήν
725 2334 780 2401 καὶ
798 2340 998 2421 θαυμασίως
1016 2340 1065 2430 τῷ

92 2443 176 2527 θείφ
195 2431 359 2522 πνεύματι
378 2431 528 2503 συνιδών
552 2431 614 2502 οὐκ
633 2439 680 2514 είς
698 2429 838 2522 ἀπειρόν
856 2439 930 2504 δεῖν
948 2441 1065 2523 περιί-

63 2557 76 2596 σ
92 2560 185 2623 πειυ,
210 2530 271 2619 ἀφ’
293 2538 352 2604 ἕνα
369 2533 473 2603 τόπον
496 2538 736 2623 περιέγραψεν,
762 2530 878 2624 ὁρίσας
895 2533 939 2624 μή
957 2535 1065 2609 ἀλλα-

92 2633 169 2724 χόσε
187 2643 362 2705 συντελεῖν
379 2634 419 2703 τά
437 2632 508 2704 κατ’
531 2632 633 2705 αύτὸν
649 2634 784 2726 νόμιμα,
803 2631 824 2725 ή
843 2640 879 2705 ἐν
896 2636 989 2729 μόνῳ
1009 2640 1065 2710 ἑνὶ

92 2735 200 2829 τόπῳ,
220 2725 315 2816 οὗτος
333 2733 367 2804 δ’
387 2724 431 2823 ήυ
449 2734 467 2806 ὁ
486 2740 523 2806 ἐν
535 2734 785 2827 Ἱεροσολύμοις,
804 2741 866 2821 ἔξω
885 2739 922 2808 δὲ
938 2736 1103 2813 τούτου»)

92 2839 215 2926 μηκέτι.
252 2841 304 2906 36.
323 2837 406 2907 ὅθεν
430 2845 478 2919 είς
496 2846 544 2908 ἔτι
568 2841 623 2908 καί
642 2843 743 2929 δεῦρο
766 2838 1065 2929 παισίνἙβραίων

93 2937 133 3008 ού
164 2938 302 3028 θεμιτὸν
332 2936 453 3008 ἀλλοσε
484 2937 574 3021 ἐκτός
600 2944 658 3028 τῆς
689 2945 925 3031 καθῃρημένης
949 2940 1065 3015 αύτών

92 3038 325 3131 μητροπόλεως
343 3037 421 3111 οὔτε
437 3039 539 3113 θύειν
562 3042 645 3111 κατά
661 3040 720 3113 τὸν
736 3040 857 3133 νόμον,
875 3040 951 3114 ούτε
970 3043 1065 3132 ίερόν

93 3139 170 3213 ούτε
187 3141 431 3232 θυσιαστήριον
456 3146 613 3233 ἐγείρειν,
638 3141 715 3214 οὔτε
733 3152 841 3234 χρίειν
860 3150 966 3232 ίερέας
985 3142 1065 3219 οὔτε

94 3250 261 3332 βασιλέας,
281 3242 357 3314 οὔτε
374 3235 432 3325 τάς
450 3243 533 3314 κατά
545 3252 674 3315 Μωσέα
691 3244 895 3337 πανηγύρεις
913 3248 969 3317 καὶ
988 3251 1062 3340 ἑορ·
1074 3274 1105 3317 εο

93 3343 150 3426 τάς
170 3350 332 3431 ἐκτελεῖν,
357 3343 397 3415 ού
420 3350 569 3436 μιασμού
586 3356 831 3436 καθαίρεσθαι,
855 3348 895 3419 ού
914 3357 1063 3439 πλημμε

93 3453 185 3528 λείας
203 3442 422 3535 ἀπολύεσθαι,
441 3443 483 3517 ού
504 3451 596 3539 δώρα
612 3453 658 3542 τῷ
677 3455 747 3543 θεῷ
765 3453 980 3541 προσφέρειν,
998 3448 1063 3543 ούχ
