2326 3818
351 111 538 162 οεαοαευ.
558 111 691 163 ΕνΑΝο.
710 113 732 162 1.
756 114 795 163 10.
1023 113 1062 176 71

96 249 271 342 οανμόσια
289 257 460 339 διασαφεῖ,
473 252 581 338 λέγων
600 253 675 339 ἑξῆς
688 246 848 341 “ποιήσει
866 252 981 337 κύριος
989 265 1062 324 Σα-

96 350 194 442 βαῶθ
211 360 292 423 πᾶσι
309 369 378 434 τοῖς
392 357 517 422 ἔθνεσι.
543 359 675 422 πίονται
694 350 921 444 εὐφροσύνην,
930 362 1063 426 πίονται

96 455 201 544 οίνον,
227 462 396 545 χρίσουται
410 452 528 543 μόρον.
571 452 721 544 παράδος
739 459 844 525 ταῦτα
863 454 973 526 πόντα
994 474 1062 539 τοῖς

96 565 248 629 ἔθνεσιν·
268 554 366 646 ἡγὰρ
380 554 487 645 βουλὴ
505 553 590 645 αὕτη
609 559 664 626 ἐπὶ
681 554 790 627 πάντα
808 555 848 626 τὰ
868 563 962 647 ἐθυη.

68 752 82 794 5
171 714 221 778 32.
256 706 400 780 Τοιαῦτό
417 738 492 779 τινα
509 699 553 798 ἦν
570 710 627 779 καὶ
649 706 689 777 τδι
707 706 848 780 Ἡσαΐου
873 708 1059 800 θαυμάσια,

95 806 238 892 εὐωδίας
261 808 393 899 ἀγαθῆς
423 813 479 881 καὶ
501 808 613 900 μόρου
644 826 755 900 χρῐσιν
784 808 823 881 ου’
848 816 893 904 τῶ
921 807 1061 902 Ἰσραὴλ,

93 911 178 982 ἀλλὰ
195 915 277 982 πᾶσι
294 929 363 994 τοῖς
388 919 526 983 ἔθνεσιν
550 910 837 1002 ἐπαγγελλόμενα
862 912 947 984 ὅθεν
974 913 1090 983 alud-d

93 1043 157 1096 τως
175 1012 265 1102 παραὶ
282 1011 344 1102 τὴν
361 1017 420 1084 τοῦ
437 1012 549 1103 μόρου
566 1032 678 1104 χρῖσεν
696 1016 829 1105 καὶτῆς
847 1019 1061 1104 Χριστιανῶν

93 1114 289 1205 ἠξιώθησαν
307 1123 540 1204 προσηγορίας.
579 1113 664 1186 όλλδι
691 1119 746 1185 καὶ
765 1127 860 1187 οίνου
878 1136 946 1198 τοῖς
965 1126 1062 1188 ἔθνε-

55 1259 81 1299 10
94 1240 149 1287 σιν
173 1215 390 1307 εὐφροσύνην
414 1226 578 1304 θεσπίζει,
603 1216 639 1287 τό
663 1220 721 1304 τῆς
747 1221 864 1306 καινῆς
891 1223 951 1288 τοῦ
978 1229 1063 1305 Χρι-

94 1322 175 1389 στοῦ
190 1315 356 1406 διαθήκης
373 1316 557 1407 μυστήριον
583 1318 822 1407 αἰνιττόμενος,
840 1315 964 1405 όπαριὶ
983 1325 1063 1389 πᾶσι

92 1435 162 1502 τοῖς
180 1426 318 1490 ἔθνεσιν
333 1423 481 1508 ἐναργῶς
499 1417 581 1488 κατὰ
598 1418 657 1489 τόν
670 1418 820 1509 παρόντα
839 1420 957 1507 καιρόν
976 1424 1063 1490 ἐκτε-

93 1530 208 1590 λεϊται.
228 1525 278 1589 33.
287 1518 410 1601 ταύτας
425 1520 463 1589 δέ
480 1519 645 1601 παλιντδις
664 1518 860 1610 ἀσωμάτους
875 1525 930 1591 καὶ
945 1521 1063 1609 νοερός

92 1629 216 1703 θυσίας
234 1621 274 1691 τδι
292 1620 481 1711 προφητικά
495 1620 649 1711 κηρύττει
667 1621 781 1711 λόγια,
812 1613 883 1693 ῶδέ
903 1650 949 1712 πη
967 1651 1063 1712 περι-

53 1764 79 1805 15
95 1718 363 1814 e'xovta“ffl]60v
380 1727 425 1816 τῷ
450 1726 523 1816 θεῷ
544 1732 673 1794 θυσίαν
691 1729 866 1813 αίνέσεως,
894 1728 950 1794 καὶ
982 1722 1063 1794 όπό-

92 1832 149 1908 δος
167 1829 215 1919 τῶ
230 1825 361 1918 ὑψίστῳ
379 1824 436 1908 τὰς
456 1822 554 1915 εὐχάς
572 1850 645 1912 σου,
664 1828 721 1896 καὶ
741 1824 937 1896 ἐπιαόλεσαί
959 1855 1000 1915 με
1026 1832 1063 1897 ἐν

90 1926 197 2020 ἡμέρη
214 1935 377 2012 θλίψεως,
396 1930 451 1997 καὶ
471 1931 645 2017 ἐξελοόμαί
670 1950 719 2014 σε,
738 1931 794 1998 καὶ
813 1927 963 2011 δοξῶσεις
990 1924 1059 2017 με,”

92 2035 142 2099 34.
158 2032 214 2100 καὶ
232 2029 334 2099 πόλιν
347 2027 509 2119 “ε”παρσις
527 2034 594 2098 τῶν
612 2035 733 2120 χειρῶν
751 2059 816 2118 μου
834 2037 941 2101 θυσία
965 2033 1061 2100 ἑσπε-

91 2127 198 2220 ρινή.”
242 2133 298 2200 καὶ
322 2121 422 2212 αὖθις
447 2126 582 2202 “θυσιά
606 2135 652 2224 τῷ
675 2135 748 2223 θεῶ
774 2137 908 2221 πνεῦμα
941 2155 1063 2202 συντε-

52 2273 79 2313 20
92 2227 300 2323 τριμμένον.”

167 2389 218 2454 35.
239 2381 356 2454 Παντα
371 2381 413 2472 δὴ
431 2374 493 2454 οὖν
504 2390 608 2453 ταῦτα
627 2389 659 2466 ἐξ
673 2390 795 2464 αἰῶνος
809 2388 1058 2473 τεθεσπισμεύα

93 2483 148 2556 διδι
170 2491 228 2575 τῆς
253 2481 470 2573 εόαγγελικῆς
501 2488 561 2555 τοῦ
590 2491 739 2575 σωτῆρος
769 2480 867 2574 ἡμῶν
899 2492 1060 2555 διδασκα-

90 2595 164 2670 λίας
187 2585 270 2657 κατὰ
293 2587 351 2658 τὸν
373 2585 522 2675 παρόντα
545 2587 663 2675 καιρὸν
692 2584 774 2676 πρός
799 2585 959 2658 ἁπάντων
990 2592 1059 2658 τῶν
1075 2620 1120 2670 μοι

92 2693 204 2760 ἐθνῶν
224 2692 412 2776 ἐκτελεϊται,
434 2687 596 2778 ἀληθείας
615 2687 906 2780 ἐπιμαρτυροόσης
923 2697 964 2780 τῇ
983 2717 1062 2779 προ·

51 2826 79 2867 25
92 2793 216 2879 φητικῇ
233 2795 348 2880 φωνῇ,
373 2788 421 2861 δι’
451 2781 507 2880 ἧς,
533 2789 590 2872 τὰς
618 2792 700 2861 κατὰ
733 2794 861 2862 Μωσέα
891 2800 1016 2873 θυσίας
1046 2790 1063 2861 ό

91 2889 172 2971 θεὸς
200 2891 551 2981 παραιτησόμενος,τό
570 2896 692 2982 με’λλον
711 2900 849 2963 ἔσεσθαι
872 2893 953 2964 καθ’
977 2893 1062 2982 ἡμᾶς

92 2989 215 3069 αὐτούς
241 2999 393 3077 θεσπίζει
420 2989 633 3082 λέγων’“διὸ
651 2991 717 3063 ιἰπό
751 2991 927 3065 ἀνατολῶν
963 2991 1064 3084 ἡλίου

91 3097 147 3165 καὶ
166 3098 261 3185 μέχρι
280 3100 419 3185 δυσμῶν
435 3093 472 3166 τό
491 3093 596 3186 όυομοί
619 3125 685 3185 μου
710 3095 907 3179 δεδόξασται
935 3100 972 3166 ἐν
995 3111 1064 3176 τοῖς

164 3365 177 3412 1
196 3362 243 3413 Εε.
262 3365 302 3422 25,
324 3365 347 3413 6.
486 3363 518 3411 16
536 3363 582 3414 Ρε.
602 3365 643 3422 60,
666 3364 705 3411 14.
848 3364 880 3413 19
901 3365 949 3413 Ρε.
968 3365 1033 3423 m„
1047 3364 1084 3411 θ..

94 3433 128 3480 20
147 3431 191 3479 Ps.
212 3432 252 3493 51,
275 3432 314 3483 17.
419 3431 452 3480 ‘28
472 3429 537 3479 Mal.
558 3432 582 3494 1,
604 3434 643 3482 ll.
