2326 3818
118 105 160 167 42
258 77 261 84 ’
527 107 677 161 ωυοεειῑ

92 248 259 336 έκυνηταὶ
278 245 570 334 προσκυνήσουσιν
588 245 664 320 οὔτε
679 253 780 319 έν
735 278 780 343 τφ
794 247 864 339 ὄρει
882 247 989 344 τοότφ
1007 247 1089 323 οὔτε

50 345 385 438 λίε41έν1ερουσαλὴμ
412 354 457 442 τῷ
485 357 600 438 πατρί’
640 378 773 440 πνευμα
791 349 854 439 γάρ
872 347 891 421 ό
908 351 1005 440 θεὸς,
1030 356 1088 425 καὶ

118 479 195 534 τους
213 475 486 541 προσκυνουντας
503 448 606 521 αὐτόν
631 455 667 522 έν
684 452 848 542 πνεύματι
866 455 921 523 καὶ
940 449 1087 548 ἀληθείᾳ

121 559 173 623 δελ
190 549 426 642 προσκυνεῖν.”

193 660 243 726 41.
270 659 337 726 Καὶ
354 659 457 725 ταῦτα
470 653 651 743 φήσαντος,
669 660 869 745 παραχρῆμα
884 659 940 726 καὶ
957 653 1020 728 οὐκ
1038 665 1113 741 είςε

117 756 245 847 μακρόν
271 760 565 847 πολιορκηθέντων
594 759 661 826 τῶν
682 752 937 847 Ἰεροσολύμων,
969 763 1029 829 τοῦ
1052 756 1085 829 τ’

118 855 239 930 αὐτόθι
257 856 459 946 όιγιάσματος
477 861 609 928 καὶτοῦ
628 855 709 945 πρός
728 855 818 952 αὐτῷ
837 868 1087 949 θυσιαστηρίου

117 966 174 1048 τῆς
193 990 227 1030 τε
242 958 324 1029 κατὰ
333 962 459 1030 Μωσέα
473 968 626 1049 λατρείας
645 958 727 1030 κατά
740 953 802 1049 τὴν
821 957 926 1031 αὐτοῦ
933 964 1087 1045 Μωσέως

119 1059 268 1144 διάταξιν
286 1067 542 1152 περιηρημένης,
561 1059 731 1150 ἀνέφανεν
745 1071 792 1145 είς
809 1060 935 1144 πάντας
951 1061 1088 1153 ἀνθρώ·

119 1190 201 1243 πους
220 1166 275 1232 καὶ
301 1166 483 1252 ἐξέλαμψεν
505 1158 526 1252 ἡ
550 1158 733 1252 ἀρχέτυπος
751 1169 818 1236 τῶν
845 1162 908 1250 πρό
932 1169 1087 1249 Μωσέως
1100 1198 1125 1239 ιο

117 1267 290 1354 θεοφιλῶν
307 1262 443 1354 ἀνδρῶν
458 1263 621 1353 εὐσέβεια,
640 1263 710 1353 ἥτε
728 1264 774 1335 δι’
796 1262 899 1352 αὐτῆς
917 1270 997 1337 πᾶσι
1016 1282 1088 1350 τοῖς

37 1370 40 1375 ’
118 1374 256 1439 ἔθνεσιν
274 1371 504 1493 έπηγγελμένη
521 1365 706 1455 εόλογία,’
688 1363 754 1437 από
770 1397 830 1438 του
843 1364 978 1457 πρώτου
996 1375 1088 1455 βαθ-

64 1497 106 1546 μοι
117 1499 181 1558 μου
166 1468 288 1540 καὶ’
271 1468 336 1541 απὸ
354 1476 411 1559 τῆς
430 1468 561 1559 πρώτης
580 1467 816 1559 στοιχειώσεως
834 1499 892 1556 της
906 1498 988 1538 κατα
976 1468 1089 1541 Mm-

118 1576 177 1642 σέα
195 1579 348 1659 λατρείας
363 1570 458 1640 ἐπὶ
426 1600 484 1642 τον
499 1578 671 1657 κρείττονα
685 1573 740 1641 καὶ
758 1569 962 1657 τελειότερον
979 1594 1088 1660 προσ-

117 1671 246 1761 ἀγουσα
263 1671 339 1753 τούς
360 1671 560 1761 προσιόντας
576 1667 660 1761 αότη
646 1679 714 1758 βί
713 1702 760 1742 ον.
792 1677 842 1742 42.
863 1670 983 1742 αὐτίκα
1001 1678 1087 1761 γοῦν
1101 1705 1128 1747 ιο

118 1776 185 1843 των
201 1779 376 1863 μακαρίων
401 1776 539 1844 ἐκείνων
561 1775 616 1842 καὶ
634 1777 817 1862 θεοφιλῶν,
838 1777 905 1844 των
921 1769 1060 1862 ἀμφὶ
1026 1804 1088 1846 του

115 1872 262 1965 Ἀβραὰμ
281 1877 383 1963 λέγω,
403 1872 464 1944 οὐκ
477 1872 717 1964 ἀφωρισμένως
736 1884 773 1945 ἒν
790 1905 857 1945 τινι
874 1872 965 1968 τόπῳ
984 1898 1086 1965 προσ-

118 1975 330 2063 κυνούντων,
357 1973 437 2045 οὐδὲ·
461 1975 516 2045 ὃιά
540 1973 720 2066 συμβόλων
743 1979 798 2047 καὶ
817 1976 949 2065 τόπων,
969 1973 1041 2047 ἀλλ’
1063 1968 1089 2069 ᾖ

118 2101 222 2167 φησιν
245 2072 398 2164 όσωτὴρ
422 2080 477 2147 καὶ
500 2077 614 2163 πόριος
637 2076 731 2168 ἡμων
756 2074 817 2148 “έν
840 2078 1006 2169 πνεύματι
1030 2083 1086 2150 καὶ

117 2175 294 2271 ἀληθείᾳ,”
315 2173 338 2265 ἢ
360 2175 416 2248 διά
438 2183 495 2269 τῆς
518 2184 578 2251 τοῦ
597 2187 743 2269 σωτῆρος
767 2179 862 2270 ἡμῶν
887 2186 1086 2269 ἐπιφανείας
1100 2213 1128 2255 νο

117 2279 221 2352 ἅπασι
243 2298 312 2364 τοῖς
337 2289 475 2353 ἔθνεσιν
492 2279 656 2371 ὑπῆρξεν,
687 2287 755 2353 τῶν
777 2281 879 2352 πάλαι
902 2287 1087 2370 προφητῶν

117 2387 172 2455 καὶ
202 2388 298 2456 τοάτο
328 2382 603 2475 τεθεωρηκότων·
649 2387 738 2473 λέγει
769 2381 802 2455 δ’
834 2375 896 2455 οὖν
926 2381 1086 2471 ἀντικρυς

88 2495 289 2577 οΣοφονέας
301 2481 567 2577 “έπιφανήσεται
584 2485 699 2575 κόριος
718 2484 770 2557 ἐπ’
792 2481 923 2575 αὐτους,
942 2489 999 2556 καὶ
1018 2490 1086 2570 έξο·

118 2588 295 2674 λοθρεόσει
318 2586 444 2668 πάντας
468 2617 546 2670 τους
572 2585 674 2670 θεους
696 2617 764 2659 των
787 2591 899 2658 ἐθνῶν
930 2591 987 2677 τῆς
1008 2590 1085 2712 φης,

117 2689 172 2756 καὶ
203 2685 496 2778 προσκυνήσουσιν
527 2686 635 2782 αὐτῷ,
665 2693 801 2771 ἕκαστος
825 2693 862 2759 ἐκ
889 2694 949 2759 τοῦ
979 2688 1084 2760 τόπου
1098 2720 1127 2761 εε

121 2784 268 2858 αὐτων.”

194 2894 244 2959 43.
260 2884 296 2961 ‘0
315 2890 352 2959 δε
370 2886 580 2980 Μαλαχίας’
565 2894 648 2981 ομοῦ
661 2889 744 2980 πρὸς
755 2920 833 2973 τους
852 2895 889 2962 ἐκ
906 2897 1084 2982 περιτομῆς

117 2987 341 3080 ἀποτείνεται,
360 2993 416 3061 καὶ
434 2995 510 3081 περὶ
528 2996 596 3063 τεόν
622 2996 733 3063 ἐθνῶν
752 3000 856 3063 ταῦτα
879 3022 1086 3084 προαναφω-

117 3109 186 3184 νελ,
211 3091 353 3184 φάσκων
372 3088 458 3163 “οόκ
489 3100 558 3163 έστι
588 3124 653 3184 μου
680 3095 829 3185 θέλημα,
856 3098 946 3183 λέγει
970 3095 1083 3186 κόριος

117 3195 372 3289 παντοκράτωρ,
404 3197 459 3265 καὶ
489 3204 617 3266 θυσίαν
639 3192 681 3267 οό
704 3199 926 3286 προσᾶἐξομαι
957 3201 1124 3268 ἐκτῶντο

141 3345 320 3354 -“--

185 3428 218 3476 23
236 3425 319 3492 Soph.
332 3431 356 3491 ε,
372 3431 412 3481 11.
515 3431 548 3478 ιο
561 3429 634 3500 ΙΜω.
649 3432 671 3492 1,
687 3432 726 3479 11.
