2326 3818
144 52 206 116 656
550 53 701 104 Ευεωωι

146 192 251 265 αὐτοῦ
269 198 316 274 είς
333 188 395 281 τὴν
419 189 597 262 θάλασσαν
619 190 681 281 τὴν
704 188 859 281 πρωτην,
884 195 940 261 καὶ
958 189 994 262 τὸ
1012 189 1115 281 ἥμισυ

147 293 251 365 αὐτοῦ
270 301 316 376 είς
333 293 396 382 τὴν
412 292 590 364 θάλασσαν
614 293 677 382 τὴν
703 290 853 382 έσχάτην.
891 298 928 363 έν
944 297 1042 381 θέρει
1060 296 1115 364 καὶ

148 401 184 467 ἐν
211 404 283 485 έαρι
307 403 399 467 ἔσται
425 392 540 477 οῦτως.
581 399 637 464 καὶ
656 401 746 465 ἔσται
771 394 885 484 κύριος
911 401 958 476 είς
976 398 1117 483 βασιλέα

148 500 202 568 ε’πὶ
219 500 331 568 πᾶσαν
349 494 411 586 τὴν
428 501 501 586 γῆν.
529 499 565 566 έν
582 499 623 587 τῇ
640 491 747 589 ἡμέρα
766 501 878 587 ἐκείνη
893 504 983 566 ἔσται
1003 495 1117 587 κῦριος

148 596 211 688 εἷς,
231 601 286 670 καὶ
304 596 341 669 τῦ
359 596 462 687 ὄνομα
482 594 587 668 αῦτοῦ
604 603 658 687 ἓν,
678 602 826 668 κυκλοῦν
843 601 955 667 πᾶσαν
972 596 1035 688 την
1052 602 1141 688 γηνο

146 704 202 771 καὶ
219 700 282 790 τὴν
300 696 458 791 έρημον.”

222 808 252 874 2.
278 804 343 873 Καὶ
376 806 480 872 ταῦτα
508 803 561 871 ἐπὶ
587 805 644 889 τῆς
674 809 859 892 παρουσίας
882 804 943 871 τοῦ
969 806 1119 891 σωτῆρος

145 899 241 993 ἡμῶν
259 907 460 992 ἐπληροῦτο,
478 897 521 992 ἣν
539 900 725 992 ἐποιήσατο,
743 898 816 990 ἤτοι
833 900 914 992 μετά
931 905 999 972 τῦν
1018 906 1119 994 ίερῦν

147 1001 343 1075 ἀποστόλων
366 1002 469 1074 αῦτοῦ
493 1008 549 1075 καὶ
574 1008 751 1094 μαθητῶν,
775 998 897 1093 ἢμετά
919 1009 988 1074 τῶν
1011 1003 1118 1093 ἁγίων

120 1101 269 1195 οαῦτοῦ,
288 1114 395 1176 θείων
412 1111 515 1177 τινων
534 1105 712 1195 δυνάμεων
730 1108 785 1176 καί
810 1103 995 1194 ἀσωμάτων
1013 1134 1114 1176 πνευ·
1132 1136 1157 1176 ιο

146 1205 276 1296 μάτωυ,
302 1203 454 1297 ἀγγέλων
473 1211 583 1279 τεκαὶ
602 1212 805 1296 λειτουργῶν
830 1204 951 1295 αὑτοῦ,
975 1211 1051 1297 περὶ
1071 1198 1118 1278 ὦν

148 1321 275 1398 είρηται
300 1311 336 1379 έν
360 1327 429 1392 τοῖς
462 1316 562 1400 ἱεροῖς
589 1307 796 1398 εὐαγγελίοις
826 1305 876 1378 ὅτι
899 1303 1120 1398 ’προσῆλθον

147 1409 237 1504 αὐτῷ
255 1407 390 1499 ἀγγελοι
407 1414 463 1481 καὶ
482 1409 666 1499 διηκόνουν
683 1406 810 1505 αῦτῷ.”
845 1416 874 1480 3.
894 1410 977 1480 κατά
1002 1413 1039 1480 δέ
1056 1404 1119 1500 τὴν

146 1508 275 1602 ἡμέραν
300 1517 449 1601 ἐκείνην,
470 1510 573 1603 (οὕτω
599 1513 636 1582 δὲ
660 1521 763 1601 φίλον
785 1511 969 1582 ἀποκαλεῖν
985 1519 1025 1604 τῇ
1045 1517 1120 1605 ίερᾷ

146 1617 262 1703 γραφη
285 1612 393 1684 πόντα
417 1612 475 1684 τόν
505 1612 627 1703 χρόνον
650 1617 708 1703 τῆς
738 1617 775 1685 έν
797 1610 991 1701 ἀνθρώποις
1015 1610 1120 1685 αὐτοῦ
1134 1642 1159 1684 15

149 1715 335 1805 διατριβῆς)
362 1719 545 1806 ἐπληροῦτο
570 1713 653 1806 μετά
677 1719 745 1785 τῶν
767 1712 879 1786 ἀλλων
897 1713 1120 1806 προρρήσεων

147 1819 203 1887 καὶ
220 1813 261 1886 τά
279 1821 316 1887 ἐν
333 1821 426 1907 χερσὶ
443 1818 702 1908 τεθεσπισμένα,
721 1812 866 1905 ὁπηνίκα
884 1815 973 1906 παρά
986 1814 1044 1886 τόν
1057 1822 1121 1888 τοῦ

148 1916 279 1998 πόθους
303 1917 408 1988 αῦτοῦ
433 1916 651 2009 καιρόν“ἀπὸ
677 1914 764 2010 κόρας
788 1922 883 2009 ἕκτης
907 1916 1022 1999 σκότος
1046 1922 1121 2006 ἐγέ-

147 2045 224 2088 νετο
257 2022 310 2088 ἐπὶ
340 2021 452 2088 πᾶσαν
475 2018 537 2107 τὴν
567 2025 631 2110 γῆν
661 2024 722 2101 ἕως
753 2018 840 2110 ὥρας
873 2017 1020 2109 ένάτης.”
1066 2019 1120 2090 διό

148 2139 252 2209 φησιν
275 2118 296 2208 ἡ
321 2130 507 2211 προφητεία
537 2127 575 2192 έν
605 2127 645 2212 τῇ
670 2120 776 2215 ἡμέρᾳ
802 2127 913 2211 ἐκείνη
941 2118 1002 2192 οῦκ
1027 2128 1157 2192 έσταιεο

148 2219 258 2311 φως.”
292 2225 348 2292 καὶ
362 2221 464 2294 πόλιν
476 2221 555 2293 “nal
574 2221 635 2314 οῦχ
654 2219 759 2313 ἡμέρα
778 2222 888 2295 καλοῦ
907 2221 968 2308 νῦξ
986 2222 1022 2294 τὸ
1036 2221 1120 2314 πρός

149 2325 294 2414 ἑσπέραν
313 2332 404 2395 ἔσται
423 2322 530 2414 φως.”
575 2331 605 2397 4.
626 2322 675 2396 δι’
696 2316 744 2396 οἷν
768 2324 949 2396 λευκότατα
972 2321 1116 2415 ἡγοῦμαι

41 2489 43 2494 .
146 2426 208 2514 τὴν
226 2430 287 2495 τοῦ
304 2430 424 2516 καιροῦ
441 2426 662 2515 κατάστασιν,
690 2432 727 2498 έν
746 2419 773 2520 ᾧ
792 2433 851 2497 τοῦ
870 2434 1016 2517 σωτῆρος
1035 2424 1120 2498 ἀνυ-

81 2556 135 2608 (ωε)
147 2531 320 2612 ψωθέντος
344 2531 401 2599 καὶ
427 2524 550 2618 ἡμέρας
573 2527 677 2617 οῦσης
695 2527 755 2610 νῦξ
779 2525 844 2599 ἀπὸ
863 2527 950 2618 ὥρας
969 2533 1064 2616 ἕκτης
1082 2527 1119 2598 τό

148 2632 302 2719 περιέχον
325 2632 466 2718 συνέσχε
489 2634 584 2719 μέχρι
607 2635 663 2719 τῆς
690 2629 823 2719 ἑνότης,
847 2626 926 2721 μεθ’
951 2627 995 2716 ἣν
1019 2621 1157 2710 αῦθιςεε

147 2736 207 2800 τοῦ
244 2727 383 2811 σκότους
408 2737 637 2814 διαλείποντος
664 2730 771 2823 ἡμέρα
800 2735 855 2802 καὶ
880 2735 951 2822 φως
979 2734 1118 2821 ἐγίνετο,

148 2827 231 2920 μεθ’
251 2826 272 2899 ἀ
290 2831 391 2901 πόλιν
419 2832 578 2923 συνήθως
600 2830 621 2922 ἡ
645 2834 705 2918 νὺξ
730 2833 991 2925 κατελάμβανεν.
1033 2830 1118 2922 ἀπερ

149 2931 242 3022 ὁτῆς
260 2944 464 3023 προφητείας
478 2934 575 3024 λόγος
593 2933 742 3028 ᾐνίττετο
761 2936 902 3026 φάσκων
915 2931 994 3006 ’καὶ
1013 2931 1120 3027 ἡμέρα

150 3039 260 3123 ἐκείνη
273 3036 406 3125 γνωστὴ
420 3041 467 3131 τῷ
479 3044 598 3132 κυρίῳ,
609 3042 665 3109 καὶ
679 3035 741 3129 οῦχ
755 3038 776 3128 ἡ
790 3041 873 3129 μέρα
887 3042 943 3109 καὶ
957 3034 997 3109 οῦ
1009 3037 1070 3120 νῦξ
1083 3034 1119 3109 τό

148 3134 229 3224 πρός
249 3140 394 3230 ἑσπέραν
413 3146 504 3210 ἔσται
522 3137 626 3231 φῦς.”
663 3146 692 3212 5.
713 3139 774 3230 οῦχ
791 3136 898 3231 ἡμέρα
915 3141 977 3231 μέν
994 3137 1058 3228 γάρ
1077 3129 1120 3227 ἦν
1132 3167 1158 3208 3ο

217 3373 231 3419 ε
250 3372 387 3437 αιτιοι,
402 3375 443 3427 11.
