2326 3818
120 109 179 174 152
524 111 676 163 Eusssssn

118 247 234 337 αὐτόν,
252 251 307 319 καὶ
325 247 388 320 οὐκ
407 249 496 341 εἶχεν
514 250 602 331 εἶδος
626 246 708 320 οὐδὲ
726 246 853 331 κάλλος.
900 251 956 318 καὶ
979 238 1024 338 ἡν
1049 250 1088 323 τό

93 349 207 433 εεῖδος
230 346 333 421 αὐτοῦ
356 349 474 442 ἄτιμον
503 355 558 423 καὶ
587 356 741 424 ἐκλεῖπον
769 351 859 439 παρὰ
881 349 959 434 τούς
989 349 1088 435 υίοός

118 457 185 524 τῶν
203 450 404 543 ἀνθρώπων.
441 452 622 543 ἅνθρωπος
641 458 678 524 ἐν
701 456 813 542 πληγῇ
837 446 886 523 τόν
909 455 965 522 καὶ
985 451 1088 538 edonis

118 560 235 645 φέρειν
252 563 420 646 μαλακίαν
437 553 625 646 ἡτιμάσθη,
641 556 696 625 καὶ
714 553 777 624 οὐκ
796 550 990 643 ἐλογίσθη.”

194 664 244 728 54.
269 653 288 681 “
304 666 346 727 Τί
362 648 425 728 οὖν
449 664 596 728 λείπεται
621 660 675 727 ἐπὶ
693 655 839 741 τούτοιςς
864 664 895 726 εί
917 654 980 745 γὰρ
1005 685 1086 748 προ·
1111 684 1124 725 ι

119 778 214 831 εῑπον
233 757 338 828 αὐτοῦ
356 758 469 847 φνλὴν
487 761 542 828 καὶ
564 761 671 847 γένος,
697 760 752 827 καὶ
769 755 895 846 τρόπον
912 760 1088 848 γενέσεως,

118 865 173 931 καὶ
192 865 251 949 τῆς
270 863 444 948 παρθένον
461 857 498 929 τὸ
516 866 651 950 θαῦμα,
669 862 725 929 καὶ
743 866 822 948 βίον
839 857 980 949 τρόπον,
1005 858 1089 931 ἀκό-

118 973 246 1032 λουθον
274 950 316 1048 ἡν
356 963 429 1049 ἑξῆς
458 963 542 1052 μηδὲ
571 962 634 1051 τὴν
662 958 822 1048 τελεντὴν
851 959 1089 1050 ἀποσιωπῆσαι

119 1060 232 1132 αὐτοῦ.
272 1069 306 1131 τί
327 1053 388 1132 οὖν
412 1065 468 1132 καὶ
497 1065 574 1152 περὶ
597 1062 719 1152 ταύτης
749 1061 887 1143 Ἡσαΐας
918 1073 1089 1151 θεσπίζεις

118 1169 169 1234 55.
194 1159 397 1252 “όὶνθρωπος
415 1165 549 1255 (φησὶν)
569 1169 606 1236 ἐν
630 1169 740 1255 πληγῇ
765 1161 812 1235 όίν
831 1167 886 1234 καὶ
912 1165 1009 1248 είδώς
1027 1170 1087 1255 φέ·
1100 1190 1125 1233 ιο

119 1295 192 1355 ρειν
215 1273 382 1356 μαλακίαν
406 1265 576 1357 ἡτιμιίσθη
601 1270 657 1337 καὶ
681 1266 743 1338 οὐκ
767 1271 935 1355 ἐλογίσθη.
989 1259 1089 1351 οὗτος

118 1367 176 1449 τὰς
194 1365 354 1457 ἁμαρτίας
379 1367 475 1459 ἡμῶν
497 1372 593 1461 φέρει
617 1372 673 1440 καὶ
697 1372 775 1455 περὶ
798 1362 893 1456 ἡμῶν
915 1366 1088 1441 ὀδννᾶται.

118 1475 173 1540 καί
198 1466 292 1560 ἡμεῖς
317 1469 539 1560 ἐλογισάμεθα
563 1469 668 1541 αὐτόν
691 1471 777 1542 εἶναι
797 1474 834 1540 ε’ν
851 1467 945 1563 πόνῳ
969 1472 1026 1541 καὶ
1051 1475 1090 1542 ἐν

89 1601 102 1640 ι
118 1579 228 1663 πληγῇ
247 1575 303 1641 καὶ
322 1575 358 1641 ἐν
382 1571 541 1643 κακώσει·
567 1570 667 1655 αὐτός
691 1572 728 1642 δὲ
754 1576 1003 1660 ἐτρανματίσθη
1031 1572 1090 1643 διὰ

119 1672 177 1755 τὰς
195 1669 357 1760 ἁμαρτίας
374 1671 485 1762 ἡμῶν,
510 1677 566 1744 καὶ
583 1671 823 1763 μεμαλόκισται
848 1671 904 1742 ὃιίι
928 1672 986 1754 τὰς
1009 1669 1088 1746 ἆνο·
1100 1698 1125 1739 ιε

118 1781 197 1861 μίας
211 1769 320 1864 ἡμῶν·
341 1781 476 1845 παιδεία
491 1773 625 1866 εἰρήνης
643 1774 739 1864 ἡμῶν
757 1772 809 1844 ἐπ’
831 1772 947 1862 αὐτὸν,
960 1781 1006 1868 τῷ
1020 1774 1090 1865 μα’·

118 1886 204 1947 λωπι
223 1873 328 1946 αὐτοῦ
348 1871 443 1964 ἡμεῖς
465 1875 619 1965 ίοίθημεν.
651 1883 702 1946 56.
723 1874 846 1957 πάντες
872 1871 916 1959 ὧς
934 1875 1089 1967 πρόβατα

120 1975 375 2065 ἐπλανήθημεν,
412 1979 468 2047 καὶ
502 1976 616 2069 κύριος
645 1980 840 2067 παρέδωκεν
872 1976 975 2048 αὐτὸν
1014 1997 1089 2063 ταῖς

118 2072 299 2208 ἁμαρτίαις
311 2073 426 2168 ἡμῶν,
445 2081 500 2149 καὶ
520 2077 619 2164 αὐτὸς
644 2080 699 2152 διὰ
722 2081 759 2150 τὸ
784 2086 998 2151 κεκακῶσθαι
1024 2079 1090 2153 οὐκ

118 2175 245 2268 ἀνοίγει
268 2177 304 2249 τὸ
331 2177 436 2269 στόμα
459 2177 578 2254 αὐτον
605 2178 648 2264 ὦς
675 2180 845 2305 πρόβατον
872 2184 926 2251 ἐπὶ
950 2183 1126 2273 σφαγὴνεο

118 2279 225 2371 ἤχθη,
252 2276 351 2351 καὶ
327 2311 371 2363 ως
394 2280 498 2373 αμνὸς
522 2290 634 2355 ἔναντι
656 2292 716 2356 τοῦ
740 2295 909 2372 κείροντος
939 2312 1088 2375 αφανος,

117 2381 224 2465 οὕτως
242 2412 305 2454 ουκ
323 2380 451 2474 ανοίγει
474 2385 511 2455 τὸ
536 2385 655 2476 στόμα
680 2385 741 2475 τὴν
764 2413 886 2473 γενεαν
910 2381 1014 2455 αὐτοῦ
1037 2397 1089 2470 τίς

119 2485 369 2576 διηγήσεται;’
350 2517 400 2557 οτι
419 2485 585 2576 αίρεται’
566 2486 631 2557 από
655 2491 712 2575 τῆς
731 2491 792 2575 γῆς
815 2481 836 2574 ἡ
856 2484 920 2575 ζονὴ
945 2483 1086 2558 αὐτοῦ”

118 2586 226 2656 καὶ
191 2617 231 2657 τα
254 2586 362 2657 λοιποί.
390 2593 441 2656 57.
468 2596 623 2675 σημαίνει
647 2589 685 2659 δὲ
709 2588 765 2658 δια
783 2586 910 2658 τούτων
924 2616 969 2669 ως
986 2585 1053 2676 ἄρα
1069 2586 1089 2660 ό

59 2718 101 2767 μοι
117 2686 259 2777 Χριστὸς
274 2686 365 2770 ἐκτός
383 2683 661 2779 πόσηςῦπόρχων
678 2695 901 2779 πλημμελείας
919 2687 977 2771 τὰς
999 2687 1089 2781 ὑπὲρ
1101 2716 1127 2759 ιο

118 2785 312 2878 ἀνθρώπων
330 2787 490 2878 ἁμαρτίας
511 2797 557 2873 είς
577 2789 698 2863 ἑαυτόν
711 2787 914 2874 ἆναδίξεται,
954 2788 1006 2861 διὸ
1031 2797 1089 2864 καὶ

118 2896 270 2960 πείσεται
287 2887 328 2959 τό
344 2895 413 2961 τῶν
429 2889 667 2981 ἡμαρτηκότων
680 2896 736 2964 καὶ
749 2887 834 2981 ὑπὲρ
847 2890 943 2983 ἡμῶν
959 2890 1090 2984 ὀδυνη-

118 2989 271 3080 θὴσεται,
290 2988 362 3062 ἀλλ’
384 2989 446 3083 οὐχ
464 2992 553 3085 ὑπὲρ
571 2998 701 3067 ἑαυτοῦ.
746 3001 776 3064 εί
801 2995 838 3064 δὲ
860 2997 918 3065 καὶ
935 3024 1089 3086 τραυμα-

117 3091 314 3184 τισθήσεται
361 3092 470 3182 λόγοις
513 3095 722 3187 βλασφήμοις
768 3093 990 3187 βαλλόμενος,
1028 3100 1087 3168 καὶ

118 3195 208 3266 τοῦτ’
236 3202 335 3286 ἔργον
353 3204 444 3267 ἔσται
462 3201 530 3268 τῶν
543 3194 712 3290 ἡμετέρων
725 3196 911 3288 ἁμαρτιῶν·
941 3200 1013 3269 ἐπεὶ
1028 3202 1086 3270 καὶ
1099 3224 1125 3265 ιο

117 3296 353 3385 μεμαλάκισται
379 3298 433 3369 διὰ
455 3296 691 3390 τὰς’όιμαρτίας
714 3295 828 3390 ἡμῶν,
858 3297 948 3383 ὅπως
976 3299 1085 3389 ἡμεῖς,

120 3395 339 3486 ἆνειληφότος
360 3398 465 3471 αὐτοῦ
494 3399 533 3471 τὰ
552 3400 695 3494 ἡμέτερα
708 3399 952 3491 ἀμπλακὴματα
969 3405 1026 3472 καὶ
1040 3401 1082 3473 τοὶ
