2326 3818
335 111 522 165 οεοτοαετ.
538 111 674 167 ενεαο.
690 112 727 164 11.
745 117 769 165 3.
965 111 1025 176 1⁶25

134 257 203 321 136.
233 254 300 323 Καὶ
326 253 475 322 ἐνταῦθα
496 256 543 344 τῷ
568 253 827 340 καταλειφθέντι
850 259 910 322 τοῦ
929 259 1022 341 λαοῦ,

54 350 130 442 οὐχὶ
149 353 186 424 δέ
203 355 303 424 παντὶ
321 355 368 445 τῷ
385 360 481 424 ἔθνει
498 349 621 439 αὐτῶν,
633 348 717 423 ἀλλά
735 351 850 441 μόνοις
874 372 942 436 τοῖς
969 353 1024 424 διὰ

57 458 117 526 τού
134 461 393 544 καταλείμματος
411 456 677 542 σημαινομένοις,
688 451 747 524 τόν
764 452 882 543 κύριον
900 459 1023 544 στέφα-

57 585 118 628 νον
136 563 275 627 ἔσεσθαι
290 559 423 638 ἐλπίδος
441 557 497 626 καλ
517 556 613 642 δόξης
631 553 851 645 προφητεύει,
870 553 947 637 τούς
966 555 1023 626 ἀλ-

29 667 136 740 ελους
154 655 243 749 παρά
261 655 297 728 τό
316 655 520 747 κατόλειμμα
536 660 596 728 του
610 662 692 727 λαοῦ
710 659 877 746 στέφανον
894 652 1023 747 ύβρεως

57 760 112 830 καλ
130 757 321 850 μισθωτούς
338 762 398 830 τού
411 757 551 849 Ἐφραίμ
569 756 750 848 ὀνομάζων.

141 866 211 933 137.
236 857 255 884 “
266 863 333 932 Καὶ
358 868 489 932 ἔσονται
517 866 553 931 ολ
573 862 899 951 ἕγκαταλελειμμένοι
924 864 960 932 έν
984 865 1023 952 τῆ
1040 890 1079 943 [521

48 958 218 1056 Ἰουδαία,
261 961 432 1052 φυῆσουσι
474 967 568 1054 ῥίζαν
609 960 715 1050 κάτω,
750 966 806 1033 καὶ
834 961 1048 1052 ,ποιῆσουσιε

57 1068 187 1156 σπέρμα
205 1062 294 1151 ἀνω,
320 1061 371 1134 ὅτι
390 1059 647 1152 ἑξἹερονσαλῆμ
672 1071 804 1135 ἔσονται
827 1070 860 1135 ολ
889 1075 1025 1136 καταλε-

19 1192 44 1231 ιο
57 1170 227 1257 λειμμένοι
245 1167 300 1236 καὶ
319 1170 353 1237 οί
369 1163 548 1255 σωζόμενοι
567 1169 600 1248 ἐξ
618 1163 717 1252 ὅρους
741 1163 844 1236 Σιῶν.
886 1161 904 1235 ό
931 1171 1024 1255 ζῆλος

58 1275 178 1356 κυρίου
195 1264 350 1355 Σαβαῶθ
367 1265 498 1354 ποιησει
516 1263 649 1337 ταῦτα.”

136 1374 206 1439 138.
241 1367 325 1450 Τοὺς
343 1366 415 1438 κατ’
438 1367 578 1458 έκλογῆν
592 1367 722 1458 χάριτος
740 1370 1024 1456 καταλειφθέντας

59 1474 96 1540 ἐκ
118 1473 178 1541 τοῦ
199 1465 372 1541 Ἰουδαίων
403 1476 526 1551 ἔθνους
557 1466 704 1558 φυῆσειν
734 1474 828 1557 ῥίζαν
850 1467 938 1539 κάτω
969 1472 1025 1538 καὶ

58 1569 211 1662 ποιήσειν
236 1572 367 1661 σπέρμα
395 1567 466 1642 ἀνω
492 1568 712 1660 προφητεύει,
744 1572 934 1659 σαφέστατα
964 1569 1025 1659 τῆν

22 1697 46 1737 2⁵
60 1679 127 1745 τῶν
144 1671 338 1744 ἀποστόλων
356 1675 412 1743 καὶ
430 1675 593 1763 μαθητῶν
605 1676 665 1744 τοῦ
683 1677 831 1763 σωτῆρος
854 1667 949 1761 ῆμῶν
974 1675 1025 1743 ἐκ·

58 1775 162 1865 λογῆν
185 1772 356 1867 παριστάς.
398 1766 490 1846 οὗτοι
520 1772 583 1863 γάρ
607 1771 672 1845 ἀπό
692 1777 760 1846 τῶν
789 1777 824 1845 έκ
848 1781 1025 1863 περιτομῆς

58 1878 338 1967 καταλειφθέντες
361 1876 449 1948 κάτω
472 1876 535 1967 μέν
561 1883 608 1958 εἰς
635 1879 698 1966 γῆν
721 1875 779 1960 τὰς
797 1881 887 1968 ῥίζας
901 1880 959 1963 τῆς
973 1882 1026 1945 δι-

60 1986 240 2062 δασκαλίας
254 1974 366 2050 αὐτῶν
384 1979 606 2067 κατέβαλλον,
632 1973 676 2060 ῶς
694 1982 881 2068 ἐμπαγῆναι
900 1979 955 2047 καὶ
974 1982 1054 2066 ῥι-ο

59 2084 157 2164 ζῶσαι
176 2079 255 2151 καθ’
277 2079 356 2168 όλης
373 2086 431 2170 τῆς
448 2082 645 2169 οἰκουμένης
663 2078 724 2169 τῆν
739 2079 881 2168 διδαχὴν
901 2076 1025 2167 αὐτῶν,

11 2181 47 2242 ἰθ
61 2179 131 2253 ἀνω
152 2182 188 2251 δέ
205 2180 241 2252 τό
260 2185 390 2270 σπέρμα
408 2184 464 2252 καὶ
481 2179 540 2252 τόν
558 2178 687 2269 καρπόν
704 2184 869 2270 φέρεσθαι
893 2188 940 2261 είς
969 2180 1026 2261 τὰς

61 2287 282 2374 ε’πουρανίους
297 2287 494 2371 ἐπαγγελίας
515 2280 810 2371 παρεκελεύσαντο.
846 2287 915 2350 139.
936 2287 971 2352 οί
991 2279 1021 2350 δ’

61 2381 156 2456 αὐτοὶ
174 2373 265 2454 ούτοι
291 2387 327 2453 ἐκ
344 2387 404 2454 τού
419 2381 594 2455 Ἰουδαίων
617 2391 741 2464 έθνονς
771 2385 1026 2472 καταλελειμμέ-

60 2516 130 2576 νοι,
148 2490 215 2557 τῶν
239 2488 367 2556 λοιπῶν
384 2483 643 2573 ἀπολλυμένων,
661 2481 757 2574 μόνοι
775 2481 953 2572 σωζόμενοι
971 2486 1026 2552 λέ-

59 2618 183 2678 γονται.
221 2591 324 2658 ταῦτα
351 2588 387 2657 δέ
411 2584 520 2658 πάντα
544 2581 561 2657 ό
586 2591 679 2676 ζῆλος
711 2593 831 2676 κυρίου
859 2588 1022 2673 ἐποίησεν.

21 2710 47 2749 2⁵
62 2699 108 2772 είς
125 2688 189 2780 γάρ
207 2689 244 2760 τὸ
268 2692 503 2779 παραζηλῶσαι
526 2685 604 2770 τούς
628 2686 760 2776 ἀσεβεῖς
783 2690 850 2758 τῶν
876 2690 912 2757 ἐκ
935 2715 1025 2776 περι-

60 2797 161 2880 τομῆς
191 2789 405 2881 ἐκλεξάμενος
431 2789 449 2860 ὁ
483 2796 577 2879 ζῆλος
612 2797 732 2877 κυρίου
768 2788 906 2871 τούτους
940 2816 1026 2878 παρ-

62 2890 225 2981 εζῆλωσεν
244 2896 404 2981 έκείνους,
423 2890 506 2963 κατά
529 2891 566 2963 τὸ
584 2890 675 2981 παρά
703 2901 826 2962 Μωσεῑ
846 2889 1026 2981 λεγόμενον

56 2990 75 3021 “
85 2990 180 3065 αὐτοὶ
198 2991 437 3082 παρεζῆλωσάν
454 3023 496 3082 με
515 2988 568 3064 ἐπ’
588 2989 628 3063 ού
652 2995 741 3086 θεῶ,
766 2991 857 3081 κάγῶ
880 3001 1026 3081 παραζη-

60 3094 157 3166 λῶσω
165 3091 288 3176 αύτούς
309 3091 362 3166 ἐπ’
382 3092 444 3166 οὐκ
462 3102 570 3183 ἔθνει,
589 3092 643 3164 ἐπ’
666 3102 760 3166 ἔθνει
778 3090 928 3186 ἀσυνέτῳ
943 3122 1025 3176 παρ·

22 3229 48 3269 εο
62 3201 164 3290 οργιῶ
181 3192 329 3279 αύτούς.”

59 3349 262 3358 ——m

130 3435 144 3483 7
164 3433 210 3482 Es.
225 3434 266 3498 37,
280 3434 320 3486 31.
425 3432 458 3482 28
476 3432 558 3484 Deut.
571 3431 614 3495 32,
627 3431 669 3482 21.
