2326 3818
155 114 196 177 τι)
558 113 708 166 ωυεεοιι

154 260 340 342 κατηρτίσω
380 283 444 342 μοι.
503 251 761 343 ὁλοκαυτώματα
803 256 858 324 καὶ
896 255 973 343 περὶ
1014 248 1126 345 ἆμαρα

153 364 224 437 τίας
260 350 322 424 οῦκ
351 351 551 445 ηῦδόκησας.
604 353 678 426 τότε
701 356 814 443 εἶπον,
851 354 928 426 ίδοῦ
962 350 1050 445 ήκω,
1085 362 1126 429 ἐν

154 462 310 545 κεφαλίδι
327 464 461 545 βιβλίον
484 459 666 547 γέγραπται
686 460 762 546 περὶ
786 460 878 547 ἐμοῦ,
891 462 950 528 τοῦ
973 461 1125 549 ποιήσαι,

152 558 170 628 ὁ
196 556 354 646 θεός,τὸ
383 558 515 648 θέλημά
541 581 604 630 σου
628 555 848 648 ἐβουλήθην.”
890 562 948 629 καὶ
979 563 1126 648 ἐπιλέγει

101 687 140 740 με]
154 656 445 750 “εῦηγγελισοὶμην
463 659 683 750 δικαιοσύνην
699 665 736 731 ἐν
754 667 913 754 ἐκκλησίᾳ
930 658 1089 752 μεγάλη.”
1155 702 1163 727 ε

229 769 280 833 28.
300 761 478 849 ’Ἁντικρυς
502 761 576 831 ιἰντλ
595 766 663 833 τῶν
686 761 788 833 πάλαι
811 766 946 833 θυσιοῦν
969 766 1025 833 καὶ
1048 762 1124 836 ὁλο-

155 863 383 953 καυτωμότων
401 862 463 951 τήν
487 873 651 951 ἐνσαρκον
674 870 734 935 τοῦ
762 869 907 954 Χριστοῦ
932 875 1125 954 παρουσίαν

101 982 141 1033 (39)
157 968 212 1035 καὶ
230 965 266 1035 τὸ
285 966 508 1056 καταρτισθέν
533 962 637 1036 αὐτοῦ
664 971 759 1056 σω“μα
782 969 1051 1057 προσενηνέχθαι
1076 976 1124 1063 τῷ

153 1072 224 1159 θεῷ
249 1067 402 1155 διδάξας,
434 1066 531 1138 τοῦτό
564 1095 600 1137 τε
629 1065 712 1138 αῦτδ
747 1073 787 1159 τῇ
823 1064 928 1138 αῦτοῦ
964 1072 1124 1164 ἐκκλησίᾳ

155 1163 416 1257 εὐαγγελίζεται,
443 1165 487 1250 ως
514 1165 557 1240 διν
581 1172 666 1258 μέγα
689 1167 873 1258 μιιστήριον
898 1174 933 1240 ἐν
964 1177 1148 1260 κεφαλίδιι

154 1277 288 1358 βιβλίου
310 1277 351 1362 τῇ
375 1275 565 1363 προφητική
601 1275 700 1362 φωνῇ
735 1275 1123 1362 προαναπεφωνημέυον.

153 1369 273 1443 τοῦτον
293 1378 374 1463 δῆτα
392 1379 452 1444 τοῦ
470 1371 620 1463 θύματος
638 1372 700 1464 τήν
723 1371 858 1463 μνήμην
884 1376 937 1443 ἐπὶ
960 1379 1123 1464 τραπέζης

154 1478 301 1547 ἐκτελεῖν
327 1476 382 1546 διὰ
407 1474 588 1565 συμβόλων
612 1480 672 1546 τοῦ
697 1503 733 1547 τε
763 1473 912 1563 σώματος
936 1475 1041 1546 αῦτοῦ
1065 1480 1123 1547 καὶ

152 1581 212 1646 τοῦ
232 1586 398 1664 σωτηρίου
417 1584 553 1666 αἵματος
571 1575 654 1646 κατὰ
667 1576 816 1666 θεσμοῦς
836 1581 893 1667 τῆς
911 1582 1028 1667 καινῆς
1047 1585 1124 1647 δια-

153 1675 262 1764 θήκης
281 1676 533 1767 παρειληφότες,
556 1678 657 1748 πόλιν
681 1677 748 1747 ὑπὸ
771 1683 829 1748 τοῦ
854 1677 1027 1768 προφήτου
1046 1693 1147 1750 Δα-ι

154 1781 213 1867 βίδ
245 1776 476 1867 παιδευόμεθα
506 1783 616 1868 λέγειν
642 1775 849 1868 “ήτοίμασας
883 1780 1026 1851 ἐνώπιόν
1055 1810 1123 1870 μου

153 1880 335 1968 τράπεζαν,
356 1884 388 1963 ἐξ
407 1884 559 1962 ἐναντίας
576 1887 644 1951 τῶν
666 1880 858 1970 θλιβόντων
881 1901 936 1970 με·
963 1886 1124 1965 ἐλίπανας

129 1987 195 2053 οέν
215 1987 313 2074 ἐλαίῳ
331 1981 393 2069 τήν
411 1981 560 2070 κεφαλήν
575 2011 651 2071 μου,
670 1986 726 2053 καὶ
745 1983 781 2053 τὸ
800 1981 959 2073 ποτήριόν
977 2007 1039 2054 σον
1063 2014 1121 2073 με·

155 2082 287 2154 δόσκον
304 2112 345 2171 με
364 2077 408 2163 τός
426 2080 633 2172 κρότιστον.”
917 2080 924 2089 ’

232 2186 287 2256 29.
307 2183 506 2275 Διαρρήδην
523 2190 608 2276 γοῦν
627 2189 664 2257 ἐν
681 2184 811 2267 τούτοις
830 2186 940 2256 καὶτὸ
958 2184 1122 2276 μυστικόν
1134 2217 1162 2258 ω

156 2294 352 2378 σημαίνεται
369 2305 504 2379 χρῖσμα,
523 2291 579 2359 καὶ
597 2286 637 2358 τοὶ
655 2287 760 2379 σεμνὰ
784 2291 842 2377 τῆς
868 2294 1014 2378 Χριστοῦ
1040 2318 1122 2378 τρα-

155 2395 251 2480 πέζης
269 2389 422 2481 θῦματα,
448 2388 493 2462 δι’
521 2382 569 2463 ιῦν
593 2396 846 2481 καλλιεροῦντες
869 2390 927 2471 τὰς
959 2385 1122 2479 ιἰναίμους

155 2498 210 2564 καὶ
235 2495 370 2584 λογικὰς
394 2491 484 2588 αὐτῷ
507 2524 542 2566 τε
566 2509 745 2584 προσηνεῖς
769 2498 893 2574 θυσίας
920 2491 974 2560 διὰ
998 2490 1123 2573 παντός

155 2602 233 2682 βίον
251 2603 297 2688 τῷ
325 2599 379 2665 ἐπὶ
397 2594 534 2666 πόντων
548 2598 751 2684 προσφέρειν
775 2596 847 2685 θεῷ
873 2592 927 2662 διὰ
950 2597 1010 2663 τοῦ
1035 2591 1119 2663 πόν-

154 2723 222 2764 των
234 2691 405 2765 όινωτότου
418 2693 597 2784 ἀρχιερέως
604 2692 954 2784 αῦτοῦδεδιδόγμεθα.
965 2699 1121 2766 30.τοῦτο
1135 2722 1162 2762 ω

156 2795 193 2864 δὲ
221 2793 302 2865 αὐτὸ
326 2793 417 2865 καὶὸ
442 2799 544 2885 μέγας
568 2793 740 2885 προφήτης
757 2793 895 2883 Ἡσαΐας
921 2803 1122 2886 θαυμασίως

155 2899 200 2988 τῷ
225 2904 310 2989 θείῳ
334 2896 498 2985 πνεύματι
523 2899 675 2987 προέγνω
699 2899 814 2967 τεκαὶ
846 2895 1120 2987 προανεφόνησε.

131 3000 246 3087 ελέγει
270 2996 300 3067 δ’
328 2989 391 3069 οῦν
415 2988 482 3069 οἶδε
514 3000 570 3069 καί
600 2994 698 3080 αῦτὸς
737 2995 861 3090 “κῦριε
895 2998 913 3068 ὁ
942 2997 1022 3082 θεός
1043 3029 1121 3090 μου,

157 3099 285 3184 δοξάσω
304 3121 352 3188 σε,
370 3095 510 3189 ῦμνήσω
526 3098 563 3170 τὸ
575 3097 681 3190 όνομό
698 3122 772 3190 σου,
791 3099 842 3170 ὅτι
861 3104 1017 3190 ἐποίησας
1034 3113 1122 3172 θαυ·

83 3278 87 3288 ,
155 3201 262 3288 μαστῦ
286 3200 472 3293 πράγματα.
514 3207 566 3273 31.
593 3206 649 3273 καὶ
671 3211 747 3275 τίνα
778 3207 881 3273 ταῦτα
912 3199 956 3284 (ῦς
982 3203 1120 3293 ἀληθῶς
1134 3231 1161 3271 σο

155 3349 358 3360 ——-—.--..—-

225 3433 256 3481 16
274 3434 319 3486 Ps.
338 3437 379 3496 22,
399 3436 423 3487 5.
525 3438 558 3487 28
575 3437 623 3490 Εε.
643 3438 685 3500 25,
706 3439 729 3487 1.
