2326 3818
366 149 550 201 DEMONST.
568 149 702 202 EVANG.
720 150 768 199 IX.
784 151 813 202 ’4,
1000 148 1063 211 575

93 290 154 379 τὴν
169 285 383 420 Ἰερουσαλὴμ
402 283 480 357 “nal
504 285 760 375 ἐξαναστησεται
783 285 932 358 ἀπώλεια
958 293 993 358 ἐν
1016 293 1090 382 τρῖο

94 395 163 484 λαῷ
187 412 248 460 σου
256 444 265 478 ,
291 393 347 459 καὶ
370 387 479 459 πάντα
501 386 542 458 τά
561 392 862 478 περιτετειχισμέυα
888 411 949 459 σου
973 360 1062 479 0666-

94 490 208 562 σεταιῖ
212 488 281 561 ’.7
303 485 398 561 καλ”
376 517 518 582 απερ,φ
493 485 642 579 φησὶν,
627 518 645 559 ο
663 488 831 559 τοιόσδε”
810 520 923 580 αρχων
940 494 1062 561 πέπον·

92 606 157 664 θεν
175 591 257 662 κατά
274 591 332 663 τὸν
352 590 537 662 ἐπελθόντα
555 588 648 686 αὐτῷ
666 589 812 680 πόλεμον
837 593 915 662 ἐν
893 622 918 660 ω
936 597 1062 714 μητέρα

66 697 203 765 ε’ἐπλ
165 722 292 775 τεκνοις
310 691 499 783 ἠδάφισαν,
523 692 564 762 τά
586 662 801 784 πάραπλησια
825 691 916 764 καλ
898 710 980 781 υμῖν
999 693 1062 762 αὐ-

91 813 160 877 τοῖς
184 794 311 884 ποιήσω
337 793 392 865 διά
415 794 472 877 τὰς
497 803 614 875 κακίας
637 789 743 883 ὑμῶν
779 789 860 884 ὑμῖν
880 796 917 865 δε
934 791 1061 882 τίσινῆ

91 914 160 978 τοῖς
178 895 415 986 καλουμένοις’
414 904 638 1017 Ισραηλίταις,
656 904 690 966 ολ
705 924 761 965 και
751 895 980 989 ἀπερρίφητε
998 893 1062 966 σόν

24 1035 28 1039 ·
92 1028 137 1093 τῳ
126 998 416 1122 flammam,
435 995 494 1068 τόν
506 995 661 1086 Ηροίθην
685 997 931 1088 αἰνιττόμενος;
956 1004 984 1068 8.
1005 1000 1060 1067 καί

91 1100 196 1170 ταύτά
227 1130 265 1189 γε
302 1099 409 1171 πάντα
446 1096 656 1184 πεπόνθατε,
689 1094 797 1169 “θιότι
826 1098 925 1183 παίς”
955 1101 1062 1222 φησίν

54 1230 78 1269 10
87 1200 258 1290 “Ἰσραὴλ,
278 1203 333 1270 καλ
353 1197 452 1288 ἐγοό’
433 1198 590 1290 ηγάπησα
608 1197 727 1287 αὐτὸν,
751 1202 807 1270 καλ
834 1205 867 1283 ἐξ
886 1201 1061 1290 Αιγυπτον
1079 1244 1090 1272 e

93 1301 232 1372 ἐκάλεσα
256 1301 315 1371 τὸν
337 1300 413 1373 νίόν
435 1298 552 1391 μον.”’
577 1306 647 1382 πῶς
670 1298 733 1389 γάρ
757 1298 832 1372 οἷόν
856 1330 892 1372 τε
918 1300 999 1371 κατά
1025 1302 1090 1372 τὸ’

91 1400 171 1472 αὐτό
198 1419 266 1482 τοῖς
290 1400 404 1483 αὐτοῖς
430 1404 676 1492 ἐπιμέμφεσθαι
699 1405 754 1471 καὶ
778 1401 879 1473 πόλιν
903 1402 980 1484 τοὺς
999 1401 1060 1471 αὐ-

91 1502 167 1585 τούς
187 1507 355 1590 ἐπαινοίη
382 1502 456 1573 ἀλλ’
479 1495 520 1592 ἦν
538 1499 556 1572 6
575 1501 704 1592 ἀληθὴς
732 1507 811 1584 νοός
820 1503 965 1636 ταύτην
975 1511 1060 1593 ἔχων

91 1604 152 1694 τὴν
169 1611 328 1694 θεωρίαν
359 1603 490 1695 Ἰσραὴλ
508 1604 570 1693 γάρ
579 1602 757 1727 όΧριστός
776 1608 831 1674 καὶ
846 1605 925 1676 καθ’
948 1608 1060 1695 ετέρας
1075 1634 1127 1687 [ιω]

53 1732 77 1772 15
91 1703 311 1829 ἀνηγόρευται
329 1715 549 1798 προφητείας,
568 1704 680 1829 ὥσπερ
699 1696 760 1776 οὖν
778 1710 834 1776 καὶ
853 1711 892 1777 ἐπ
895 1710 963 1776 λ
869 1735 981 1796 της
1000 1735 1060 1776 πα-

91 1807 226 1899 ρούσης.
264 1814 293 1877 9.
315 1806 430 1932 ἐπειόὴ
448 1817 566 1878 τοίνυν
578 1835 695 1896 ουτος,
705 1805 859 1897 φησὶν,“
841 1806 987 1897 υπήκοός
1005 1839 1060 1897 μοι

91 1910 270 2000 γενόμενος
293 1909 427 2001 μορφὴν
453 1909 631 1980 δούλουί
602 1919 735 1998 εἴληφε,
765 1914 821 1980 καλ
846 1913 963 1998 γέγονε
982 1937 1061 1979 παι-

92 2009 355 2108 θίονάγαπητόν
374 2014 461 2100 ἐμοὶ,
481 2010 643 2081 πᾶσαν
609 2040 670 2099 την
689 2009 771 2101 ἐμὴν
790 2015 960 2092 ἐκτελέσας
979 2019 1062 2100 βον-

91 2112 170 2201 λὴν,
197 2111 252 2180 ὃιά
269 2119 368 2182 τοῦτο
392 2111 496 2182 αὐτόν
513 2114 575 2200 μὲν
592 2111 656 2182 ἀπὸ
674 2117 733 2200 τῆς
752 2113 927 2201 Αἰγύπτου
955 2121 1001 2195 είς
1019 2110 1089 2202 ἣνο

53 2239 77 2277 νο
93 2211 357 2303 ἐνανθρωπήσας
381 2211 626 2301 κατεληλνθεν,
653 2212 742 2283 οὕτω
768 2217 976 2302 θηλονμίνον
1000 2221 1060 2283 τοῦ

91 2320 263 2400 περιγείου
281 2310 402 2400 τόπου,
420 2310 440 2400 6
460 2316 514 2381 καί
535 2317 567 2395 ἐξ
586 2311 686 2402 αὐτῆς
704 2320 762 2401 τῆς
780 2322 978 2404 προχείρου,
1006 2311 1060 2383 οἷα

90 2414 229 2502 γνήσιον
248 2417 303 2483 καλ
321 2412 492 2503 ἀγαπητόν
509 2412 586 2485 νίὸν
610 2413 877 2504 ἀνεκαλεσάμην·
903 2414 989 2503 ὑμᾶς
1009 2416 1057 2503 δὲ,

91 2515 169 2598 τούς
188 2512 269 2605 πρός
287 2511 345 2598 069
362 2519 379 2586 6
399 2514 512 2604 λόγος,
531 2515 596 2586 σόν
614 2518 668 2585 καὶ
687 2519 728 2606 τῇ
745 2511 887 2608 ὑμετέρᾳ
905 2525 1059 2608 βασιλεία

91 2616 231 2707 όλεθρος
249 2621 306 2688 καλ
323 2614 472 2688 ἀπώλεια
490 2619 729 2707 παραλήψεται,
769 2623 818 2688 10,
838 2625 941 2687 ταῦτα
960 2619 1020 2708 μὲν
1039 2616 1059 2705 6

54 2756 78 2796 τε
92 2727 293 2812 προφητεία
321 2719 492 2809 πρόδηλον
511 2721 548 2790 δὲ
565 2718 654 2800 ὅπως
672 2716 736 2790 ἀπὸ
751 2724 818 2789 των
835 2725 895 2790 τοῦ
913 2726 1059 2810 σωτῆρος

92 2817 186 2912 ἡμῶν
204 2820 336 2913 χρόνων
353 2829 631 2911 πολιορκηθείσης
648 2824 705 2910 τῆς
718 2819 932 2910 Ἰερουσαλὴμ
951 2835 1060 2911 καθη-

92 2936 177 3014 ρέθη
196 2926 250 2993 καὶ
269 2930 316 3004 είς
333 2923 369 2993 τὸ
388 2924 546 3006 παντελὲς
563 2921 733 3013 ἀπερρίφη
757 2921 777 3010 6
795 2925 889 3014 μέχρι
907 2921 980 2993 τότε
999 2945 1060 2992 συψ

93 3033 197 3096 στᾶσα
221 3030 282 3095 τοῦ
299 3021 471 3096 Ἰουδαίων
495 3033 617 3105 ἔθνους
637 3023 820 3112 αὐτονομία
837 3053 873 3093 τε
891 3027 947 3093 καὶ
965 3021 1057 3110 ἀρχή.

93 3133 143 3197 11.
163 3124 250 3216 πλην
268 3124 351 3196 ἀλλά
369 3135 480 3218 τρίτον
499 3123 563 3215 666
581 3125 620 3196 τά
639 3127 716 3216 περὶ
735 3130 792 3213 τῆς
812 3124 984 3212 Αἰγύπτου
1004 3125 1058 3191 καὶ

53 3263 78 3302 οο
92 3233 148 3316 τῆς
168 3227 288 3298 αὐτόθι
306 3226 450 3320 ἀφίξεως
468 3227 572 3298 αὐτοῦ
589 3224 867 3318 πεπροφητευται.
908 3232 939 3295 εί
955 3226 995 3294 δέ
1010 3253 1058 3305 τις

93 3327 175 3401 αὐτοὶ
198 3335 358 3420 μηδαμῶς
383 3329 578 3420 ἐφαρμόζειν
610 3332 663 3400 ἐπὶ
692 3321 751 3400 τόν
779 3323 939 3416 ἡμέτερον
969 3327 1059 3412 λέγοι

93 3435 236 3523 σωτῆρα,
255 3429 340 3502 ἀλλά
357 3460 395 3521 γε
413 3436 470 3521 τῆς
483 3438 543 3502 τοῦ
557 3439 740 3502 Ματθαίου
759 3433 976 3522 παραθέσεως
995 3426 1058 3495 ἀπὸ
