2326 3818
330 111 515 162 DEMONST.
532 110 666 163 EVANG.
681 112 759 162 VIII.
775 114 797 161 1.
812 113 837 160 2.
991 108 1054 173 513

87 259 134 321 79.
155 250 256 320 πόλιν
274 248 344 339 γαρ
356 247 455 330 αὐτὸς
472 248 512 318 τοὶ
531 248 682 338 σύμβολα
699 243 761 336 ιτής
782 252 902 320 ἐνθέου
921 259 1052 322 οίκονο-

84 362 161 443 μίας
178 369 247 432 τοῖς
266 348 371 422 αὑτοῦ
388 357 574 440 παρεδίδου
592 362 770 439 μαθηταῖς,
790 350 852 438 τήν
867 351 980 423 είκόνα
996 358 1055 423 τοῦ

86 461 176 524 ίδίον
190 452 340 543 σιόματος
353 466 527 524 ποιεῖσθαι
541 449 858 541 παρακελευόμενος,
879 459 928 522 80.
941 453 1055 542 ἐπειδή

85 553 147 646 γὰρ
166 551 276 625 οῦκέτι
300 553 358 637 τδς
384 553 430 624 δι’
459 553 609 644 αἱμάτων
625 562 767 640 θυσίας,
793 550 873 624 οῦδε
891 553 948 635 τὰς
967 555 1056 644 παρὰ
1094 635 1096 639 y

60 685 72 723 5
91 668 211 730 Μωσει.
225 660 260 725 ἐν
280 655 453 746 διαφόρων
471 654 563 749 ζςόων
585 672 730 744 σφαγαῖς
748 659 1056 745 νενομοθετημένας

86 767 252 848 προσίετο,
272 755 361 850 ἄρτῳ
381 759 418 828 δὲ
431 762 578 849 χρῆσθαι
589 756 747 848 συμβόλῳ
761 761 820 826 τοῦ
839 756 1055 847 ίδίονσοόμα-

85 889 141 941 τος
160 866 357 949 παρεδίδου,
378 860 513 941 είκότως
525 863 562 929 τὸ
577 855 729 948 λαμπρόν
743 860 798 927 καὶ
813 857 965 947 καθαρόν
982 855 1058 949 ήνίῖ

87 966 164 1045 ξατο
181 968 239 1050 τής
256 965 393 1053 τροφῆς,
414 959 517 1033 είπῦν
531 963 585 1030 καὶ
597 959 734 1030 “λευκοί
753 964 788 1030 οί
799 958 936 1042 ὀδόντες
955 957 1058 1030 αὐτοῦ

86 1060 248 1152 ήγοίλα.”
285 1065 406 1134 τούτου
432 1066 487 1132 καί
515 1061 613 1144 ἄλλος
640 1060 868 1150 ἐμνημόνευσε
886 1061 1058 1152 προφήτης

51 1193 75 1232 ιο
88 1163 197 1254 φήσας
211 1160 362 1235 “θυσίαν
380 1167 435 1234 καὶ
454 1162 652 1254 προσφορὰν
670 1161 732 1232 οὐκ
750 1161 937 1252 ήθέλησας,
965 1169 1059 1252 σῶμα

88 1267 125 1334 δὲ
143 1273 329 1356 κατηρτίσω
349 1262 440 1355 μοι,”
477 1271 527 1335 81.
548 1261 632 1334 ιἰλλδι
649 1271 754 1334 ταῦτα
780 1273 934 1347 πλείονος
953 1264 1058 1353 βασα-

88 1395 150 1436 νον
170 1365 313 1456 δεόμενα
331 1370 388 1437 καὶ
401 1370 605 1457 μακροτέρας
620 1369 795 1455 ἑρμηνείας
811 1369 866 1435 ἐπὶ
880 1371 998 1455 σχολῆς
1017 1365 1060 1435 ἄν

88 1497 136 1548 τις
154 1474 365 1557 βασανίσειε,
382 1475 449 1539 ’τοῦ
467 1466 631 1558 παρόντος
649 1470 769 1556 καιροῦ
785 1472 931 1538 τοσαῦτα
951 1475 1059 1538 εἰπεῖν

88 1566 332 1657 ἀπαντήσαντος
352 1577 398 1650 είς
416 1567 453 1640 τό
472 1575 681 1658 παραστῆσαι
700 1567 861 1658 μετὰτῶν
874 1567 985 1642 ἄλλων
1003 1573 1059 1638 καὶ
1072 1595 1128 1646 (εει)

51 1698 75 1738 ιε
88 1668 166 1751 τοῦς
184 1670 327 1760 χρόνους
345 1677 402 1760 τῆς
420 1676 479 1743 τοῦ
497 1677 646 1760 σωτήρός
663 1668 757 1758 ήμῶν
771 1678 956 1758 παρουσίας
974 1668 1059 1742 ἅνω-

88 1785 154 1843 θεν
176 1771 241 1844 ὑπό
268 1779 335 1844 τῶν
359 1767 529 1863 πρόπαλαι
553 1776 736 1863 προφητῶν
766 1775 996 1862 ἐγνωσμένους
1019 1777 1062 1862 τή

89 1884 171 1968 θεία
189 1879 305 1964 σαφοῦς
323 1873 578 1966 παραδεδόσθαι
596 1877 720 1963 γραφή.

417 2141 496 2215 Ἀπὸ
514 2149 576 2228 τοῦ
589 2145 730 2233 Δανιήλ.

167 2293 202 2353 11.
224 2273 314 2348 “Kaz
339 2285 386 2346 ἔτι
409 2308 475 2367 μου
499 2282 682 2360 λαλοῦντος
703 2282 758 2350 καὶ
777 2283 1060 2368 προσευχομένου,
1077 2311 1129 2363 [νοις

54 2406 79 2445 εο
94 2382 149 2449 καὶ
174 2377 428 2468 ἐξαγορεῦσντος
450 2376 507 2459 τὰς
531 2377 693 2470 ἁμαρτίας
716 2408 781 2468 μου
806 2380 937 2459 καὶτὰς
956 2375 1089 2467 ἁμαρ-ε

91 2489 162 2561 τίας
180 2485 242 2552 τοῦ
260 2485 342 2550 λαοῦ
360 2508 425 2569 μου
438 2477 586 2569 Ἰσραήλ,
606 2483 661 2550 καί
680 2486 875 2569 ῥιπτοῦντος
892 2479 951 2548 τὸν
970 2478 1064 2549 ἔλεόν

91 2612 157 2673 μου
175 2591 288 2654 ἔναντι
306 2588 427 2668 κυρίου
452 2587 512 2652 τοῦ
529 2587 615 2652 θεοῦ
632 2611 697 2672 μου
714 2583 869 2670 περὶτοῦ
888 2578 986 2669 όρονς
1004 2587 1064 2650 τοῦ

93 2680 191 2774 ἁγίου
206 2691 265 2757 τοῦ
277 2686 364 2755 θεοῦ
376 2689 452 2773 μου,
466 2686 521 2752 καὶ
532 2692 579 2755 ἔτι
589 2712 655 2775 μου
668 2690 849 2763 λαλοῦντος
863 2686 899 2753 ἐν
910 2688 950 2771 τῇ
963 2707 1064 2771 προσ-

94 2792 186 2878 ενχή,
205 2789 262 2856 καὶ
282 2785 358 2856 ίδού
372 2783 389 2854 ὁ
403 2783 492 2874 ἀνήρ
507 2786 673 2878 Γαβριὴλ,
687 2781 727 2857 δν
741 2787 833 2856 εἶδον
848 2789 885 2855 έν
897 2789 938 2875 τή
951 2780 1064 2875 ὁράσει

55 2915 80 2956 ιε
95 2891 132 2957 ἐν
147 2917 189 2977 τη
204 2884 301 2977 ἀρχή,
319 2884 510 2976 πετόμενος,
529 2890 585 2957 καὶ
598 2885 784 2976 ήψατόμου
800 2886 878 2956 ὡσεὶ
892 2883 983 2975 ὥραν
1001 2900 1064 2958 θυ-

78 3028 79 3033 1
93 2998 167 3071 σίας
181 2992 370 3079 ἑσπερινής,
384 2991 440 3057 καί
446 2990 603 3060 συνέτισέ
606 3016 658 3079 με,
670 2991 726 3058 καὶ
742 2986 960 3077 ἐλάλησεμετ’
971 2994 1064 3077 ἐμοῦ,

94 3094 150 3161 καὶ
170 3092 260 3179 εἷπε,
281 3087 424 3177 Δανιὴλ,
448 3097 515 3160 νῦν
534 3093 675 3180 ἐξῆλθον
689 3090 895 3180 σνμβιβοίσαι
914 3112 951 3159 σε
969 3088 1094 3158 σύνει

95 3216 159 3265 σιν.
196 3198 224 3263 2.
247 3197 284 3263 ἐν
307 3189 391 3283 ἀρχή
416 3196 474 3279 τής
502 3189 646 3279 δεήσεως
664 3213 726 3262 σου
746 3194 886 3280 ἐξῆλθεν
913 3187 930 3259 ὁ
957 3189 1064 3277 λόγος,

165 3429 196 3477 ιο
214 3406 314 3488 Ρεζιο,
328 3427 353 3477 ε.
459 3427 489 3475 ιο
508 3424 581 3474 Dan.
596 3425 619 3487 9,
634 3425 675 3477 νο.

146 3525 285 3560 susumus
305 3526 352 3561 111.
847 3505 891 3568 32,
