<?xml version="1.0" encoding="UTF-8"?>
<!DOCTYPE html PUBLIC "-//W3C//DTD XHTML 1.0 Transitional//EN"
    "http://www.w3.org/TR/xhtml1/DTD/xhtml1-transitional.dtd">
<html xmlns="http://www.w3.org/1999/xhtml" xml:lang="en" lang="en">
 <head>
  <title>
</title>
<meta http-equiv="Content-Type" content="text/html;charset=utf-8" />
  <meta name='ocr-system' content='tesseract 3.04.00' />
  <meta name='ocr-capabilities' content='ocr_page ocr_carea ocr_par ocr_line ocrx_word'/>
</head>
<body>
  <div class='ocr_page' id='page_1' title='image "./eusebiicaesarie01dindgoog/eusebiicaesarie01dindgoog_0422.png"; bbox 0 0 2326 3818; ppageno 0'>
   <div class='ocr_carea' id='block_1_1' title="bbox 293 102 1026 166">
    <p class='ocr_par' dir='ltr' id='par_1_1' title="bbox 293 102 1026 166">
     <span class='ocr_line' id='line_1_1' title="bbox 293 102 1026 166; baseline 0.003 -11"><span class='ocrx_word' id='word_1_1' title='bbox 293 102 479 156; x_wconf 82' lang='lat' dir='ltr'><strong>DEMONST.</strong></span> <span class='ocrx_word' id='word_1_2' title='bbox 496 102 631 155; x_wconf 83' lang='lat' dir='ltr'><strong>EVANG.</strong></span> <span class='ocrx_word' id='word_1_3' title='bbox 650 105 698 155; x_wconf 89' lang='lat' dir='ltr'><strong><em>VI.</em></strong></span> <span class='ocrx_word' id='word_1_4' title='bbox 720 106 743 157; x_wconf 91' lang='lat'><strong><em>1.</em></strong></span> <span class='ocrx_word' id='word_1_5' title='bbox 763 107 788 154; x_wconf 79' lang='lat'><strong><em>2.</em></strong></span> <span class='ocrx_word' id='word_1_6' title='bbox 964 102 1026 166; x_wconf 79' lang='lat'><strong><em>353</em></strong></span> 
     </span>
    </p>
   </div>
   <div class='ocr_carea' id='block_1_2' title="bbox 14 236 1098 3275">
    <p class='ocr_par' dir='ltr' id='par_1_2' title="bbox 31 236 1056 1144">
     <span class='ocr_line' id='line_1_2' title="bbox 55 236 1026 335; baseline -0.005 -18"><span class='ocrx_word' id='word_1_7' title='bbox 55 241 186 335; x_wconf 74' lang='grc' dir='ltr'><strong><em>δηλαδὴ</em></strong></span> <span class='ocrx_word' id='word_1_8' title='bbox 202 260 271 325; x_wconf 77' lang='grc' dir='ltr'><strong><em>τοῖς</em></strong></span> <span class='ocrx_word' id='word_1_9' title='bbox 288 245 393 313; x_wconf 89' lang='grc' dir='ltr'><strong><em>ταῦτα</em></strong></span> <span class='ocrx_word' id='word_1_10' title='bbox 405 239 691 333; x_wconf 79' lang='grc' dir='ltr'><em>προφητεύουσιν·</em></span> <span class='ocrx_word' id='word_1_11' title='bbox 719 236 739 311; x_wconf 83' lang='grc' dir='ltr'><strong><em>ό</em></strong></span> <span class='ocrx_word' id='word_1_12' title='bbox 755 243 811 312; x_wconf 84' lang='grc' dir='ltr'><strong><em>καὶ</em></strong></span> <span class='ocrx_word' id='word_1_13' title='bbox 826 250 917 313; x_wconf 83' lang='grc' dir='ltr'><strong><em>ἔστιν</em></strong></span> <span class='ocrx_word' id='word_1_14' title='bbox 932 247 1026 333; x_wconf 82' lang='grc' dir='ltr'><strong><em>ἐναρ-</em></strong></span> 
     </span>
     <span class='ocr_line' id='line_1_3' title="bbox 55 339 1056 437; baseline -0.007 -20"><span class='ocrx_word' id='word_1_15' title='bbox 55 351 123 437; x_wconf 85' lang='grc' dir='ltr'><strong><em>γώς</em></strong></span> <span class='ocrx_word' id='word_1_16' title='bbox 143 351 229 416; x_wconf 81' lang='grc' dir='ltr'><strong><em>ίδείν</em></strong></span> <span class='ocrx_word' id='word_1_17' title='bbox 245 346 528 435; x_wconf 76' lang='grc' dir='ltr'><strong><em>πεπληρωμένον,</em></strong></span> <span class='ocrx_word' id='word_1_18' title='bbox 552 339 608 413; x_wconf 81' lang='grc' dir='ltr'><strong><em>ὅτε</em></strong></span> <span class='ocrx_word' id='word_1_19' title='bbox 625 341 734 413; x_wconf 91' lang='grc' dir='ltr'><strong><em>πάντα</em></strong></span> <span class='ocrx_word' id='word_1_20' title='bbox 757 342 797 412; x_wconf 86' lang='grc' dir='ltr'><strong><em>τά</em></strong></span> <span class='ocrx_word' id='word_1_21' title='bbox 816 351 863 425; x_wconf 91' lang='grc' dir='ltr'><strong><em>είς</em></strong></span> <span class='ocrx_word' id='word_1_22' title='bbox 882 346 1056 432; x_wconf 78' lang='grc' dir='ltr'><strong><em>Χριστὸνι</em></strong></span> 
     </span>
     <span class='ocr_line' id='line_1_4' title="bbox 56 443 1029 535; baseline -0.002 -17"><span class='ocrx_word' id='word_1_23' title='bbox 56 444 298 519; x_wconf 76' lang='grc' dir='ltr'><strong><em>πεπιστευκότα</em></strong></span> <span class='ocrx_word' id='word_1_24' title='bbox 315 453 402 534; x_wconf 79' lang='grc' dir='ltr'><strong><em>ἔθνη</em></strong></span> <span class='ocrx_word' id='word_1_25' title='bbox 419 461 488 527; x_wconf 85' lang='grc' dir='ltr'><strong><em>τοῖς</em></strong></span> <span class='ocrx_word' id='word_1_26' title='bbox 506 443 616 533; x_wconf 80' lang='grc' dir='ltr'><em>λόγοις</em></span> <span class='ocrx_word' id='word_1_27' title='bbox 631 447 698 514; x_wconf 83' lang='grc' dir='ltr'><strong><em>τών</em></strong></span> <span class='ocrx_word' id='word_1_28' title='bbox 711 449 893 535; x_wconf 85' lang='grc' dir='ltr'><strong><em>προφητών</em></strong></span> <span class='ocrx_word' id='word_1_29' title='bbox 906 444 1029 516; x_wconf 91' lang='grc' dir='ltr'><strong><em>ὑποτέ-</em></strong></span> 
     </span>
     <span class='ocr_line' id='line_1_5' title="bbox 56 542 1028 637; baseline -0.002 -17"><span class='ocrx_word' id='word_1_30' title='bbox 56 577 181 621; x_wconf 88' lang='grc' dir='ltr'><strong><em>τακται.</em></strong></span> <span class='ocrx_word' id='word_1_31' title='bbox 224 549 354 636; x_wconf 80' lang='grc' dir='ltr'><strong><em>λέγοιτο</em></strong></span> <span class='ocrx_word' id='word_1_32' title='bbox 379 544 410 616; x_wconf 87' lang='grc' dir='ltr'><strong><em>δ’</em></strong></span> <span class='ocrx_word' id='word_1_33' title='bbox 431 542 474 617; x_wconf 81' lang='grc' dir='ltr'><strong><em>άν</em></strong></span> <span class='ocrx_word' id='word_1_34' title='bbox 497 549 601 616; x_wconf 90' lang='grc' dir='ltr'><strong><em>ταῦτα</em></strong></span> <span class='ocrx_word' id='word_1_35' title='bbox 625 548 681 615; x_wconf 86' lang='grc' dir='ltr'><strong><em>καὶ</em></strong></span> <span class='ocrx_word' id='word_1_36' title='bbox 700 549 736 617; x_wconf 83' lang='grc' dir='ltr'><strong><em>ἐκ</em></strong></span> <span class='ocrx_word' id='word_1_37' title='bbox 760 544 942 637; x_wconf 76' lang='grc' dir='ltr'><strong><em>προσώπου</em></strong></span> <span class='ocrx_word' id='word_1_38' title='bbox 960 552 1028 618; x_wconf 82' lang='grc' dir='ltr'><strong><em>τών</em></strong></span> 
     </span>
     <span class='ocr_line' id='line_1_6' title="bbox 31 645 1028 738; baseline -0.006 -14"><span class='ocrx_word' id='word_1_39' title='bbox 31 647 255 724; x_wconf 75' lang='grc' dir='ltr'><strong><em>τάποστόλων</em></strong></span> <span class='ocrx_word' id='word_1_40' title='bbox 273 652 333 720; x_wconf 90' lang='grc' dir='ltr'><strong><em>τοῦ</em></strong></span> <span class='ocrx_word' id='word_1_41' title='bbox 351 654 498 738; x_wconf 75' lang='grc' dir='ltr'><strong><em>σωτῆρος</em></strong></span> <span class='ocrx_word' id='word_1_42' title='bbox 516 645 628 736; x_wconf 79' lang='grc' dir='ltr'><strong><em>ἡμῶν,</em></strong></span> <span class='ocrx_word' id='word_1_43' title='bbox 652 655 687 716; x_wconf 77' lang='grc' dir='ltr'><strong><em>οἳ</em></strong></span> <span class='ocrx_word' id='word_1_44' title='bbox 708 649 762 716; x_wconf 81' lang='grc' dir='ltr'><strong><em>καὶ</em></strong></span> <span class='ocrx_word' id='word_1_45' title='bbox 787 659 914 718; x_wconf 89' lang='grc' dir='ltr'><strong><em>είποιεν</em></strong></span> <span class='ocrx_word' id='word_1_46' title='bbox 932 645 974 718; x_wconf 85' lang='grc' dir='ltr'><strong><em>άν</em></strong></span> <span class='ocrx_word' id='word_1_47' title='bbox 992 650 1028 718; x_wconf 85' lang='grc' dir='ltr'><strong><em>τὸ</em></strong></span> 
     </span>
     <span class='ocr_line' id='line_1_7' title="bbox 54 746 1028 840; baseline 0 -20"><span class='ocrx_word' id='word_1_48' title='bbox 54 748 245 835; x_wconf 79' lang='grc' dir='ltr'><strong><em>“ἐξελέξατο</em></strong></span> <span class='ocrx_word' id='word_1_49' title='bbox 262 748 344 840; x_wconf 73' lang='grc' dir='ltr'><strong><em>ἡμῖν</em></strong></span> <span class='ocrx_word' id='word_1_50' title='bbox 361 747 422 837; x_wconf 76' lang='grc' dir='ltr'><strong><em>τὴν</em></strong></span> <span class='ocrx_word' id='word_1_51' title='bbox 436 757 662 839; x_wconf 78' lang='grc' dir='ltr'><strong><em>κληρονομίαν</em></strong></span> <span class='ocrx_word' id='word_1_52' title='bbox 677 746 826 819; x_wconf 82' lang='grc' dir='ltr'><strong><em>ἕαυτοῦ.”</em></strong></span> <span class='ocrx_word' id='word_1_53' title='bbox 860 755 890 820; x_wconf 90' lang='grc'><strong><em>4.</em></strong></span> <span class='ocrx_word' id='word_1_54' title='bbox 911 760 1028 839; x_wconf 88' lang='grc' dir='ltr'><strong><em>κληρο-</em></strong></span> 
     </span>
     <span class='ocr_line' id='line_1_8' title="bbox 56 845 1029 943; baseline -0.002 -20"><span class='ocrx_word' id='word_1_55' title='bbox 56 859 178 943; x_wconf 91' lang='grc' dir='ltr'><strong><em>υομίαυ</em></strong></span> <span class='ocrx_word' id='word_1_56' title='bbox 202 852 239 921; x_wconf 71' lang='grc' dir='ltr'><strong><em>δὲ</em></strong></span> <span class='ocrx_word' id='word_1_57' title='bbox 262 848 368 921; x_wconf 82' lang='grc' dir='ltr'><strong><em>αὑτοῦ</em></strong></span> <span class='ocrx_word' id='word_1_58' title='bbox 388 857 465 920; x_wconf 92' lang='grc' dir='ltr'><strong><em>τίνα</em></strong></span> <span class='ocrx_word' id='word_1_59' title='bbox 495 846 557 941; x_wconf 76' lang='grc' dir='ltr'><strong><em>χρὴ</em></strong></span> <span class='ocrx_word' id='word_1_60' title='bbox 581 866 675 921; x_wconf 83' lang='grc' dir='ltr'><strong><em>νοεῖν</em></strong></span> <span class='ocrx_word' id='word_1_61' title='bbox 692 845 712 938; x_wconf 78' lang='grc' dir='ltr'><strong><em>ἢ</em></strong></span> <span class='ocrx_word' id='word_1_62' title='bbox 730 848 792 938; x_wconf 80' lang='grc' dir='ltr'><strong><em>την</em></strong></span> <span class='ocrx_word' id='word_1_63' title='bbox 816 855 935 940; x_wconf 78' lang='grc' dir='ltr'><strong><em>κλῆσιν</em></strong></span> <span class='ocrx_word' id='word_1_64' title='bbox 962 856 1029 921; x_wconf 80' lang='grc' dir='ltr'><strong><em>τῶν</em></strong></span> 
     </span>
     <span class='ocr_line' id='line_1_9' title="bbox 58 946 1030 1043; baseline -0.003 -18"><span class='ocrx_word' id='word_1_65' title='bbox 58 957 170 1025; x_wconf 82' lang='grc' dir='ltr'><strong><em>ἐθυών</em></strong></span> <span class='ocrx_word' id='word_1_66' title='bbox 188 951 364 1040; x_wconf 82' lang='grc' dir='ltr'><strong><em>ἁπάντων,</em></strong></span> <span class='ocrx_word' id='word_1_67' title='bbox 383 946 426 1039; x_wconf 80' lang='grc' dir='ltr'><strong><em>ἢν</em></strong></span> <span class='ocrx_word' id='word_1_68' title='bbox 445 947 543 1033; x_wconf 86' lang='grc' dir='ltr'><strong><em>αῦτός</em></strong></span> <span class='ocrx_word' id='word_1_69' title='bbox 561 949 736 1041; x_wconf 86' lang='grc' dir='ltr'><strong><em>ὁΧριστὸς</em></strong></span> <span class='ocrx_word' id='word_1_70' title='bbox 754 956 812 1022; x_wconf 90' lang='grc' dir='ltr'><strong><em>τοῦ</em></strong></span> <span class='ocrx_word' id='word_1_71' title='bbox 830 957 916 1023; x_wconf 89' lang='grc' dir='ltr'><strong><em>θεοῦ</em></strong></span> <span class='ocrx_word' id='word_1_72' title='bbox 934 980 1030 1043; x_wconf 86' lang='grc' dir='ltr'><strong><em>παρι-</em></strong></span> 
     </span>
     <span class='ocr_line' id='line_1_10' title="bbox 56 1049 1030 1144; baseline -0.002 -19"><span class='ocrx_word' id='word_1_73' title='bbox 56 1052 134 1136; x_wconf 86' lang='grc' dir='ltr'><strong><em>στάς</em></strong></span> <span class='ocrx_word' id='word_1_74' title='bbox 149 1062 254 1144; x_wconf 82' lang='grc' dir='ltr'><strong><em>ἔφησε</em></strong></span> <span class='ocrx_word' id='word_1_75' title='bbox 267 1049 405 1144; x_wconf 79' lang='grc' dir='ltr'><strong><em>“κῦριος</em></strong></span> <span class='ocrx_word' id='word_1_76' title='bbox 420 1052 493 1121; x_wconf 77' lang='grc' dir='ltr'><strong><em>εἷπε</em></strong></span> <span class='ocrx_word' id='word_1_77' title='bbox 504 1051 588 1143; x_wconf 90' lang='grc' dir='ltr'><strong><em>πρός</em></strong></span> <span class='ocrx_word' id='word_1_78' title='bbox 605 1081 657 1142; x_wconf 87' lang='grc' dir='ltr'><strong><em>με,</em></strong></span> <span class='ocrx_word' id='word_1_79' title='bbox 676 1051 749 1134; x_wconf 84' lang='grc' dir='ltr'><strong><em>νίός</em></strong></span> <span class='ocrx_word' id='word_1_80' title='bbox 762 1083 827 1143; x_wconf 91' lang='grc' dir='ltr'><strong><em>μου</em></strong></span> <span class='ocrx_word' id='word_1_81' title='bbox 843 1053 875 1124; x_wconf 79' lang='grc' dir='ltr'><strong><em>εί</em></strong></span> <span class='ocrx_word' id='word_1_82' title='bbox 890 1052 946 1143; x_wconf 87' lang='grc' dir='ltr'><strong><em>σὺ,</em></strong></span> <span class='ocrx_word' id='word_1_83' title='bbox 966 1054 1030 1143; x_wconf 83' lang='grc' dir='ltr'><strong><em>ε’γώ</em></strong></span> 
     </span>
    </p>

    <p class='ocr_par' dir='ltr' id='par_1_3' title="bbox 17 1150 1098 1652">
     <span class='ocr_line' id='line_1_11' title="bbox 17 1150 1029 1246; baseline 0 -21"><span class='ocrx_word' id='word_1_84' title='bbox 17 1194 42 1232; x_wconf 73' lang='lat'><strong><em>10</em></strong></span> <span class='ocrx_word' id='word_1_85' title='bbox 56 1155 204 1246; x_wconf 79' lang='grc' dir='ltr'><strong><em>σήμερον</em></strong></span> <span class='ocrx_word' id='word_1_86' title='bbox 217 1151 403 1244; x_wconf 74' lang='grc' dir='ltr'><strong><em>γεγέννηκά</em></strong></span> <span class='ocrx_word' id='word_1_87' title='bbox 416 1173 469 1224; x_wconf 87' lang='grc' dir='ltr'><strong><em>σε·</em></strong></span> <span class='ocrx_word' id='word_1_88' title='bbox 497 1164 630 1242; x_wconf 85' lang='grc' dir='ltr'><strong><em>αίτησαι</em></strong></span> <span class='ocrx_word' id='word_1_89' title='bbox 647 1150 728 1241; x_wconf 87' lang='grc' dir='ltr'><strong><em>παρ’</em></strong></span> <span class='ocrx_word' id='word_1_90' title='bbox 750 1157 841 1244; x_wconf 77' lang='grc' dir='ltr'><strong><em>ἐμοῦ,</em></strong></span> <span class='ocrx_word' id='word_1_91' title='bbox 860 1157 916 1225; x_wconf 82' lang='grc' dir='ltr'><strong><em>καὶ</em></strong></span> <span class='ocrx_word' id='word_1_92' title='bbox 932 1154 1029 1225; x_wconf 91' lang='grc' dir='ltr'><strong><em>δώσω</em></strong></span> 
     </span>
     <span class='ocr_line' id='line_1_12' title="bbox 57 1254 1031 1346; baseline -0.001 -20"><span class='ocrx_word' id='word_1_93' title='bbox 57 1279 110 1327; x_wconf 93' lang='grc' dir='ltr'><strong><em>σοι</em></strong></span> <span class='ocrx_word' id='word_1_94' title='bbox 134 1264 219 1345; x_wconf 80' lang='grc' dir='ltr'><strong><em>ἔθνη</em></strong></span> <span class='ocrx_word' id='word_1_95' title='bbox 242 1255 304 1345; x_wconf 81' lang='grc' dir='ltr'><strong><em>τὴν</em></strong></span> <span class='ocrx_word' id='word_1_96' title='bbox 327 1262 552 1345; x_wconf 87' lang='grc' dir='ltr'><strong><em>κληρονομίαν</em></strong></span> <span class='ocrx_word' id='word_1_97' title='bbox 576 1281 638 1326; x_wconf 90' lang='grc' dir='ltr'><strong><em>σου</em></strong></span> <span class='ocrx_word' id='word_1_98' title='bbox 667 1257 722 1324; x_wconf 81' lang='grc' dir='ltr'><strong><em>καὶ</em></strong></span> <span class='ocrx_word' id='word_1_99' title='bbox 747 1254 808 1344; x_wconf 81' lang='grc' dir='ltr'><strong><em>την</em></strong></span> <span class='ocrx_word' id='word_1_100' title='bbox 831 1255 1031 1346; x_wconf 77' lang='grc' dir='ltr'><strong><em>κατάσχεσιν</em></strong></span> 
     </span>
     <span class='ocr_line' id='line_1_13' title="bbox 58 1347 1032 1446; baseline 0.001 -19"><span class='ocrx_word' id='word_1_101' title='bbox 58 1379 121 1428; x_wconf 94' lang='grc' dir='ltr'><strong><em>σου</em></strong></span> <span class='ocrx_word' id='word_1_102' title='bbox 138 1357 178 1428; x_wconf 85' lang='grc' dir='ltr'><strong><em>τά</em></strong></span> <span class='ocrx_word' id='word_1_103' title='bbox 195 1360 321 1446; x_wconf 81' lang='grc' dir='ltr'><strong><em>πέρατα</em></strong></span> <span class='ocrx_word' id='word_1_104' title='bbox 339 1359 398 1445; x_wconf 77' lang='grc' dir='ltr'><strong><em>τῆς</em></strong></span> <span class='ocrx_word' id='word_1_105' title='bbox 416 1353 511 1445; x_wconf 83' lang='grc' dir='ltr'><strong><em>γῆς,”</em></strong></span> <span class='ocrx_word' id='word_1_106' title='bbox 542 1363 571 1427; x_wconf 79' lang='grc'><strong><em>5.</em></strong></span> <span class='ocrx_word' id='word_1_107' title='bbox 587 1355 712 1445; x_wconf 81' lang='grc' dir='ltr'><strong><em>ταύτην</em></strong></span> <span class='ocrx_word' id='word_1_108' title='bbox 730 1347 792 1426; x_wconf 83' lang='grc' dir='ltr'><strong><em>οῦν</em></strong></span> <span class='ocrx_word' id='word_1_109' title='bbox 809 1356 870 1444; x_wconf 80' lang='grc' dir='ltr'><strong><em>τὴν</em></strong></span> <span class='ocrx_word' id='word_1_110' title='bbox 887 1353 953 1427; x_wconf 88' lang='grc' dir='ltr'><strong><em>ὑπὸ</em></strong></span> <span class='ocrx_word' id='word_1_111' title='bbox 972 1363 1032 1428; x_wconf 89' lang='grc' dir='ltr'><strong><em>τοῦ</em></strong></span> 
     </span>
     <span class='ocr_line' id='line_1_14' title="bbox 58 1453 1031 1552; baseline -0.001 -23"><span class='ocrx_word' id='word_1_112' title='bbox 58 1456 182 1548; x_wconf 87' lang='grc' dir='ltr'><strong><em>πατρός</em></strong></span> <span class='ocrx_word' id='word_1_113' title='bbox 208 1462 393 1548; x_wconf 75' lang='grc' dir='ltr'><strong><em>δεδομένην</em></strong></span> <span class='ocrx_word' id='word_1_114' title='bbox 416 1456 510 1552; x_wconf 73' lang='grc' dir='ltr'><strong><em>αὐτῷ</em></strong></span> <span class='ocrx_word' id='word_1_115' title='bbox 539 1465 764 1547; x_wconf 86' lang='grc' dir='ltr'><strong><em>κληρονομίαν</em></strong></span> <span class='ocrx_word' id='word_1_116' title='bbox 793 1453 936 1541; x_wconf 77' lang='grc' dir='ltr'><strong><em>ὑπέταξε</em></strong></span> <span class='ocrx_word' id='word_1_117' title='bbox 962 1477 1031 1540; x_wconf 74' lang='grc' dir='ltr'><strong><em>τοῖς</em></strong></span> 
     </span>
     <span class='ocr_line' id='line_1_15' title="bbox 58 1556 1098 1652; baseline -0.002 -22"><span class='ocrx_word' id='word_1_118' title='bbox 58 1556 254 1641; x_wconf 75' lang='grc' dir='ltr'><strong><em>ἀποστόλοις</em></strong></span> <span class='ocrx_word' id='word_1_119' title='bbox 272 1556 378 1630; x_wconf 82' lang='grc' dir='ltr'><strong><em>αὑτοῦ</em></strong></span> <span class='ocrx_word' id='word_1_120' title='bbox 394 1561 449 1629; x_wconf 83' lang='grc' dir='ltr'><strong><em>καὶ</em></strong></span> <span class='ocrx_word' id='word_1_121' title='bbox 467 1558 672 1648; x_wconf 81' lang='grc' dir='ltr'><strong><em>προφήταις,</em></strong></span> <span class='ocrx_word' id='word_1_122' title='bbox 699 1565 744 1652; x_wconf 73' lang='grc' dir='ltr'><strong><em>τῷ</em></strong></span> <span class='ocrx_word' id='word_1_123' title='bbox 762 1556 840 1640; x_wconf 85' lang='grc' dir='ltr'><strong><em>τοῦς</em></strong></span> <span class='ocrx_word' id='word_1_124' title='bbox 858 1567 905 1640; x_wconf 91' lang='grc' dir='ltr'><strong><em>είς</em></strong></span> <span class='ocrx_word' id='word_1_125' title='bbox 923 1557 1028 1629; x_wconf 82' lang='grc' dir='ltr'><strong><em>αὑτὸν</em></strong></span> <span class='ocrx_word' id='word_1_126' title='bbox 1044 1587 1098 1638; x_wconf 72' lang='grc' dir='ltr'><strong><em>μοι)</em></strong></span> 
     </span>
    </p>

    <p class='ocr_par' dir='ltr' id='par_1_4' title="bbox 19 1656 1032 1749">
     <span class='ocr_line' id='line_1_16' title="bbox 19 1656 1032 1749; baseline -0.004 -15"><span class='ocrx_word' id='word_1_127' title='bbox 19 1696 46 1735; x_wconf 84' lang='lat'><strong><em>15</em></strong></span> <span class='ocrx_word' id='word_1_128' title='bbox 59 1659 319 1743; x_wconf 88' lang='grc' dir='ltr'><strong><em>πεπιστευκότας</em></strong></span> <span class='ocrx_word' id='word_1_129' title='bbox 336 1678 405 1742; x_wconf 82' lang='grc' dir='ltr'><strong><em>τοῖς</em></strong></span> <span class='ocrx_word' id='word_1_130' title='bbox 423 1659 551 1731; x_wconf 81' lang='grc' dir='ltr'><strong><em>τούτων</em></strong></span> <span class='ocrx_word' id='word_1_131' title='bbox 574 1656 801 1749; x_wconf 80' lang='grc' dir='ltr'><strong><em>ὑποτετάχθαι</em></strong></span> <span class='ocrx_word' id='word_1_132' title='bbox 824 1659 933 1749; x_wconf 79' lang='grc' dir='ltr'><strong><em>λόγοις</em></strong></span> <span class='ocrx_word' id='word_1_133' title='bbox 951 1659 1032 1730; x_wconf 85' lang='grc' dir='ltr'><strong><em>άκο-</em></strong></span> 
     </span>
    </p>

    <p class='ocr_par' dir='ltr' id='par_1_5' title="bbox 14 1760 1033 2161">
     <span class='ocr_line' id='line_1_17' title="bbox 14 1760 1031 1852; baseline -0.001 -19"><span class='ocrx_word' id='word_1_134' title='bbox 14 1821 17 1826; x_wconf 92' lang='grc'>.</span> <span class='ocrx_word' id='word_1_135' title='bbox 59 1760 194 1844; x_wconf 86' lang='grc' dir='ltr'><strong><em>λοῦθως</em></strong></span> <span class='ocrx_word' id='word_1_136' title='bbox 211 1777 280 1845; x_wconf 84' lang='grc' dir='ltr'><strong><em>τοίς</em></strong></span> <span class='ocrx_word' id='word_1_137' title='bbox 298 1764 527 1852; x_wconf 85' lang='grc' dir='ltr'><strong><em>προκειμένοις</em></strong></span> <span class='ocrx_word' id='word_1_138' title='bbox 544 1770 760 1851; x_wconf 87' lang='grc' dir='ltr'><strong><em>θεσπίσμασι.</em></strong></span> <span class='ocrx_word' id='word_1_139' title='bbox 795 1765 850 1832; x_wconf 84' lang='grc' dir='ltr'><strong><em>καὶ</em></strong></span> <span class='ocrx_word' id='word_1_140' title='bbox 869 1767 974 1833; x_wconf 88' lang='grc' dir='ltr'><strong><em>ταῦτα</em></strong></span> <span class='ocrx_word' id='word_1_141' title='bbox 994 1764 1031 1832; x_wconf 73' lang='grc' dir='ltr'><strong><em>δὲ</em></strong></span> 
     </span>
     <span class='ocr_line' id='line_1_18' title="bbox 58 1859 1032 1954; baseline -0.002 -19"><span class='ocrx_word' id='word_1_142' title='bbox 58 1862 169 1935; x_wconf 90' lang='grc' dir='ltr'><strong><em>πάντα</em></strong></span> <span class='ocrx_word' id='word_1_143' title='bbox 199 1863 416 1953; x_wconf 74' lang='grc' dir='ltr'><strong><em>κατορθώσας</em></strong></span> <span class='ocrx_word' id='word_1_144' title='bbox 449 1865 503 1934; x_wconf 78' lang='grc' dir='ltr'><strong><em>ἐπὶ</em></strong></span> <span class='ocrx_word' id='word_1_145' title='bbox 529 1870 587 1954; x_wconf 82' lang='grc' dir='ltr'><strong><em>τῆς</em></strong></span> <span class='ocrx_word' id='word_1_146' title='bbox 620 1871 666 1944; x_wconf 90' lang='grc' dir='ltr'><strong><em>είς</em></strong></span> <span class='ocrx_word' id='word_1_147' title='bbox 698 1859 901 1951; x_wconf 76' lang='grc' dir='ltr'><strong><em>ἀνθρώπους</em></strong></span> <span class='ocrx_word' id='word_1_148' title='bbox 927 1860 1032 1934; x_wconf 82' lang='grc' dir='ltr'><strong><em>αὑτοῦ</em></strong></span> 
     </span>
     <span class='ocr_line' id='line_1_19' title="bbox 58 1956 1032 2057; baseline -0.001 -22"><span class='ocrx_word' id='word_1_149' title='bbox 58 1971 244 2056; x_wconf 90' lang='grc' dir='ltr'><strong><em>παρουσίας</em></strong></span> <span class='ocrx_word' id='word_1_150' title='bbox 262 1964 280 2035; x_wconf 88' lang='grc' dir='ltr'><strong><em>ό</em></strong></span> <span class='ocrx_word' id='word_1_151' title='bbox 299 1963 379 2048; x_wconf 86' lang='grc' dir='ltr'><strong><em>θεός</em></strong></span> <span class='ocrx_word' id='word_1_152' title='bbox 398 1963 513 2055; x_wconf 89' lang='grc' dir='ltr'><strong><em>λόγος,</em></strong></span> <span class='ocrx_word' id='word_1_153' title='bbox 538 1968 614 2057; x_wconf 85' lang='grc' dir='ltr'><strong><em>περὶ</em></strong></span> <span class='ocrx_word' id='word_1_154' title='bbox 632 1956 673 2035; x_wconf 86' lang='grc' dir='ltr'><strong><em>οὑ</em></strong></span> <span class='ocrx_word' id='word_1_155' title='bbox 692 1975 829 2036; x_wconf 79' lang='grc' dir='ltr'><strong><em>πλεῖστα</em></strong></span> <span class='ocrx_word' id='word_1_156' title='bbox 847 1963 929 2055; x_wconf 76' lang='grc' dir='ltr'><strong><em>ἡμῖν</em></strong></span> <span class='ocrx_word' id='word_1_157' title='bbox 949 1972 1032 2036; x_wconf 89' lang='grc' dir='ltr'><strong><em>διεί-</em></strong></span> 
     </span>
     <span class='ocr_line' id='line_1_20' title="bbox 59 2063 1033 2161; baseline 0.002 -25"><span class='ocrx_word' id='word_1_158' title='bbox 59 2075 192 2156; x_wconf 90' lang='grc' dir='ltr'><strong><em>ληπται,</em></strong></span> <span class='ocrx_word' id='word_1_159' title='bbox 206 2064 334 2156; x_wconf 81' lang='grc' dir='ltr'><strong><em>“ιίνέβη</em></strong></span> <span class='ocrx_word' id='word_1_160' title='bbox 350 2071 386 2138; x_wconf 83' lang='grc' dir='ltr'><strong><em>ἐν</em></strong></span> <span class='ocrx_word' id='word_1_161' title='bbox 400 2063 612 2161; x_wconf 75' lang='grc' dir='ltr'><strong><em>άλαλαγμῷ.”</em></strong></span> <span class='ocrx_word' id='word_1_162' title='bbox 637 2070 771 2138; x_wconf 90' lang='grc' dir='ltr'><strong><em>6.τοῦτο</em></strong></span> <span class='ocrx_word' id='word_1_163' title='bbox 787 2069 824 2138; x_wconf 75' lang='grc' dir='ltr'><strong><em>δέ</em></strong></span> <span class='ocrx_word' id='word_1_164' title='bbox 838 2067 1033 2159; x_wconf 84' lang='grc' dir='ltr'><strong><em>ἑρμηνεύων</em></strong></span> 
     </span>
    </p>

    <p class='ocr_par' dir='ltr' id='par_1_6' title="bbox 20 2161 1033 2361">
     <span class='ocr_line' id='line_1_21' title="bbox 20 2161 1033 2259; baseline 0.002 -22"><span class='ocrx_word' id='word_1_165' title='bbox 20 2161 78 2244; x_wconf 75' lang='lat'><strong><em>205</em></strong></span> <span class='ocrx_word' id='word_1_166' title='bbox 97 2165 278 2249; x_wconf 85' lang='grc' dir='ltr'><strong><em>άπόστολός</em></strong></span> <span class='ocrx_word' id='word_1_167' title='bbox 302 2191 385 2259; x_wconf 91' lang='grc' dir='ltr'><strong><em>φησι</em></strong></span> <span class='ocrx_word' id='word_1_168' title='bbox 405 2163 463 2237; x_wconf 80' lang='grc' dir='ltr'><strong><em>“τὸ</em></strong></span> <span class='ocrx_word' id='word_1_169' title='bbox 491 2169 528 2238; x_wconf 74' lang='grc' dir='ltr'><strong><em>δὲ</em></strong></span> <span class='ocrx_word' id='word_1_170' title='bbox 551 2168 656 2256; x_wconf 78' lang='grc' dir='ltr'><strong><em>ἀνέβη</em></strong></span> <span class='ocrx_word' id='word_1_171' title='bbox 680 2176 715 2237; x_wconf 92' lang='grc' dir='ltr'><strong><em>τί</em></strong></span> <span class='ocrx_word' id='word_1_172' title='bbox 736 2171 842 2258; x_wconf 82' lang='grc' dir='ltr'><strong><em>ἐστὶν,</em></strong></span> <span class='ocrx_word' id='word_1_173' title='bbox 867 2178 899 2239; x_wconf 89' lang='grc' dir='ltr'><strong><em>εί</em></strong></span> <span class='ocrx_word' id='word_1_174' title='bbox 920 2167 965 2259; x_wconf 80' lang='grc' dir='ltr'><strong><em>μη</em></strong></span> <span class='ocrx_word' id='word_1_175' title='bbox 983 2168 1033 2239; x_wconf 83' lang='grc' dir='ltr'><strong><em>ότι</em></strong></span> 
     </span>
     <span class='ocr_line' id='line_1_22' title="bbox 59 2267 1031 2361; baseline -0.001 -20"><span class='ocrx_word' id='word_1_176' title='bbox 59 2271 116 2342; x_wconf 78' lang='grc' dir='ltr'><strong><em>καί</em></strong></span> <span class='ocrx_word' id='word_1_177' title='bbox 133 2271 257 2359; x_wconf 81' lang='grc' dir='ltr'><strong><em>κατέβη</em></strong></span> <span class='ocrx_word' id='word_1_178' title='bbox 275 2274 409 2361; x_wconf 85' lang='grc' dir='ltr'><strong><em>πρώτον</em></strong></span> <span class='ocrx_word' id='word_1_179' title='bbox 428 2277 474 2351; x_wconf 85' lang='grc' dir='ltr'><strong><em>είς</em></strong></span> <span class='ocrx_word' id='word_1_180' title='bbox 490 2267 530 2340; x_wconf 84' lang='grc' dir='ltr'><strong><em>τά</em></strong></span> <span class='ocrx_word' id='word_1_181' title='bbox 545 2268 717 2340; x_wconf 88' lang='grc' dir='ltr'><strong><em>κατώτατα</em></strong></span> <span class='ocrx_word' id='word_1_182' title='bbox 729 2274 788 2358; x_wconf 80' lang='grc' dir='ltr'><strong><em>της</em></strong></span> <span class='ocrx_word' id='word_1_183' title='bbox 800 2275 878 2359; x_wconf 72' lang='grc' dir='ltr'><strong><em>γῆς,</em></strong></span> <span class='ocrx_word' id='word_1_184' title='bbox 897 2270 914 2340; x_wconf 87' lang='grc' dir='ltr'><strong><em>ό</em></strong></span> <span class='ocrx_word' id='word_1_185' title='bbox 934 2301 1031 2342; x_wconf 91' lang='grc' dir='ltr'><strong><em>κατα-</em></strong></span> 
     </span>
    </p>

    <p class='ocr_par' dir='ltr' id='par_1_7' title="bbox 22 2367 1061 3275">
     <span class='ocr_line' id='line_1_23' title="bbox 41 2367 1031 2460; baseline 0.001 -20"><span class='ocrx_word' id='word_1_186' title='bbox 41 2371 121 2460; x_wconf 77' lang='grc' dir='ltr'><strong><em>1βάς</em></strong></span> <span class='ocrx_word' id='word_1_187' title='bbox 145 2370 245 2454; x_wconf 89' lang='grc' dir='ltr'><strong><em>αῦτός</em></strong></span> <span class='ocrx_word' id='word_1_188' title='bbox 269 2375 338 2442; x_wconf 82' lang='grc' dir='ltr'><strong><em>ἐστι</em></strong></span> <span class='ocrx_word' id='word_1_189' title='bbox 371 2373 427 2441; x_wconf 83' lang='grc' dir='ltr'><strong><em>καὶ</em></strong></span> <span class='ocrx_word' id='word_1_190' title='bbox 450 2370 469 2441; x_wconf 85' lang='grc' dir='ltr'><strong><em>δ</em></strong></span> <span class='ocrx_word' id='word_1_191' title='bbox 495 2367 623 2458; x_wconf 87' lang='grc' dir='ltr'><strong><em>άναβδις</em></strong></span> <span class='ocrx_word' id='word_1_192' title='bbox 651 2369 809 2459; x_wconf 79' lang='grc' dir='ltr'><strong><em>ὑπεράνω</em></strong></span> <span class='ocrx_word' id='word_1_193' title='bbox 838 2376 906 2442; x_wconf 84' lang='grc' dir='ltr'><strong><em>τών</em></strong></span> <span class='ocrx_word' id='word_1_194' title='bbox 931 2371 1031 2459; x_wconf 85' lang='grc' dir='ltr'><strong><em>οὐρα-</em></strong></span> 
     </span>
     <span class='ocr_line' id='line_1_24' title="bbox 60 2468 1033 2565; baseline -0.002 -22"><span class='ocrx_word' id='word_1_195' title='bbox 60 2468 164 2543; x_wconf 78' lang='grc' dir='ltr'><strong><em>υῦν.”</em></strong></span> <span class='ocrx_word' id='word_1_196' title='bbox 208 2477 244 2544; x_wconf 81' lang='grc' dir='ltr'><strong><em>ἐν</em></strong></span> <span class='ocrx_word' id='word_1_197' title='bbox 267 2469 448 2565; x_wconf 73' lang='grc' dir='ltr'><strong><em>ἀλαλαγμῷ</em></strong></span> <span class='ocrx_word' id='word_1_198' title='bbox 473 2472 510 2542; x_wconf 72' lang='grc' dir='ltr'><strong><em>δέ</em></strong></span> <span class='ocrx_word' id='word_1_199' title='bbox 534 2468 639 2542; x_wconf 82' lang='grc' dir='ltr'><strong><em>αὐτόν</em></strong></span> <span class='ocrx_word' id='word_1_200' title='bbox 656 2494 762 2561; x_wconf 93' lang='grc' dir='ltr'><strong><em>φησιν</em></strong></span> <span class='ocrx_word' id='word_1_201' title='bbox 786 2468 1033 2561; x_wconf 76' lang='grc' dir='ltr'><strong><em>ἀνεληλυθέναι</em></strong></span> 
     </span>
     <span class='ocr_line' id='line_1_25' title="bbox 62 2570 1061 2665; baseline 0.004 -23"><span class='ocrx_word' id='word_1_202' title='bbox 62 2570 118 2642; x_wconf 85' lang='grc' dir='ltr'><strong><em>διά</em></strong></span> <span class='ocrx_word' id='word_1_203' title='bbox 135 2573 198 2662; x_wconf 81' lang='grc' dir='ltr'><strong><em>τὴν</em></strong></span> <span class='ocrx_word' id='word_1_204' title='bbox 217 2581 264 2654; x_wconf 89' lang='grc' dir='ltr'><strong><em>είς</em></strong></span> <span class='ocrx_word' id='word_1_205' title='bbox 281 2570 385 2645; x_wconf 80' lang='grc' dir='ltr'><strong><em>αὑτὸν</em></strong></span> <span class='ocrx_word' id='word_1_206' title='bbox 397 2581 579 2663; x_wconf 89' lang='grc' dir='ltr'><strong><em>θεολογίαν</em></strong></span> <span class='ocrx_word' id='word_1_207' title='bbox 591 2577 660 2644; x_wconf 86' lang='grc' dir='ltr'><strong><em>τών</em></strong></span> <span class='ocrx_word' id='word_1_208' title='bbox 675 2572 957 2665; x_wconf 76' lang='grc' dir='ltr'><strong><em>δορυφορούντων</em></strong></span> <span class='ocrx_word' id='word_1_209' title='bbox 975 2573 1033 2643; x_wconf 85' lang='grc' dir='ltr'><strong><em>αῦ-</em></strong></span> <span class='ocrx_word' id='word_1_210' title='bbox 1048 2608 1061 2646; x_wconf 86' lang='lat' dir='ltr'>b</span> 
     </span>
     <span class='ocr_line' id='line_1_26' title="bbox 22 2671 1033 2767; baseline -0.004 -18"><span class='ocrx_word' id='word_1_211' title='bbox 22 2673 121 2749; x_wconf 73' lang='grc' dir='ltr'><strong><em>ειτδν</em></strong></span> <span class='ocrx_word' id='word_1_212' title='bbox 146 2673 285 2746; x_wconf 83' lang='grc' dir='ltr'><strong><em>ἀνιόντα</em></strong></span> <span class='ocrx_word' id='word_1_213' title='bbox 308 2674 477 2764; x_wconf 80' lang='grc' dir='ltr'><strong><em>ἀγγέλων,</em></strong></span> <span class='ocrx_word' id='word_1_214' title='bbox 508 2685 541 2746; x_wconf 83' lang='grc' dir='ltr'><strong><em>οἳ</em></strong></span> <span class='ocrx_word' id='word_1_215' title='bbox 563 2678 619 2746; x_wconf 82' lang='grc' dir='ltr'><strong><em>καὶ</em></strong></span> <span class='ocrx_word' id='word_1_216' title='bbox 645 2683 761 2766; x_wconf 87' lang='grc' dir='ltr'><strong><em>έλεγον</em></strong></span> <span class='ocrx_word' id='word_1_217' title='bbox 780 2671 904 2767; x_wconf 81' lang='grc' dir='ltr'><strong><em>“άρατε</em></strong></span> <span class='ocrx_word' id='word_1_218' title='bbox 927 2675 1033 2758; x_wconf 88' lang='grc' dir='ltr'><strong><em>πόλας</em></strong></span> 
     </span>
     <span class='ocr_line' id='line_1_27' title="bbox 60 2773 1034 2868; baseline 0.004 -22"><span class='ocrx_word' id='word_1_219' title='bbox 60 2780 96 2846; x_wconf 86' lang='grc' dir='ltr'><strong><em>οί</em></strong></span> <span class='ocrx_word' id='word_1_220' title='bbox 110 2773 269 2868; x_wconf 84' lang='grc' dir='ltr'><strong><em>άρχουτες</em></strong></span> <span class='ocrx_word' id='word_1_221' title='bbox 286 2775 402 2866; x_wconf 73' lang='grc' dir='ltr'><strong><em>ὑμῶν,</em></strong></span> <span class='ocrx_word' id='word_1_222' title='bbox 428 2780 484 2847; x_wconf 82' lang='grc' dir='ltr'><strong><em>καὶ</em></strong></span> <span class='ocrx_word' id='word_1_223' title='bbox 503 2777 671 2868; x_wconf 90' lang='grc' dir='ltr'><strong><em>ε’πάρθητε</em></strong></span> <span class='ocrx_word' id='word_1_224' title='bbox 689 2777 792 2849; x_wconf 89' lang='grc' dir='ltr'><strong><em>πῦλαι</em></strong></span> <span class='ocrx_word' id='word_1_225' title='bbox 811 2777 959 2868; x_wconf 89' lang='grc' dir='ltr'><strong><em>αίώνιοι,</em></strong></span> <span class='ocrx_word' id='word_1_226' title='bbox 979 2784 1034 2850; x_wconf 88' lang='grc' dir='ltr'><strong><em>καὶ</em></strong></span> 
     </span>
     <span class='ocr_line' id='line_1_28' title="bbox 63 2874 1035 2970; baseline 0.004 -22"><span class='ocrx_word' id='word_1_227' title='bbox 63 2877 287 2950; x_wconf 87' lang='grc' dir='ltr'><strong><em>είσελεῦσεται</em></strong></span> <span class='ocrx_word' id='word_1_228' title='bbox 305 2874 322 2949; x_wconf 85' lang='grc' dir='ltr'><strong><em>ὑ</em></strong></span> <span class='ocrx_word' id='word_1_229' title='bbox 341 2876 500 2966; x_wconf 86' lang='grc' dir='ltr'><strong><em>βασιλεῦς</em></strong></span> <span class='ocrx_word' id='word_1_230' title='bbox 518 2883 575 2967; x_wconf 77' lang='grc' dir='ltr'><strong><em>τῆς</em></strong></span> <span class='ocrx_word' id='word_1_231' title='bbox 595 2878 725 2968; x_wconf 79' lang='grc' dir='ltr'><strong><em>δόξης.”</em></strong></span> <span class='ocrx_word' id='word_1_232' title='bbox 758 2879 878 2970; x_wconf 83' lang='grc' dir='ltr'><strong><em>φωνην</em></strong></span> <span class='ocrx_word' id='word_1_233' title='bbox 897 2883 934 2951; x_wconf 72' lang='grc' dir='ltr'><strong><em>δὲ</em></strong></span> <span class='ocrx_word' id='word_1_234' title='bbox 952 2882 1035 2951; x_wconf 86' lang='grc' dir='ltr'><strong><em>σάλ-</em></strong></span> 
     </span>
     <span class='ocr_line' id='line_1_29' title="bbox 61 2975 1035 3071; baseline 0.001 -21"><span class='ocrx_word' id='word_1_235' title='bbox 61 3006 179 3070; x_wconf 91' lang='grc' dir='ltr'><strong><em>πιγγος</em></strong></span> <span class='ocrx_word' id='word_1_236' title='bbox 197 2975 260 3051; x_wconf 88' lang='grc' dir='ltr'><strong><em>οῦκ</em></strong></span> <span class='ocrx_word' id='word_1_237' title='bbox 277 2975 320 3051; x_wconf 82' lang='grc' dir='ltr'><strong><em>άυ</em></strong></span> <span class='ocrx_word' id='word_1_238' title='bbox 338 2989 499 3070; x_wconf 88' lang='grc' dir='ltr'><strong><em>σφαλείης</em></strong></span> <span class='ocrx_word' id='word_1_239' title='bbox 523 2979 558 3050; x_wconf 90' lang='grc' dir='ltr'><strong><em>τὸ</em></strong></span> <span class='ocrx_word' id='word_1_240' title='bbox 582 2979 737 3071; x_wconf 80' lang='grc' dir='ltr'><strong><em>κη’ρυγμα</em></strong></span> <span class='ocrx_word' id='word_1_241' title='bbox 756 2983 859 3053; x_wconf 83' lang='grc' dir='ltr'><strong><em>είπών</em></strong></span> <span class='ocrx_word' id='word_1_242' title='bbox 877 2981 913 3053; x_wconf 86' lang='grc' dir='ltr'><strong><em>τό</em></strong></span> <span class='ocrx_word' id='word_1_243' title='bbox 934 2982 1035 3070; x_wconf 84' lang='grc' dir='ltr'><strong><em>εὐαγ-</em></strong></span> 
     </span>
     <span class='ocr_line' id='line_1_30' title="bbox 61 3079 1033 3174; baseline 0 -23"><span class='ocrx_word' id='word_1_244' title='bbox 61 3079 196 3170; x_wconf 88' lang='grc' dir='ltr'><strong><em>γελικδυ</em></strong></span> <span class='ocrx_word' id='word_1_245' title='bbox 214 3089 262 3164; x_wconf 88' lang='grc' dir='ltr'><strong><em>είς</em></strong></span> <span class='ocrx_word' id='word_1_246' title='bbox 280 3085 392 3153; x_wconf 82' lang='grc' dir='ltr'><strong><em>πάσαν</em></strong></span> <span class='ocrx_word' id='word_1_247' title='bbox 410 3086 572 3172; x_wconf 80' lang='grc' dir='ltr'><strong><em>έξηχῆσαν</em></strong></span> <span class='ocrx_word' id='word_1_248' title='bbox 589 3082 652 3171; x_wconf 82' lang='grc' dir='ltr'><strong><em>τὴν</em></strong></span> <span class='ocrx_word' id='word_1_249' title='bbox 669 3087 881 3174; x_wconf 80' lang='grc' dir='ltr'><strong><em>οἰκουμένην.</em></strong></span> <span class='ocrx_word' id='word_1_250' title='bbox 909 3091 936 3153; x_wconf 77' lang='grc'><strong><em>7.</em></strong></span> <span class='ocrx_word' id='word_1_251' title='bbox 951 3112 1033 3152; x_wconf 90' lang='grc' dir='ltr'><strong><em>παν-</em></strong></span> 
     </span>
     <span class='ocr_line' id='line_1_31' title="bbox 22 3181 1034 3275; baseline -0.007 -17"><span class='ocrx_word' id='word_1_252' title='bbox 22 3217 48 3258; x_wconf 86' lang='grc' dir='ltr'><strong><em>ω</em></strong></span> <span class='ocrx_word' id='word_1_253' title='bbox 62 3182 118 3266; x_wconf 87' lang='grc' dir='ltr'><strong><em>τός</em></strong></span> <span class='ocrx_word' id='word_1_254' title='bbox 142 3181 206 3274; x_wconf 84' lang='grc' dir='ltr'><strong><em>γάρ</em></strong></span> <span class='ocrx_word' id='word_1_255' title='bbox 229 3182 377 3275; x_wconf 85' lang='grc' dir='ltr'><strong><em>ὀργάνου</em></strong></span> <span class='ocrx_word' id='word_1_256' title='bbox 401 3188 565 3273; x_wconf 78' lang='grc' dir='ltr'><strong><em>μουσικοῦ</em></strong></span> <span class='ocrx_word' id='word_1_257' title='bbox 586 3188 904 3275; x_wconf 88' lang='grc' dir='ltr'><strong><em>μεγαλοφωνοτέρας</em></strong></span> <span class='ocrx_word' id='word_1_258' title='bbox 931 3182 1034 3272; x_wconf 81' lang='grc' dir='ltr'><strong><em>οὔσης</em></strong></span> 
     </span>
    </p>
   </div>
   <div class='ocr_carea' id='block_1_3' title="bbox 113 3416 887 3565">
    <p class='ocr_par' dir='ltr' id='par_1_8' title="bbox 113 3416 887 3565">
     <span class='ocr_line' id='line_1_32' title="bbox 131 3416 887 3484; baseline 0.005 -17"><span class='ocrx_word' id='word_1_259' title='bbox 131 3419 147 3467; x_wconf 81' lang='grc'><strong>9</strong></span> <span class='ocrx_word' id='word_1_260' title='bbox 164 3416 211 3467; x_wconf 85' lang='lat' dir='ltr'><strong><em>Ps.</em></strong></span> <span class='ocrx_word' id='word_1_261' title='bbox 225 3419 250 3480; x_wconf 80' lang='lat'><strong><em>2,</em></strong></span> <span class='ocrx_word' id='word_1_262' title='bbox 264 3419 288 3468; x_wconf 77' lang='lat'><strong><em>7.</em></strong></span> <span class='ocrx_word' id='word_1_263' title='bbox 393 3420 425 3469; x_wconf 80' lang='lat'><strong><em>20</em></strong></span> <span class='ocrx_word' id='word_1_264' title='bbox 442 3417 514 3484; x_wconf 80' lang='lat' dir='ltr'>Eph‚</span> <span class='ocrx_word' id='word_1_265' title='bbox 527 3420 552 3481; x_wconf 89' lang='grc'><strong><em>4,</em></strong></span> <span class='ocrx_word' id='word_1_266' title='bbox 566 3421 590 3468; x_wconf 84' lang='grc'><strong><em>9.</em></strong></span> <span class='ocrx_word' id='word_1_267' title='bbox 696 3420 729 3468; x_wconf 77' lang='lat'><strong><em>25</em></strong></span> <span class='ocrx_word' id='word_1_268' title='bbox 747 3418 793 3471; x_wconf 90' lang='lat' dir='ltr'><strong><em>Ps.</em></strong></span> <span class='ocrx_word' id='word_1_269' title='bbox 807 3420 848 3481; x_wconf 79' lang='lat'><strong><em>23,</em></strong></span> <span class='ocrx_word' id='word_1_270' title='bbox 863 3421 887 3472; x_wconf 75' lang='lat'><strong><em>⁷.</em></strong></span> 
     </span>
     <span class='ocr_line' id='line_1_33' title="bbox 113 3501 879 3565; baseline 0.004 -15"><span class='ocrx_word' id='word_1_271' title='bbox 113 3515 254 3554; x_wconf 73' lang='grc' dir='ltr'><strong><em>ευετκιυε</em></strong></span> <span class='ocrx_word' id='word_1_272' title='bbox 273 3517 321 3555; x_wconf 81' lang='lat'>111.</span> <span class='ocrx_word' id='word_1_273' title='bbox 830 3501 879 3565; x_wconf 59' lang='grc' dir='ltr'><strong><em>Ἦ,</em></strong></span> 
     </span>
    </p>
   </div>
   <div class='ocr_carea' id='block_1_4' title="bbox 0 0 1177 3818">
    <p class='ocr_par' dir='ltr' id='par_1_9' title="bbox 0 0 1177 3818">
     <span class='ocr_line' id='line_1_34' title="bbox 0 0 1177 3818; baseline 0 0"><span class='ocrx_word' id='word_1_274' title='bbox 0 0 1177 3818; x_wconf 95' lang='lat' dir='ltr'><strong><em> </em></strong></span> 
     </span>
    </p>
   </div>
  </div>
 </body>
</html>
