2326 3818
140 129 205 192 440
541 129 691 180 ΕυεΕΒΠ

144 270 181 338 δέ
199 276 274 337 τίνα
292 266 416 356 τρόπον
432 263 498 338 ὑπὸ
516 276 596 357 μίαν
614 270 669 337 καί
684 266 744 356 την
759 265 864 357 αὐτὴν
885 267 1036 339 διάνοιαν
1055 273 1113 358 γέ-

144 391 232 450 νεσις
258 373 293 438 ἐκ
317 373 490 460 παρθένου
509 368 769 460 προφητεύεται,
795 373 850 438 καί
874 369 956 439 κατὰ
974 368 1010 442 τὸ
1030 371 1113 442 αύτό

142 492 245 561 φησιν
259 469 275 539 δ
291 469 387 558 λόγος
401 469 533 561 τὴνμέν
547 471 647 540 πάλαι
662 469 875 561 καρποφόρον
893 475 957 559 γῆν
974 471 1011 541 τὸ
1030 477 1112 563 πρὶν

142 563 247 643 οὖσαν
266 580 383 662 χιλίων
401 580 526 643 σίκλων
537 581 584 654 είς
599 576 719 662 χέρσον
734 579 871 643 ἔσεσθαι
882 576 936 643 καὶ
951 580 997 654 είς
1009 571 1112 645 ἀκαν-

114 706 127 744 ο
141 688 227 763 θαν,
255 673 366 743 πᾶσάν
392 703 428 742 τε
455 672 515 761 την
541 679 605 762 γῆν
622 670 734 743 αύτῶν
759 673 814 743 διὰ
831 673 867 744 τὸ
885 677 1045 762 γενέσθαι
1065 684 1138 758 είςι

141 774 297 846 ἀκανθαν
322 779 376 844 καὶ
403 782 449 853 είς
472 776 593 865 χέρσον
618 774 920 865 παραδοθήσεσθαι
944 793 1012 857 τοῖς
1031 776 1114 867 μετὰ

142 881 260 964 βέλους
284 878 339 945 καί
364 874 559 964 τοξεύματος
583 880 878 966 είσελευοομένοις·
913 874 1113 950 τούναντίον

143 979 180 1047 δέ
199 985 377 1046 πείσεσθαι
395 982 462 1046 πᾶν
479 974 568 1065 ὅροςΙ
597 974 662 1046 ἀπὸ
679 982 764 1061 γοῦν
781 982 838 1065 τῆς
856 982 1017 1068 προτέρας
1036 984 1114 1068 χέρ-

143 1103 205 1149 σου
224 1081 276 1146 καὶ
293 1075 444 1166 ἀκάνθης
461 1086 724 1167 μεταβαλεῖσθαι
736 1076 806 1160 “είς
818 1078 968 1168 βόσκημα
987 1078 1113 1171 προβά·

141 1208 202 1249 του
220 1181 275 1248 καὶ
293 1179 511 1269 καταπάτημα
528 1176 642 1268 βοός,”
663 1178 748 1251 ῶστε
767 1178 846 1251 αύτὸ
865 1178 1113 1271 ἀροτριῶμενον
1126 1208 1151 1249 ιο

143 1280 451 1371 ἀροτριαθήσεσθαι
479 1284 534 1350 καὶ
560 1281 605 1370 μὴ
633 1281 872 1352 ἐπελεύσεσθαι
901 1288 970 1352 ἐκεῖ
992 1282 1111 1371 φόβον.

143 1388 193 1452 90.
215 1379 260 1452 δι’
282 1372 330 1452 ῶν
348 1388 464 1470 σαφῶς
483 1381 626 1473 ἡγοῦμαι
644 1392 870 1473 σημαίνεσθαι
887 1380 949 1473 τὴν
966 1389 1026 1454 τοῦ
1045 1409 1112 1455 σω-

142 1489 241 1575 τῆρος
259 1482 353 1574 ἡμῶν
378 1490 414 1554 ἐκ
432 1489 606 1574 παρθένου
629 1488 779 1574 γένεσιν,
804 1488 859 1554 καὶ
878 1483 918 1554 τά
935 1484 1016 1574 μετὰ
1034 1486 1113 1555 ταύ-

60 1610 63 1615 ·
143 1615 204 1675 την
228 1584 312 1674 ὁμου
335 1589 390 1655 καὶ
413 1583 546 1676 ἀθρόως
567 1582 741 1668 Ἰουδαίοις
765 1616 800 1657 τε
824 1590 879 1655 καὶ
897 1604 966 1666 τοῖς
984 1598 1113 1668 λοιποῖς

144 1695 259 1758 ἐθνεσι
277 1686 522 1776 συμβεβηκότα,
541 1685 603 1775 τὴν
621 1693 704 1775 γοῦν
723 1691 889 1777 ἑκατέρων
905 1694 972 1758 τῶν
989 1687 1112 1776 ταγμά-
1126 1712 1152 1755 15

143 1816 210 1858 των
230 1787 492 1881 είςτούναντίον
509 1787 695 1877 μεταβολὴν
714 1785 734 1878 ἡ
752 1796 938 1880 προφητεία
953 1799 1112 1879 παρίστη·
1131 1866 1134 1870 Α

144 1910 215 1979 σιν,
234 1893 294 1960 τού
311 1890 373 1979 μὲν
386 1889 560 1960 Ἰουδαίων
578 1898 700 1972 ἔθνους
718 1890 780 1978 τὴν
798 1889 862 1960 ἀπὸ
880 1896 948 1960 τῶν
966 1891 1113 1979 κρειττό-

143 2021 214 2060 νων
239 1994 292 2059 ἐπὶ
316 1989 352 2059 τδ
377 2006 505 2079 χεῖρον,
529 1995 587 2079 τῆς
613 1993 648 2060 δὲ
672 1997 704 2074 ἐξ
724 1996 836 2062 ἐθνῶν
858 1997 1033 2081 ἐκκλησίας
1050 1990 1113 2081 τὴν

143 2088 207 2159 ἀπὸ
225 2094 283 2178 τῆς
301 2089 403 2160 πύλαι
422 2096 557 2181 ἐρημίας
582 2095 636 2162 ἐπὶ
653 2092 714 2181 τὴν
738 2094 821 2163 κατὰ
838 2092 922 2163 θεὸν
940 2122 1115 2182 καρποφο-

76 2224 131 2273 ιοετ)
147 2199 241 2281 ρίαν,
260 2190 361 2283 ἅπερ,
385 2192 464 2263 καθ’
487 2197 546 2264 ἕνα
564 2196 620 2264 καὶ
638 2192 697 2264 τὸν
721 2192 823 2264 αύτόν
841 2193 959 2284 καιρὸν
977 2201 1035 2283 της
1053 2201 1113 2265 τοῦ
1127 2221 1154 2260 εο

141 2290 348 2383 Ἐμμανουήλ
368 2299 563 2383 ἐπιφανείας
582 2295 901 2384 ἐπιτελεσθήσεσθαι
926 2323 1113 2385 προφητευ-

143 2399 363 2484 θέντα,ταῑς
388 2396 613 2489 προρρήσεσιν
637 2397 831 2479 ἀκολούθως
861 2397 924 2468 οὐκ
946 2399 1063 2468 ἀλλοτε
1092 2396 1114 2486 ἢ

143 2495 224 2586 μετά
247 2498 309 2584 τὴν
332 2502 392 2568 τοῦ
416 2502 563 2587 σωτῆρος
588 2497 683 2587 ἡμῶν
701 2507 891 2586 παρουσίαν
911 2501 1003 2580 τέλος
1023 2506 1115 2588 εἰλη-

144 2596 229 2683 φότα
249 2605 432 2685 δείκνυται,
452 2598 508 2668 διά
521 2627 556 2668 τε
569 2605 637 2668 τῶν
656 2605 810 2689 ἐμφανῶς
830 2605 1014 2691 εἰρημένων
1027 2599 1112 2668 κατά

139 2698 324 2779 Ἰουδαίους
347 2698 552 2788 πραγμάτων
577 2703 632 2769 καὶ
652 2701 707 2770 διδι
730 2707 787 2789 τῆς
814 2706 845 2784 ἐξ
865 2705 977 2772 ἐθνῶν
995 2703 1112 2787 ε’κκλη-
1125 2725 1153 2767 νο

145 2807 229 2879 σίας.
266 2804 316 2867 91.
337 2807 367 2868 εί
383 2802 446 2888 μὲν
464 2799 526 2889 γὰρ
544 2799 626 2891 μετά
643 2800 704 2892 τὴν
721 2811 911 2893 παρουσίαν
928 2805 988 2872 του
1005 2805 1114 2891 σωτῆ-

146 2928 202 2989 ρος
220 2898 325 2989 ἡμῶν,
345 2899 449 2971 αὐτού
467 2902 508 2991 δὴ
523 2899 629 2992 Ἰησοῦ
646 2909 707 2973 τοῦ
726 2908 883 2995 Χριστοῦ,
901 2903 946 2992 μὴ
965 2906 1115 2974 πέπαυτο

145 3005 388 3092 βασιλευομένη
407 2999 427 3091 ἡ
444 3008 513 3089 τῶν
527 3012 763 3095 Δαμασκηνῶν
776 3002 860 3095 ἀρχὴ
879 3009 935 3075 καὶ
952 3009 1020 3074 τῶν
1035 3001 1114 3074 'Iov-

147 3109 271 3193 δαίων,
290 3107 345 3173 καὶ
365 3113 396 3175 εί
412 3102 456 3195 μη
476 3108 512 3174 ἐν
529 3103 647 3186 ὄψεσιν
664 3103 745 3196 ἡμῖν
762 3105 875 3186 αὐτοῖς
891 3110 957 3176 νῦν
974 3118 1114 3196 θεωρεῖ·

145 3233 198 3275 ται
217 3208 497 3296 καταλελειμμένη
518 3201 574 3276 ἀπ’
594 3204 707 3278 αὐτῶν
725 3202 745 3296 ἡ
764 3212 822 3296 γῆ,
841 3211 896 3277 καὶ
917 3202 978 3277 ἀπ’
1000 3212 1114 3277 ἐθνῶν
1127 3237 1155 3279 ιο

119 3336 132 3373 ι
146 3301 347 3394 ἀλλοφύλων
360 3310 415 3377 καὶ
429 3314 680 3395 είδωλολατρῶν
696 3310 951 3396 κατοικουμένη
968 3310 1023 3378 καλ
1032 3306 1114 3397 πρὸς

148 3404 274 3488 τούτοις
295 3415 326 3476 εί
342 3407 386 3497 μὴ
410 3412 548 3499 γέγονεν
568 3417 615 3491 είς
639 3414 756 3499 χέρσον
777 3413 831 3478 καλ
850 3407 1006 3479 ἀκανθαν
1024 3412 1115 3480 πάσα
