2326 3818
148 121 213 186 594
559 119 707 171 EUSEBH

149 260 365 345 όνατέταλκε;
388 267 423 330 τί
439 260 474 329 δὲ
493 249 535 347 ῆν
562 266 658 329 τοῦτο
685 250 758 328 ἄλλ’
780 255 801 346 ῆ
819 257 854 328 τό
873 263 1127 347 γεγεννημένον

151 369 287 433 παιδίον
310 365 365 432 καὶ
388 356 515 450 ῦπαρόι
540 368 599 431 τοῦ
617 367 701 432 θεοῦ
726 363 840 442 δοθεὶς
858 359 948 448 υίὸς,
973 359 1125 453 μεγάλης

151 468 274 553 βουλῆς
292 461 441 552 ἄγγελος,
461 459 644 554 καὶόίρχων
659 460 804 553 εἰρήνης,
824 464 879 531 καὶ
894 462 1124 555 ἐξουσιαστῆς,

152 570 207 636 καὶ
229 564 308 647 θεός
333 564 484 655 ίσχυρὸς,
509 567 565 633 καλ
588 563 696 652 πατῆρ
721 569 780 634 τοῦ
803 568 979 652 μέλλοντος
997 569 1125 652 αίωυος

151 664 401 758 ῦυομασμένοςς
432 669 535 735 ταῦτα
562 665 599 734 δὲ
630 662 694 753 ῆδη
718 662 913 754 φθάσαντες
938 667 991 733 ἐπὶ
1015 664 1151 754 μόνονε

150 768 381 859 ἀναφέρεσθαι
408 763 467 837 τόν
484 769 616 855 σωτῆρα
634 769 690 836 καὶ
714 764 831 857 κόριον
849 763 944 855 ῆμιῦν
962 766 1044 861 κατὰ
1064 766 1125 840 τόν

151 879 275 942 οίκεῑον
293 860 411 957 καιρόν
429 871 723 957 προαπεδείξαμεν.

85 1170 141 1221 (ιιι)
478 1134 557 1208 'And
580 1142 721 1227 Ψαλμοῦ
739 1136 795 1222 ξξ.

229 1286 277 1348 ΙΧ.
298 1267 581 1362 *Ἕθεωρῆθησαν
603 1278 642 1341 αἱ
662 1280 798 1360 πορεῖαί
819 1273 940 1360 σου,’ό
963 1269 1060 1360 θεός,
1085 1280 1124 1343 αί

153 1390 284 1464 πορεῖαι
301 1379 361 1444 τοῦ
378 1379 463 1448 θεοῦ
477 1402 541 1462 μου
554 1377 614 1444 τοῦ
631 1377 805 1461 βασιλέως,
824 1379 883 1444 τοῦ
899 1376 936 1444 ἐν
953 1376 999 1468 τῷ
1016 1371 1117 1468 ῦγίφ·
1135 1406 1160 1446 ιι

124 1481 376 1566 ιπροέφθασαυ
394 1473 551 1565 ἄρχοντες
576 1475 723 1563 ἐχόμενοι
742 1473 954 1563 ψαλλόντων,
976 1479 1012 1545 ἐν
1029 1477 1120 1568 με’σφ

153 1584 321 1649 νεανίδων
343 1581 624 1667 τυμπανιστριών.
673 1579 708 1646 ἐν
734 1581 922 1664 ἐκκλησίαις
952 1572 1122 1664 εὐλογεῖτε

152 1677 209 1750 τόν
233 1678 317 1749 θεὸν
342 1677 460 1768 κύριον
484 1683 521 1748 ἐκ
543 1680 660 1766 πηγῶν
679 1674 819 1765 Ἰσραήλ.
867 1681 936 1747 ἐκεῖ
959 1681 1122 1766 Βενιαμὶν

153 1780 312 1870 νεώτερος
331 1783 367 1850 ἐν
385 1777 552 1864 ἐκστάσει,
570 1776 728 1869 ἄρχοντες
741 1776 866 1868 Ἱοῦδα,
884 1777 1043 1868 ἡγεμόνες
1062 1775 1121 1849 αῦ-

44 1953 47 1958 ,
152 1888 236 1970 τῶν,
255 1879 412 1972 ἄρχοντες
433 1878 633 1967 Ζαβουλῦν,
651 1876 807 1970 ἄρχοντες
825 1876 1059 1969 Νεφθαλείμ.”
1134 1911 1160 1952 15

229 1989 259 2052 2.
280 1978 466 2052 Κάνταῦθα
478 1978 554 2059 τοῦς
567 1983 792 2069 δηλουμένους
805 1979 966 2071 ἄρχοντας
974 1991 1121 2069 Νεφθα-

155 2086 228 2171 λεὶμ
247 2077 309 2153 οῦκ
327 2078 448 2161 ἄλλους
466 2076 609 2170 ῆγοῦμαι
627 2088 695 2152 τῦν
719 2082 913 2154 ἀποστόλων
931 2081 1119 2173 τυγχάνειν.

155 2184 296 2255 ἐνθένδε
319 2181 382 2271 γάρ
400 2180 523 2265 αῦτοῦς
541 2183 559 2253 ὁ
577 2181 687 2273 σωτῆρ
706 2187 762 2254 καὶ
786 2183 899 2274 κύριος
925 2184 1020 2274 ῆμιῦν
1036 2181 1121 2254 άνα-

153 2289 304 2357 λέλεκται
322 2285 404 2355 κατὰ
422 2283 483 2372 τῆν
496 2294 679 2356 Ματθαίου
693 2285 890 2375 παράθεσιν.
922 2287 983 2374 τὴν
1003 2292 1049 2366 είς
1063 2283 1121 2356 ἆν-

146 2387 313 2479 θροόπους
331 2390 369 2460 δὲ
383 2397 523 2478 πορείαν
536 2390 592 2457 καὶ
610 2387 673 2476 τῆν
687 2395 850 2479 ἔνσαρκον
865 2393 1043 2477 ἐπιδημίαν
1061 2391 1121 2458 τοῦ
1135 2420 1161 2461 εο

124 2534 133 2562 ε
152 2496 237 2561 θεοῦ
252 2489 354 2581 λόγου
364 2496 570 2574 θεσπίζουσα
583 2487 603 2577 ἡ
618 2488 731 2579 γραφῆ
744 2510 848 2579 φησιν
854 2483 872 2510 “
878 2486 1124 2578 ἐθεωρῆθησαυ

75 2619 81 2629 ’
154 2597 190 2660 αί
202 2597 337 2681 πορεῖαί
347 2615 421 2679 σου,
440 2590 457 2659 ὁ
475 2588 575 2672 θεός”
596 2593 650 2660 καὶ
664 2589 704 2661 τὰ
718 2594 800 2678 ἑξῆς.
832 2595 860 2660 3.
877 2589 998 2677 ταύτης
1014 2591 1051 2659 δὲ
1063 2594 1123 2678 τῆς

155 2695 349 2781 ἐπιφανείας
363 2690 485 2761 ὡσανεὶ
499 2689 682 2781 πρόδρομοι
699 2689 871 2780 γεγονότες
884 2696 919 2761 οί
929 2689 1031 2760 πάλαι
1044 2703 1122 2761 θεο-

155 2802 263 2880 φιλεῖς
288 2798 454 2882 προφῆται
480 2790 535 2861 διῦ
553 2800 737 2882 ψαλτηρίου
756 2797 810 2863 καὶ
834 2796 944 2883 χορῦν
962 2794 1017 2861 καὶ
1036 2787 1141 2861 παν-ἶ

153 2900 254 2963 τοίων
272 2896 507 2982 πνευματικῶν
528 2891 682 2983 ὀργάνων
704 2893 921 2984 κηρῦττοντες
940 2896 996 2963 καὶ
1014 2889 1123 2981 άνυμ-
1136 2926 1162 2967 τε

155 3000 293 3077 νοῦντες
317 2999 539 3086 προέφθασαν
565 2999 601 3066 ἐν
632 3000 722 3090 μέσφ
755 3002 924 3068 νεανίδων
956 3021 1122 3084 τυμπανι-

155 3103 287 3189 στριῦυ.
324 3102 353 3167 4.
374 3095 506 3178 πάντως
524 3095 587 3188 γάρ
605 3124 670 3167 που
684 3101 752 3167 των
770 3103 806 3169 ἐκ
820 3104 998 3189 περιτομῆς
1016 3120 1122 3166 συνα-

154 3204 274 3288 γωγιῦν
288 3206 335 3281 είς
348 3203 452 3289 μέσον
469 3198 643 3290 παριόντες
656 3205 691 3269 οἱ
701 3210 791 3270 θεῖοι
805 3206 970 3291 προφῆται
991 3198 1050 3285 τῆν
1063 3199 1124 3266 τοῦ

224 3433 239 3480 ι
257 3431 303 3481 Pa.
317 3435 358 3493 ει,
372 3436 412 3482 24.
