2326 3818
146 132 210 197 m
441 146 450 184 ι
556 130 707 183 mmm

147 269 211 344 οὐκ
228 270 394 360 ἀνηγγέλη
412 273 488 363 περὶ
506 268 628 360 αὐτοῦ,
646 267 801 358 όψονται,
827 273 882 340 καλ
900 280 935 342 οἳ
950 273 1014 340 οὐκ
1031 270 1119 363 ἀκή-

148 371 257 463 κόασι,
275 370 515 463 συνήσουσιυ,”
535 377 575 462 πή
593 369 696 443 αὐτοῦ
712 370 820 463 χάριτι
830 375 886 443 καὶ
899 376 940 464 τή
953 380 1013 443 τοῦ
1031 376 1119 464 πίμ-

148 492 272 572 φαντρς
290 474 393 546 αὐτὸν
410 477 567 565 πατέρος,
585 469 733 565 ήμεῑςτε
751 476 833 545 κατὰ
856 473 892 545 τό
911 475 1058 545 δυνατόν
1076 476 1118 546 τά

148 581 297 667 φανέντα
322 585 370 660 είς
387 576 464 658 τοὺς
487 574 609 656 τόπους
627 573 825 667 είρήκαμεν,
851 578 906 646 καλ
929 576 970 646 τδι
986 579 1034 670 τῷ
1051 579 1118 668 πρὸ

80 706 133 758 [ιιι]
147 677 241 770 ἡμῶν
256 676 446 771 Ἀφρικανῷ
471 674 691 766 εὐγνωμόνως
717 675 858 760 δόξαντα
875 676 1118 770 παρεθήκαμεν
1131 711 1145 750 ε

148 780 287 871 ἐχόμενα
305 783 361 849 καὶ
379 777 463 849 αὐτὰ
481 775 669 869 ἀκριβείας,
687 776 772 851 ὅθεν
790 783 846 850 καλ
864 778 976 863 αὐτοῖς
995 778 1040 862 τός
1058 810 1117 852 κα·

117 925 128 954 ε
147 888 213 964 λῶς
229 890 343 971 ἔχουσι
361 882 529 970 χρηστέον.

471 1150 552 1222 Ἀπό
570 1154 631 1221 τοῦ
647 1157 759 1241 Μιχαί
782 1208 788 1221 .

120 1317 134 1356 ι
223 1284 274 1357 ΙΙΙ.
290 1281 493 1358 “Ἀκοόσατε
507 1288 581 1358 λαοὶ
595 1284 728 1375 πάντες,
747 1289 804 1355 καὶ
818 1290 1006 1376 προσεχέτω
1019 1285 1040 1376 ή
1059 1294 1114 1378 γή,

146 1390 202 1458 καὶ
219 1387 341 1471 πάντες
358 1394 394 1459 οί
410 1391 445 1459 ἐν
464 1387 565 1480 αὐτῇ,
589 1391 645 1458 καλ
663 1396 755 1459 ἔσται
780 1384 894 1478 κύριος
913 1392 949 1459 ἐν
965 1382 1048 1478 ὑμῖν
1067 1399 1115 1472 είς
1128 1422 1153 1462 10

145 1487 346 1581 μαρτύριον,
366 1488 480 1580 κάρτος
498 1493 531 1574 ἐξ
549 1501 644 1561 οίκου
661 1488 760 1578 ἁγίου
785 1485 906 1579 αὑτοῦ,
933 1489 1018 1561 διότι
1037 1490 1115 1562 ίδοδ

145 1590 260 1683 κύριος
276 1590 390 1682 κάρτος
418 1589 631 1683 ἐκπορεύεται
649 1597 686 1663 ἐκ
708 1595 768 1663 τοῦ
784 1590 888 1662 τόπον
907 1590 1029 1682 αὑτοῦ,
1057 1597 1115 1664 καὶ

145 1691 384 1784 καταβήσεται,
417 1697 473 1764 καλ
504 1691 697 1783 ἐπιβήσεται
724 1697 779 1764 ἐπὶ
801 1693 841 1764 τά
864 1692 935 1783 ὕψη
957 1702 1015 1784 τῆς
1042 1703 1112 1785 γῆς.

145 1797 201 1865 καλ
224 1794 491 1885 σαλευθήσονται
514 1793 554 1865 τά
577 1793 639 1885 ὅρη
664 1790 887 1867 ὑποκάτωθεν
910 1792 1032 1885 αὐτοῦ,
1056 1802 1113 1868 καὶ

145 1903 182 1967 αί
196 1895 349 1979 κοιλάδες
367 1896 566 1986 τακήσουτιιι
585 1892 629 1979 ὥς
646 1896 746 1987 κηρὸς
769 1895 834 1968 ἀπδ
851 1895 1031 1988 προσώπου
1049 1923 1112 1966 πυ·
1127 1927 1153 1966 15

76 2029 131 2079 μοι)
146 1997 219 2086 ρὸς,
238 2001 294 2067 καὶ
312 1997 356 2078 ὡς
372 1997 466 2086 ὕδωρ
484 1997 754 2089 καταφερόμενον
779 2004 815 2070 ἐν
838 1998 1027 2087 καταβάσει.
1065 1998 1111 2069 δι’

145 2095 302 2185 ἀσέβειαν
317 2095 433 2188 Ἰακοδβ
448 2097 556 2171 πάντα
574 2104 678 2172 ταῦτα
696 2103 751 2170 καλ
773 2100 818 2171 δι’
840 2100 1006 2192 ἁμαρτίαν
1019 2113 1115 2173 οίκου

140 2196 305 2292 Ἰσραήλ.”

220 2308 250 2373 2.
270 2303 354 2373 Εἶτα
371 2299 452 2393 μεθ’
471 2307 567 2394 ἕτερα
584 2312 723 2375 πλείστα
746 2301 869 2394 μεταξδ
898 2303 1114 2375 ἐπισυνάπτει

144 2407 252 2493 λέγων
264 2400 454 2477 ’ἀκούσατε
472 2402 513 2494 δή
527 2410 631 2476 ταῦτα
644 2410 680 2476 ολ
689 2404 869 2496 ἡγεόμενοι
888 2415 983 2476 οίκου
997 2402 1114 2495 Ἰακεδβ
1127 2436 1153 2476 ιο

142 2511 199 2577 καί
226 2513 261 2578 οἱ
284 2506 478 2578 κατάλοιποι
504 2517 598 2577 οἴκου
619 2500 767 2598 Ἰσραήλ,
793 2513 828 2578 οί
849 2507 1113 2598 βδελυσσόμενοι

143 2615 244 2698 κρίμα
267 2611 323 2678 καὶ
341 2606 449 2679 πάντα
467 2607 507 2678 τά
529 2604 618 2698 ὀρθά
636 2612 909 2698 διαστρέφοντες,
934 2614 969 2679 ολ
983 2616 1112 2680 οίκοδο·

142 2713 283 2798 μοῦντες
297 2708 393 2781 Σιιδν
412 2713 448 2780 ἐν
466 2716 582 2798 αἵμασι
606 2711 661 2779 καὶ
675 2705 886 2801 Ἰερουσαλήμ
906 2715 943 2781 ἐν
955 2707 1110 2792 ἀδικίαις.

143 2815 172 2880 3.
192 2815 227 2879 οί
248 2807 428 2900 ήγοόμενοι
451 2805 554 2900 αὐτῆς
577 2811 659 2902 μετά
684 2811 803 2901 δώρων
827 2819 976 2902 ἔκρινον,
1006 2815 1115 2883 καλοί

144 2917 243 3002 ίερείς
266 2910 368 3002 αὐτῆς
391 2913 472 3004 μετά
495 2921 623 3003 μισθοῦ
641 2910 880 3005 ἀπεκρίνοντο,
905 2918 961 2984 καὶ
980 2920 1015 2984 οἱ
1030 2942 1109 3004 προ·
1124 2943 1150 2983 25

112 3018 244 3104 ιφήται
262 3012 363 3103 αὐτῆς
381 3013 462 3105 μετά
481 3013 646 3107 ἀργυρίου
660 3014 891 3106 ἐμαντεύοντο,
910 3018 965 3085 καὶ
980 3019 1034 3086 ἐπὶ
1051 3014 1110 3089 τόν

142 3117 259 3207 κύριον
278 3115 529 3189 ἐπανεπαόοντο
553 3121 723 3207 λέγοντες,
751 3115 827 3209 οὐχὶ
842 3117 955 3209 κύριος
976 3121 1012 3189 ἐν
1029 3117 1110 3207 ἡμῖν

143 3224 249 3305 ἐσιίυ;
276 3218 316 3290 οὐ
341 3221 385 3310 μή
411 3223 537 3310 ἐπέλθῃ
557 3216 612 3308 ἐφ’
631 3214 717 3310 ήμάς
736 3218 830 3291 κακά.
869 3216 925 3290 διά
943 3223 1040 3291 τοῦτο
1060 3218 1103 3288 δι’

207 3449 382 3517 σφεα
487 3453 681 3517 ωψσε
