2326 3818
129 138 189 201 12ss
531 136 681 189 ευεεειι

71 308 111 359 (so)
206 284 274 348 140.
305 275 442 360 “οῦτως
460 280 548 366 λέγει
566 273 693 366 κύριος·
714 272 755 346 δν
771 273 896 363 τρόπον
913 274 1095 367 εὑρήσεται

125 375 143 450 ὁ
162 378 227 469 ρὠ
248 383 284 450 ἐν
301 385 346 474 τῷ
365 379 495 469 βότρυι,
514 381 569 450 καὶ
590 382 737 467 ἐροῦσιν,
755 376 801 467 μή
819 376 952 468 λυμήνη
971 375 1094 469 αάτδν,

124 477 174 551 ὅτι
182 477 316 571 εὐλογία
329 489 448 570 κυρίου
461 483 551 552 ἐστὶν
564 485 599 552 ἐν
610 476 713 572 αὐτῷ,
722 478 961 567 οῦτωςποιήσω
976 484 1094 553 ἕνεκεν

125 587 183 653 τοῦ
203 582 419 666 δουλεύοντάς
437 612 501 674 μοι.
538 582 658 652 τούτου
676 584 791 652 ἕνεκεν
813 577 855 650 οῦ
873 580 919 670 μή
936 580 1094 654 ἀπολέσω

125 682 263 773 πάντας,
288 687 344 754 καὶ
369 684 470 768 ἐξάξω
494 682 530 755 τό
555 688 587 767 ἐξ
607 682 726 771 Ἰακώβ
744 686 874 773 σπέρμα
908 686 963 753 καί
994 685 1030 754 τό
1056 689 1091 769 ἐξ
1118 718 1134 761 ε

122 782 242 874 Ἰούδα,
279 789 334 855 καὶ
370 784 611 875 κληρονομήσει
646 783 681 855 τὸ
712 782 789 873 ῦρος
823 784 860 855 τό
895 781 991 872 ἀγιόυ
1014 815 1093 876 μου.

127 893 196 957 141.
212 890 268 956 καὶ
285 885 594 978 κληρονομήσουσιν
611 893 646 956 οί
662 890 810 956 ἐκλεκτοί
824 917 888 976 μου
908 890 963 957 καί
976 893 1094 960 οίδοῦ-

125 996 180 1058 λοί
189 1017 266 1076 μου,
285 991 340 1057 καὶ
355 987 610 1076 κατοικήσουσιν
622 992 698 1060 ἐκεῖ.
724 991 780 1058 καὶ
793 997 885 1058 ἔσται
898 992 934 1060 ἐν
947 996 993 1083 τῷ
1008 996 1095 1080 δρυ-

124 1096 175 1182 μῷ
194 1096 331 1171 ἔπαυλις
350 1100 526 1180 ποιμνίων,
545 1092 599 1161 καὶ
618 1088 748 1180 φάραγξ
758 1088 864 1179 Ἀχάρ
880 1097 926 1173 είς
940 1089 1093 1163 ἀνάπαυ-

125 1215 180 1261 σιν
198 1198 385 1278 βουκολίων
403 1199 449 1285 τῷ
469 1196 536 1286 λαῷ
560 1221 643 1282 μου,
667 1200 702 1261 οἳ
724 1190 884 1281 ἐζήτησάν
907 1222 958 1281 με.
995 1189 1093 1283 ὑμεῖς
1108 1232 1135 1271 ιο

96 1293 162 1361 1εδέ
192 1297 227 1362 οί
254 1292 527 1381 ἐγκαταλιπόντες
557 1322 599 1383 με
630 1296 686 1363 καὶ
723 1293 1023 1382 ἐπιλανθανόμενοι
1054 1297 1094 1367 τό

123 1391 198 1487 όρος
226 1394 263 1465 τὸ
292 1393 491 1487 ἀγιόυμου,
522 1398 578 1467 καί
597 1393 820 1484 ἐτοιμάζοντες
842 1399 883 1486 τῇ
905 1395 987 1486 τύχη
1011 1397 1094 1487 τρά-

123 1506 235 1586 πεζαν,
254 1498 310 1568 καὶ
324 1503 528 1587 πληροῦντες
546 1503 591 1591 τῷ
612 1504 745 1587 δαίμονι
763 1501 928 1586 κέρασμα,
948 1498 1011 1587 ἐγέι
1029 1526 1095 1570 πα·

123 1598 266 1686 ραδοίσω
283 1594 369 1688 ῦμάς
394 1606 442 1680 είς
460 1598 635 1689 μάχαιραν.
676 1603 745 1668 142.
774 1598 895 1680 πάντες
919 1602 956 1669 ἐν
975 1610 1092 1693 σφαγῇ

123 1712 294 1788 πεσεῖσθε,
312 1698 363 1770 ότι
382 1699 521 1770 ἐκάλεσα
538 1699 636 1789 ὑμᾶς,
655 1702 711 1769 καὶ
722 1698 783 1789 οὐχ
797 1695 1020 1789 ὑπηκούσατε,
1032 1706 1091 1775 καὶ
1108 1740 1136 1781 1⁵

124 1800 299 1889 ἐποιήσατε
316 1801 352 1871 τό
366 1800 515 1891 πονηρόν
534 1806 686 1872 ἐναντίου
700 1805 792 1890 ἐμοῦ,
811 1805 866 1871 καὶ
884 1799 980 1872 όὶοόκ
991 1808 1095 1890 ἐβου-

122 1901 228 1992 λόμην
243 1897 466 1986 ἐξελέξασθε.”

199 2009 268 2072 143.
298 2002 431 2074 Λιελάυ
454 2006 511 2074 καὶ
531 2008 567 2073 ἐν
585 2003 713 2086 τούτοις
740 2000 758 2074 ό
777 2003 873 2094 λόγος
897 2003 1005 2094 βραχύ
1028 2010 1094 2095 μέν

121 2110 156 2172 τί
171 2126 276 2192 φησιν
294 2109 423 2194 σπέρμα
443 2109 474 2189 ἐξ
491 2104 607 2194 Ἰακιὺβ
631 2104 807 2189 τεύξεσθαι
830 2111 899 2176 τῶν
932 2110 1092 2195 ἐπηγγελ-
1155 2190 1160 2195 ¹

121 2207 244 2294 μένων,
265 2206 437 2289 ἐκλεκτούς
455 2236 490 2277 τε
509 2207 595 2279 εἶναι
614 2206 689 2289 τοῦς
709 2207 968 2298 κατοικήσαντας
988 2213 1023 2279 ἐν
1041 2212 1090 2304 τῷ
1105 2250 1133 2292 20

52 2368 54 2380 ε
94 2346 104 2370 c
124 2310 255 2400 δρυμῷ·
288 2307 393 2392 οὕτως
410 2306 579 2398 όνομάζων
596 2307 658 2399 τήν
676 2313 795 2397 κλήσιν
808 2314 877 2380 τών
900 2314 1029 2399 ἐθνῶν,
1056 2316 1095 2384 ἐν

120 2400 194 2501 ήοί
209 2414 357 2482 ἐκλεκτοὶ
379 2417 438 2482 τοῦ
458 2420 579 2502 κυρίου
596 2415 653 2483 καὶ
670 2410 707 2482 τό
723 2408 840 2501 Ἰακιόβ
859 2415 1001 2502 σπέρμα,
1021 2412 1094 2485 εἷεν

121 2512 150 2581 δ’
189 2510 232 2584 ἀν
271 2520 306 2585 οί
344 2513 523 2585 ἀπόστολοι
564 2516 620 2584 καὶ
660 2517 810 2603 μαθηταὶ
845 2521 904 2584 τοῦ
941 2521 1091 2604 σωτῆρος

119 2610 227 2703 ήμῶν,
247 2622 281 2684 οί
299 2616 335 2684 δέ
349 2618 458 2685 λοιποὶ
484 2613 607 2697 πάντες
620 2613 710 2703 παρά
727 2613 867 2697 τούτους
880 2631 951 2698 ταῖς
970 2622 1092 2704 δηλου-

118 2719 234 2803 μέυαις
251 2713 403 2796 ἀπειλαῖς
420 2710 682 2803 ὑποβέβληνται,
700 2718 881 2806 μονονουχὶ
904 2723 963 2787 τοῦ
986 2715 1090 2805 λόγου
1102 2761 1132 2802 2⁵

119 2814 309 2904 γυμνότατα
336 2823 561 2905 παριστιῦντος
583 2815 628 2906 μή
654 2812 698 2899 τός
724 2825 842 2907 ἔτυχεν
868 2821 922 2887 ἐπὶ
955 2822 1023 2889 πάν
1054 2821 1093 2892 τό

115 2913 289 2987 Ἰουδαίων
316 2924 415 2999 ἔθνος
434 2916 583 3007 φθάσαν
605 2917 663 3000 τάς
687 2924 747 2990 τοῦ
771 2924 858 2989 θεοῦ
884 2923 1096 3011 ἐπαγγελίας,

118 3014 192 3087 ἀλλ’
221 3020 276 3087 ἐπὶ
300 3018 404 3107 μόνον
428 3018 464 3089 τό
491 3018 728 3109 ὠνομασμένον
754 3025 903 3111 σπέρμα,
934 3024 991 3091 καὶ
1015 3021 1096 3107 τοῦς

118 3123 399 3210 ἐπικαλουμένους
414 3119 589 3203 ἐκλεκτούς
602 3125 663 3193 τοῦ
674 3127 771 3212 θεοῦ,
794 3126 866 3194 ἐπεὶ
881 3125 998 3193 πολλοὶ
1014 3132 1095 3214 κλη-

117 3226 178 3311 τοὶ,
197 3219 303 3311 ὀλίγοι
322 3224 359 3293 δὲ
378 3227 533 3295 ἐκλεκτοί.
562 3229 632 3294 144.
640 3223 767 3307 τούτοις
784 3226 819 3294 δὲ
829 3227 885 3295 καί
900 3231 966 3295 νῦν
980 3221 1089 3314 όνομα
1100 3272 1131 3312 ³0

118 3322 234 3393 καινὸν
259 3323 520 3413 ἐπιτεθήσεσθαι
547 3327 621 3414 ἐξής
650 3323 667 3394 ὁ
702 3324 798 3413 λόγος
820 3334 989 3415 θεσπίζει,
1023 3326 1088 3416 φά-

189 3474 202 3518 1
221 3471 267 3525 Εε.
283 3474 325 3535 65,
338 3474 363 3526 8.
467 3475 499 3524 28
517 3474 618 3524 Matth.
631 3475 673 3538 20,
690 3475 729 3526 16.
