2326 3818
312 140 500 192 υωωοωευ.
517 139 651 192 εοεαε.
669 140 716 191 v1.
738 142 778 190 13.
960 135 1022 200 373

52 278 182 373 μακρόν
199 284 246 374 τώ
263 280 325 369 μὲν
338 275 511 350 Ἰουδαίων
528 285 621 349 ἔθνει
636 281 758 347 ἕκαστα
770 282 839 347 τών
851 304 1023 366 προπεφη·

54 386 227 472 τευμένων
245 383 461 469 σκυθρωπῶν
478 376 627 468 ἀπήντα,
645 394 713 459 τοῖς
733 379 770 448 δὲ
788 386 904 448 ἔθνεσι
922 378 1024 448 πάλιν

53 482 95 555 τά
112 480 284 553 ἀκόλουθα
302 497 371 561 τοῖς
388 488 628 568 θεσπίσμασιν,
647 477 746 560 αῦτός
759 506 795 548 τε
809 468 906 558 οῦτος
924 474 942 548 ὁ
960 500 1023 550 σω-

53 587 116 676 τῆρ
134 586 191 655 καὶ
209 577 476 673 κῦριοςήμώνέκ
488 581 644 669 Βηθλεέμ
661 577 823 668 ὁρμηθεὶς
841 575 1025 667 ήγοῦμενος

26 683 240 775 εάνεδείχθη
264 691 324 754 τοῦ
347 680 429 753 κατά
454 681 607 753 διάνοιαν
624 677 771 771 Ἰσραήλ,
798 676 885 749 οῦτω
904 680 1026 759 παντὸς

53 794 113 859 τοῦ
139 792 329 878 διορατικοῦ
354 788 409 855 καλ
438 786 623 872 θεοσεβοῦς
653 785 738 851 λαοῦ
760 786 1024 872 χρηματίζοντος.

55 892 111 958 καλ
129 892 195 959 θέα
211 917 250 977 γε
268 886 357 968 ὅπως
370 885 427 967 τάς
443 883 576 970 ἐξόδους
590 880 695 955 αῦτοῦ
708 887 766 972 τῆς
781 885 902 952 ἐνθέου
920 889 1027 972 προῦ-

55 988 204 1079 πάρξεως
221 985 280 1058 ἀπ’
301 986 403 1079 ἀρχῆς
420 990 477 1056 καλ
498 989 529 1069 ἐξ
549 982 682 1076 ῆμερών
696 987 817 1065 αίώνος
831 991 919 1073 ἐχειν
933 985 1027 1072 λε’γε-

55 1120 126 1179 ται,
150 1090 232 1179 ὅπερ
256 1087 317 1159 οῦκ
341 1084 384 1158 ἀν
407 1083 584 1177 ἀρμόσειεν
608 1084 793 1173 ἀνθρώπου
819 1084 930 1174 φύσει.
974 1089 1055 1155 24.ι

16 1223 41 1261 1⁰
55 1190 183 1270 τούτοις
203 1193 277 1278 ἑξῆς
294 1185 312 1257 ὁ
330 1185 534 1277 προφητικδς
558 1185 655 1274 λόγος
672 1184 803 1274 ῦποβάς
827 1184 947 1276 μικρόν
971 1187 1026 1255 καὶ

57 1296 121 1362 νῦν
146 1289 248 1360 πάλιν
269 1293 327 1376 τῆς
351 1287 455 1358 πάλαι
478 1294 616 1377 νομικῆς
640 1292 824 1376 θρησκείας
847 1286 910 1376 τήν
933 1315 1029 1378 περι-

55 1390 191 1483 γραφῆν
208 1392 264 1460 καλ
281 1387 342 1478 τῆν
361 1397 561 1478 καθαίρεσιν
577 1385 817 1478 ῦποσημαίνει,
841 1391 877 1458 ἐκ
894 1387 1028 1477 προσώ-

56 1520 123 1563 που
140 1498 200 1563 τοῦ
224 1495 309 1562 λαοῦ
332 1493 440 1579 λέγων
457 1489 519 1561 “gv
536 1498 603 1562 τίνι
626 1489 802 1578 καταλάβω
820 1487 879 1560 τόν
896 1488 1027 1580 κόριον,

57 1590 261 1682 ἐπιλήψομαι
283 1599 369 1662 θεοῦ
392 1620 458 1682 μου
480 1588 643 1677 ῦψίστον;
673 1599 705 1661 εί
720 1589 951 1678 καταλήψομαι
969 1588 1029 1659 αῦ-

18 1725 43 1764 15
57 1696 115 1765 τὸν
135 1699 171 1764 ἐν
187 1693 462 1784 ὁλοκαυτώμασιν
469 1747 480 1782 ,
507 1697 544 1765 ἐν
560 1691 694 1784 μόσχοις
714 1698 913 1776 ἐνιαυσίοις;
933 1698 963 1762 εί
981 1697 1028 1760 δώ

56 1794 249 1888 πρωτότοκα
266 1803 393 1876 κοιλίας
416 1823 481 1884 μου
498 1790 584 1881 ῦπέρ
613 1794 774 1884 ἁμαρτίας
798 1798 905 1882 ψυχῆς
923 1791 1026 1881 μου;”

132 1903 183 1968 25.
199 1896 256 1968 Ἐκ
274 1896 311 1967 δέ
324 1894 508 1987 προσώπου
520 1900 581 1966 τοῦ
593 1899 680 1967 θεοῦ
692 1893 826 1965 τοιάνδε
840 1893 954 1974 αὐτοῖς
967 1892 1029 1980 τῆν

56 1997 236 2089 ἀπόκρισιν
252 1996 451 2087 ποιούμενος
464 1996 520 2068 “el
537 1996 704 2086 ἀνηγγέλη
723 1999 788 2083 σοὶ,
806 1993 979 2084 ἀνθρωπε,
997 2003 1033 2063 τί

57 2099 179 2184 καλόν;
206 2101 262 2169 καὶ
280 2107 317 2168 τί
337 2099 452 2188 κῦριος
477 2103 604 2186 ἐκζητεί
625 2096 715 2189 παρά
743 2101 804 2169 σοῦ
829 2095 903 2166 ἀλλ’
925 2092 947 2185 ῆ
971 2099 1031 2166 τοῦ

19 2228 44 2267 εο
57 2215 167 2270 ποιεῖν
190 2207 292 2289 κρίμα
316 2202 371 2270 καὶ
396 2198 532 2287 ἀγαπᾶν
555 2207 665 2286 ἔλεος,
694 2202 751 2268 καλ
781 2204 912 2286 ἕτοιμον
942 2199 1030 2268 εἶναι
1096 2263 1104 2270 ,

57 2298 265 2390 πορεῦεσθαι
282 2299 391 2371 ὀπίσω
408 2309 529 2389 κυρίου
544 2307 606 2370 τοῦ
624 2304 711 2370 θεοῦ
728 2297 832 2385 σου;”

133 2405 184 2470 26.
193 2399 303 2491 Ἔχεις
315 2409 496 2491 τοιγαροῦν
506 2399 682 2471 κάνταῦθα
696 2405 751 2470 ἐπὶ
762 2406 802 2491 τῆ
814 2427 1026 2490 προφητευο-
1042 2429 1096 2479 (ωε)

57 2505 141 2592 μένη
159 2506 219 2572 τοῦ
236 2510 357 2591 κυρίου
376 2507 408 2587 ἐξ
427 2501 585 2594 οὐρανῶν
603 2510 650 2584 είς
668 2500 873 2591 ἀνθρώπους
891 2501 1029 2594 καθόδῳ

56 2598 142 2692 ὁμοῦ
164 2605 229 2672 καλ·
242 2603 326 2674 κατά
350 2603 387 2674 τό
418 2603 500 2675 αὐτὸ
528 2614 668 2675 πλείστα
697 2602 760 2675 ὅσα
790 2603 1029 2693 σημαινόμενα,

18 2733 44 2772 τε
52 2703 228 2776 Ἰουδαίων
245 2705 435 2796 ἀποβολήν,
460 2710 615 2796 ἐλέγχους
637 2709 706 2776 τών
723 2703 887 2793 ἀσεβειῶν
905 2701 1030 2791 αῦτών,

57 2814 260 2893 καθαίρεσιν
275 2811 334 2893 τῆς
358 2814 533 2895 βασιλικῆς
558 2804 671 2878 αῦτών
694 2805 944 2896 μητροπόλεως,
971 2810 1028 2894 τῆς
1043 2845 1096 2898 [1711

56 2933 92 2975 τε
110 2903 212 2974 πάλαι
235 2904 399 2995 πρότερον
422 2905 501 2995 παρ’
529 2904 643 2987 αὐτοῖς
667 2910 921 2995 ἐπιτελουμένης
946 2906 1029 2977 κατά

57 3010 187 3078 Μωσέα
210 3012 364 3095 λατρείας
389 3013 606 3095 παραίτησιν·
640 3013 783 3095 ἔμπαλιν
806 3013 844 3077 δὲ
867 3011 943 3096 περὶ
961 3015 1029 3077 τών

58 3113 171 3179 ἐθνών
187 3103 319 3196 ἀγαθάς
338 3111 553 3195 ἐπαγγελίας,
579 3112 761 3196 ἐπίγνωσιν
785 3112 886 3195 θεοῦ,
910 3107 1028 3177 καινὸν

19 3236 45 3275 3ο
57 3208 182 3300 τρόπον
201 3202 391 3298 εῦσεβείας,
418 3206 522 3299 νόμον
539 3236 575 3279 τε
598 3211 677 3279 νέον
700 3214 755 3279 καὶ
780 3208 880 3297 λόγον
907 3212 942 3277 ἐκ
967 3209 1028 3298 μὲν

126 3445 158 3492 13
176 3443 240 3494 Mic.
254 3446 279 3509 6,
293 3448 316 3496 6.
