2326 3818
376 132 562 184 οεΜουευ.
574 131 707 183 εοεαε.
720 132 768 182 1x.
779 134 802 181 3.
815 132 840 179 4.
1016 127 1078 190 573

108 272 229 361 ὁμοίως
247 271 302 340 καί
322 273 358 340 ἐν
377 273 516 352 ἐκείνοις
533 268 569 340 τὸ
583 264 662 339 “nal
676 265 881 351 αύτὸςῐέσται
895 273 1079 358 προσδοκία

110 368 251 443 ἐθνῶν.”
279 374 335 442 καὶ
344 370 446 441 πάλιν
462 365 847 460 ένταύθαμδν“έδεται”
862 366 1080 458 φησὶν“έθνη

111 478 243 564 ἐχθρῶν
261 469 383 562 αὑτοῦ,
410 476 466 543 καὶ
483 489 555 555 ταῖς
573 479 705 560 βολίσιν
723 470 827 542 αύτού
849 470 1108 555 κατατοξεύσων

111 571 273 667 ἐχθρόν’”
309 572 468 656 ῶσαύτως
488 575 525 644 δέ
543 576 598 644 καί
618 577 654 644 έν
673 578 811 654 ἐκείνοις
829 578 867 642 αλ
891 577 998 662 χεῖρές
1017 595 1080 643 σου

83 679 165 748 τέπὶ
182 674 292 748 νῶτου
309 679 378 748 τῶν
396 680 528 766 ἐχθρῶν
544 697 606 746 σου
622 678 759 764 ἐλέγετο.
786 680 835 745 12.
854 677 910 744 καὶ
923 672 960 743 τὸ
974 672 1080 743 “σκύ-
1117 753 1120 758 ,

108 807 189 869 μνος
204 781 335 860 λέοντος
348 775 482 849 Ἰούδα”
503 780 559 848 καὶ
572 775 609 848 τὸ
622 773 827 848 ’ὀίναπεσῶν
842 773 1020 864 ἐκοιμήθης
1036 774 1080 856 ῶς

108 882 195 951 λέοον
218 883 275 951 καὶ
293 878 338 962 ῶς
359 878 523 970 σκύμνος,
539 886 590 962 τίς
611 884 719 971 ἐγερεῖ
738 874 864 950 αύτόν”
886 881 923 948 ἐν
942 881 1080 957 ἐκείνοις

110 983 286 1074 εἰρημένον
303 979 406 1053 οὐδέν
423 1011 478 1072 μοι
497 988 592 1052 δοκεῖ
604 983 780 1071 διαφέρειν
798 985 856 1069 τῆς
874 978 955 1070 μετά
969 995 1080 1070 χεῖρας

110 1088 227 1169 λέξεως
241 1083 435 1173 φρονούσης
449 1080 686 1165 “κατακλιθελς
704 1081 916 1154 ἀνεπαύσατο
932 1079 976 1165 ῶς
995 1083 1082 1151 λέων

73 1219 98 1258 10
112 1189 167 1257 καὶ
182 1184 225 1267 ῶς
239 1184 396 1275 σκύμνος,
410 1192 460 1266 τίς
474 1183 654 1276 ἀναστήσει
669 1181 811 1270 αύτόν;”
827 1191 932 1255 ταῦτα
948 1185 985 1254 δέ
994 1182 1082 1254 είκό-

109 1318 173 1370 τως
192 1295 239 1368 είς
256 1284 379 1357 ταντδν
399 1286 644 1377 συνηγάγομεν,
662 1283 709 1357 ἵν’
731 1283 842 1377 ῶσπερ
858 1289 911 1357 ἐπὶ
922 1284 1081 1375 στόματος

110 1387 171 1459 δύο
189 1387 370 1479 μαρτύρων
387 1393 444 1477 τῆς
463 1394 500 1459 έν
517 1406 589 1472 ταῖς
607 1396 825 1480 προφητείαις
843 1395 1040 1477 συμφωνίας
1059 1383 1079 1476 ἡ
1095 1411 1148 1464 [εει]

110 1493 264 1581 περὶτοῦ
282 1497 429 1579 σωτῆρος
447 1485 542 1580 ἡμῶν
560 1489 728 1574 ἀπόδειξις
747 1492 965 1580 βεβαιοτέραν
983 1487 1080 1578 λάβοι

108 1590 170 1681 τὴν
188 1590 345 1682 κύρωσιν.
373 1597 421 1661 13.
442 1589 550 1662 πάντα
569 1591 600 1662 δ’
622 1582 685 1663 ούν
702 1591 742 1663 τά
757 1600 803 1677 είς
816 1591 879 1681 τὴν
891 1596 950 1662 τοῦ
964 1589 1081 1680 Ἰακῶβ

72 1725 96 1765 15
110 1692 296 1786 πρόρρησιν
313 1697 549 1791 τεθεωρημένα
562 1692 740 1785 άρμόσειεν
753 1689 796 1765 άν
809 1698 865 1764 καὶ
879 1701 926 1777 εἰς
943 1692 1005 1782 την
1022 1697 1083 1764 τοῦ

109 1795 260 1885 Βαλαάμ,
278 1798 336 1884 τῆς
353 1793 542 1885 ὁμοιότητος
560 1801 627 1868 τῶν
641 1800 832 1886 λεγομένων
844 1800 951 1867 ἕνεκα.
989 1803 1019 1865 εί
1038 1793 1080 1883 δη
1093 1819 1150 1869 (426)

110 1890 173 1969 ούν
192 1901 303 1970 ἐκεῖνα
328 1896 384 1967 διά
402 1903 525 1988 πολλης
549 1895 753 1982 ἀποδείξεως
773 1901 826 1968 ἐπὶ
845 1896 904 1969 τὸν
921 1900 1082 1988 ἡμέτερον

110 2005 243 2091 σωτῆρα
256 2003 499 2091 πεπληρωμένα
517 2005 672 2091 συνέστη,
692 1997 881 2071 άκόλουθον
895 1994 938 2071 άν
957 2010 1007 2088 εἴη
1026 2002 1082 2068 καὶ

110 2099 150 2168 τά
169 2100 317 2189 παρόντα
335 2100 518 2190 ὁμολογεῖν.

70 2334 98 2373 ιο
453 2301 533 2374 Ἀπὸ
551 2306 612 2373 τού
628 2301 735 2391 Ώσηέ.

187 2436 243 2507 IV.
258 2433 349 2508 “Kal
368 2435 623 2525 ἐξαναστύσεται
641 2433 790 2506 άπῶλεια
805 2441 842 2505 ἐν
858 2442 904 2529 τῷ
919 2441 988 2528 λαῶ
1007 2456 1080 2525 σου,
1096 2477 1109 2516 b

110 2541 167 2609 καὶ
191 2538 301 2610 πάντα
330 2539 370 2609 τά
394 2540 696 2629 περιτετειχισμένα
727 2562 789 2608 σου
819 2535 1004 2627 οἰχήσεται,
1039 2533 1082 2617 ῶς

111 2638 224 2732 ἅρχων
242 2640 407 2732 Σαλαμάν
433 2646 469 2713 ἐκ
492 2647 553 2712 τού
571 2652 666 2711 οίκου
680 2636 866 2732 Ἱεροβοάμ,
893 2644 928 2709 έν
946 2637 1082 2728 ἡμέραις

112 2748 259 2834 πολέμου
277 2748 401 2836 μητέρα
421 2747 473 2814 ἐπὶ
490 2745 618 2826 τέκνοις
632 2741 814 2831 ηδάφισαν.
847 2736 934 2811 οὕτω
953 2739 1082 2829 ποιησαι

72 2892 99 2931 25
112 2845 194 2935 ὑμῖν
211 2846 299 2927 οίκος
313 2845 443 2937 Ἰσραὴλ
460 2843 525 2914 άπὸ
544 2843 724 2933 προσῶπου
738 2849 805 2915 τῶν
819 2842 960 2913 ἀδικιῶν
977 2839 1081 2932 ὑμῶν.

112 2945 241 3038 ὄρθρου
271 2946 441 3037 ἀπερρίφη
474 2945 631 3033 βασιλεύς
664 2943 810 3033 Ἱσραηλ,
847 2943 932 3015 διότι
967 2945 1083 3033 νήπιος

107 3045 256 3137 Ἰσραὴλ,
282 3050 338 3119 καλ
363 3045 427 3136 έγῶ
450 3045 607 3136 ἠγάπησα
631 3043 752 3136 αὐτὸν,
776 3049 832 3116 καλ
859 3051 890 3128 ἐξ
910 3044 1083 3134 Αίγύπτου

109 3149 314 3239 μετεκάλεσα
332 3145 372 3219 τά
388 3151 488 3219 τέκνα
506 3144 643 3219 αύτοῦ.”

189 3257 219 3322 2.
240 3249 436 3332 Δουλεύσας
450 3255 496 3344 τῷ
507 3245 736 3344 Ἐβραλκῶ“ἐξ
752 3247 927 3337 Αἰγύπτου
943 3246 1082 3318 ἐκάλεσα
1102 3300 1112 3327 0

177 3451 197 3499 β
216 3450 427 3515 Matth.18,16.
532 3453 565 3500 21
585 3448 633 3500 Os.
648 3452 688 3514 10,
704 3451 743 3500 14.
