2326 3818
334 139 520 194 υειιοαευ.
539 140 673 207 nmo.
693 142 740 194 ιιι.
754 143 794 192 ιτ.
974 141 1038 204 615

69 274 189 366 δέἀρα
207 275 363 366 ἐβούλετο
381 284 558 400 σημαίνειν
582 277 604 367 6
623 281 678 349 ἐπὶ
696 275 763 403 όνφ
793 276 909 370 όχησις
934 278 1039 351 αὐτού

67 376 140 450 ἀλλ’
166 375 196 504 6
212 377 275 468 τὴν
297 377 460 469 ταπεινὴν
482 382 538 450 καί
562 376 747 462 ἀδοξον’
707 383 813 450 αυτού
836 390 1037 473 παρουσίαν,

69 477 149 552 καθ’
174 477 219 570 ἣν
242 478 478 569 ἐποιήσατο
440 509 503 570 την
526 479 662 571 πρῶτην
684 478 816 570 ἀφιξιν;
847 479 949 571 ούσης
974 482 1038 606 γάρ

39 585 300 671 καὶδευτέρας
319 580 468 671 ἐνδόξου,
495 573 611 670 περὶ
589 611 629 672 ης
646 585 702 653 καί
720 579 852 670 Δανιὴλ
875 584 1038 672 γυμνότε-

40 712 129 774 ερον
159 683 377 755 ἐκκαλύπτων
412 682 475 772 τὴν
502 691 654 775 θεωρίαν
685 695 819 775 είρηνεν
841 680 1038 775 “έθεῶρονν

67 789 129 866 ἕως
146 782 225 857 ότου
242 783 362 873 θρόνοι
380 788 557 876 ἐτέθησαν,
577 788 632 856 καί
650 784 824 868 παλαιδς“
807 789 941 878 ημερῶν
960 783 1038 855 ἐκοί-

66 897 160 975 θητο.
198 894 300 977 χίλιαι
324 885 471 978 χιλιάδες
495 886 729 979 ἐλειτούργουν
757 884 864 983 αύτῷ,
896 892 951 958 καί
975 918 1061 977 μνη

66 995 136 1078 ρίαι
154 988 315 1078 μυριάδες
332 987 612 1081 παρειστήκεισαν
629 997 822 1082 ἔμπροσθεν
839 986 952 1062 αύτοό.
980 993 1037 1060 καὶ

66 1090 144 1161 ίδοίι
165 1089 247 1179 μετά
270 1096 338 1161 τῶν
361 1095 516 1180 νεφελῶν
538 1097 599 1161 τού
617 1089 784 1179 ούρανοῦ,
810 1087 856 1173 ῶς
880 1092 953 1177 υίὸς
976 1089 1036 1162 ἀν-

28 1227 54 1268 10
65 1189 208 1281 θρῶπου
235 1190 419 1281 ἐρχόμενος.
467 1197 496 1262 5.
533 1194 597 1261 καί·
614 1195 675 1273 ἕως
705 1196 766 1263 τού
795 1199 941 1264 παλαιοῦ
969 1199 1037 1264 τῶν

64 1286 199 1381 ἡμερῶν
217 1297 360 1380 ἔφθασε,
379 1296 435 1363 καί
453 1289 542 1387 αύτῷ
562 1291 667 1381 ἐδόθη
687 1290 708 1382 6
726 1291 811 1382 ἀρχὴ
835 1296 891 1364 καί
918 1292 939 1383 6
958 1293 1036 1384 τιμὴ

65 1394 121 1463 καί
140 1390 161 1481 6
179 1399 349 1481 βασιλεία,
368 1397 425 1464 καὶ
443 1392 565 1476 πάντες
583 1401 618 1465 οί
633 1396 725 1481 λαοὶ,
743 1396 867 1483 φυλαί,
885 1400 1036 1484 γλῶσσαι

65 1491 157 1586 αύτῷ
176 1493 407 1564 δουλεύουσιν.
432 1490 453 1582 6
473 1499 606 1578 ἐξουσία
619 1491 724 1566 αύτού
740 1499 873 1578 ἐξουσία
887 1493 1034 1586 αίῶνιος,

62 1592 134 1681 ἥτις
152 1590 192 1664 06
209 1595 467 1686 παρελεύσεται,
492 1598 548 1666 καὶ
566 1594 587 1685 6
606 1603 760 1685 βασιλεία
778 1598 883 1667 αὐτοῦ
900 1593 941 1666 06
961 1604 1036 1666 δια-

25 1726 51 1768 ιτ
64 1692 303 1784 φθαρήσεται.”
352 1703 381 1769 6.
415 1695 456 1767 τά
478 1698 541 1786 μέν
568 1700 627 1786 τῆς
649 1696 782 1787 πρῶτης
808 1694 952 1787 ἀφίξεως
976 1702 1034 1786 τῆς

65 1800 406 1886 ἐνανθρωπικωτέρας
424 1802 480 1869 καὶ
497 1802 654 1887 ταπεινῆς
672 1798 754 1888 μετὰ
770 1805 839 1870 τῶν
853 1796 966 1870 ἀλλων
978 1803 1061 1870 καλε

63 1904 161 1969 τοῦτο
180 1905 248 1989 ἔχει
265 1903 349 1989 μίγα
368 1907 488 1991 δεῖγμα
505 1903 562 1971 καί
580 1917 736 1991 σημεῖον,
759 1898 796 1970 τό
814 1905 922 1988 πράον
940 1905 1035 1990 λέγε-

64 2011 147 2070 σθαι
165 2003 221 2070 καί
240 1999 391 2092 ἡσύχιον,
408 1998 501 2092 ἥξειν
511 1999 555 2074 ’τε
570 2000 756 2094 ὀχούμενον
767 2001 937 2098 ὑποζυγίῳ
955 2031 1034 2094 προ-

63 2099 285 2190 φητεύεσθαι·
312 2110 410 2174 τούτο
428 2108 491 2193 γάρ
509 2111 626 2175 κοινοῦ
644 2108 700 2175 καὶ
717 2103 939 2194 ἀνθρωπίνου
957 2114 1036 2195 βίον

22 2234 49 2287 ιο
62 2199 186 2290 γένοιτ’
205 2198 247 2272 ἀν
265 2204 458 2292 τεκμήριον·
477 2205 517 2275 τά
536 2206 573 2274 δέ
591 2209 648 2292 τῆς
667 2209 826 2293 δευτέρας
842 2209 898 2275 καὶ
912 2210 1035 2278 ἐνθέου

62 2302 275 2393 λαμπρότατα
293 2309 453 2394 δηλούται
472 2304 527 2375 διά
550 2312 609 2392 τῆς
633 2307 687 2375 ἐπὶ
712 2310 865 2395 νεφελῶν
886 2303 1036 2396 ούρανοῦ

62 2409 291 2494 παρακομιδῆς
321 2408 377 2475 καί
390 2410 466 2515 τῆς
496 2412 637 2476 αίωνίον
667 2403 804 2476 πάντων
828 2410 896 2476 τῶν
920 2409 1033 2476 ἐθνῶν

61 2512 197 2593 βασιλεί
195 2513 302 2588 αςί
285 2475 433 2576 maz*
414 2536 457 2596 ην
474 2534 513 2596 γε
539 2505 676 2577 καλὸν’
659 2509 847 2631 ἀμφοτέρας
865 2520 1033 2595 παραθεῖ-

60 2635 116 2677 ναι
141 2624 209 2690 τοῖς
234 2611 270 2678 ἐκ
294 2613 490 2699 περιτομῆς,
521 2608 622 2705 λόγον
644 2637 681 2680 τε
707 2605 829 2690 αύτούς
851 2604 1032 2698 ἀπαιτῆσαι

21 2712 133 2791 ιεπῶς
155 2705 198 2779 ἂν
222 2707 368 2782 σῶσαιεν
392 2708 450 2792 τάς
475 2720 696 2801 προφητείας,
723 2718 804 2800 μίαν
821 2708 935 2800 ἄφιξιν
953 2721 1032 2801 Χρι-

60 2814 144 2881 στού
167 2817 438 2900 προσδοκῶντες
472 2813 603 2884 ἐπεὶ
565 2834 630 2902 γαρ
656 2816 817 2903 ἑκατέραν
838 2817 906 2883 τῶν
924 2841 1033 2903 παρα-

59 2918 225 2983 τεθεισῶν
247 2917 461 3004 προφητειῶν
483 2916 539 2982 καλ
553 2908 662 2984 αύτοὶ
690 2911 750 2984 τόν
772 2912 963 3001 Χριστόν’
948 2920 1032 3005 οράν

59 3010 297 3104 ὁμολογοῦσιν,
329 3012 399 3104 ῶρα
423 3017 534 3101 λέγειν
561 3017 618 3084 καὶ
648 3017 930 3104 πυνθανομένοις
949 3014 1032 3140 ημῖν

59 3112 325 3205 ἀποκρίνασθαι,
349 3121 420 3198 πῶς
442 3111 575 3186 οἷόντε
597 3110 658 3204 ἀφ’
685 3119 746 3186 ἕνα
770 3114 883 3186 καὶ
852 3144 910 3186 τον
927 3113 1031 3184 αὐτόν

20 3244 47 3287 ω
60 3215 179 3306 καιρόν
203 3220 259 3288 καί
279 3216 346 3306 ὑπὸ
369 3225 450 3307 μίαν
477 3213 592 3306 ἀφιξιν
617 3219 670 3287 ἐπὶ
690 3222 853 3307 ’νεφελῶν
881 3211 1032 3307 ούρανοῦ

128 3453 144 3502 δ
162 3451 235 3506 Dan.
253 3454 278 3516 ⁷,
297 3453 321 3504 9.
