2326 3818
121 113 179 176 116
523 113 672 166 EUSEBII

89 282 102 321 h
120 254 343 335 διασωθέντες
361 249 425 323 ἀπὸ
444 259 503 323 τοῦ
518 247 634 340 Ἰακύβ
651 248 781 339 ούκέτι,
804 254 927 343 φησὶν,
951 259 1087 327 ἔσονται

121 358 174 426 ἐπὶ
197 353 272 437 τούς
296 353 517 443 ἀδικήσαντας
536 352 675 443 αὐτούς,
702 350 774 425 ἀλλ’
802 363 935 427 ἔσονται
968 382 1087 429 πεποι-

63 483 105 535 [ιει
120 455 217 540 θότες
236 460 290 527 ἐπὶ
307 455 365 529 τόν
382 455 465 529 θεόν
482 457 541 527 τὸν
558 452 655 545 ἀχιον
677 461 737 528 τοῦ
757 452 894 547 Ἰσραήλ.
932 462 1003 527 10].
1027 462 1086 531 καὶ

120 557 182 650 ὅρα
200 588 238 649 γε
257 566 288 631 εί
303 559 347 650 μή
367 558 472 651 ταύτη
490 589 528 648 γε
546 562 588 649 τῇ
605 555 804 647 πεποιθήσει
823 564 858 629 οί
875 562 911 629 ἐκ
929 563 989 631 τοῦ
1001 557 1085 633 Ἰου-

122 667 228 732 δαίων
251 670 373 744 ἔθνους
398 658 639 751 προελθόντες,
669 656 705 731 οἷ
726 687 761 730 τε
787 664 823 731 ίκ
840 664 898 749 της
929 656 1113 733 ἀποπτύ-ε

120 786 203 846 σεως
222 793 281 834 του
267 760 426 854 Ἰσραήλ
452 763 724 883 περιλειφθέντες
747 763 896 852 μαθηταὶ
922 762 1020 833 καλ’
1001 763 1086 835 από-

121 875 231 937 στολυι
249 869 309 936 τοῦ
328 868 474 952 σωτῆρος
494 859 603 986 ἡμων,
626 864 755 953 μηδένα
773 861 873 952 λόγου
902 864 1088 990 ποιησόμε-

120 997 173 1037 νοι
191 994 258 1036 των
276 963 448 1055 ἀρχόντων
465 994 525 1037 του
512 968 664 1045 αίωυος
687 962 807 1036 τούτου
831 959 851 1055 ή
875 994 943 1036 των
965 964 1087 1057 ἀρχόν-

121 1096 188 1137 των
206 1096 266 1138 του
256 1070 326 1137 ἐκ
349 1074 527 1158 περιτομῆς
552 1070 635 1137 λαού
656 1095 725 1137 των
749 1065 852 1137 πύλαι
874 1063 1088 1141 ἀδικούντων

121 1166 257 1256 αὐτούς,
277 1172 420 1259 ἐξῆλθον
439 1176 487 1252 είς
505 1166 613 1239 πόντα
631 1164 671 1239 τά
689 1175 774 1257 έθνη
789 1166 1007 1257 κηρύττοντες
1025 1170 1086 1241 τὸν
1100 1200 1126 1243 ιο

122 1276 269 1359 Χριστοῦ
311 1270 429 1361 λόγον,
448 1268 648 1358 πεποιθήσει
671 1297 707 1340 τε
730 1275 770 1360 τῇ
796 1269 877 1359 πρὸς
902 1269 961 1342 τόν
986 1269 1088 1359 θεὸν,

95 1372 274 1463 ε(έπείπερ
313 1371 396 1444 κατά
426 1371 489 1464 τήν
512 1378 723 1462 προφητείαν
759 1370 958 1455 πεποιθότες
995 1363 1088 1462 ήσαν

123 1479 176 1546 ἐπὶ
195 1474 356 1548 τὸνθεόν
374 1474 432 1547 τδυ
450 1473 547 1564 ἅγιον
564 1479 623 1545 τοῦ
632 1472 782 1564 Ἰσραήλ,
801 1477 838 1545 ἐν
856 1471 1019 1567 ἀληθείᾳ,
1045 1471 1088 1547 ού

121 1578 184 1666 χάρ
202 1573 374 1665 ὑπούλως,
393 1574 473 1650 ούδδ
490 1572 570 1667 μεθ’
596 1573 825 1665 ὑποκρίσεως,
849 1573 915 1646 σύν
940 1574 1088 1670 ἀληθείη

123 1680 159 1749 δὲ
177 1675 275 1759 ὅλους
293 1678 431 1760 ἑαυτούς
450 1680 660 1749 ἐπιδέδουται
684 1677 808 1766 ἑλπίδι)
828 1673 869 1748 ού
882 1675 987 1767 μόνον
1004 1706 1088 1766 προ·
1101 1708 1126 1749 ιτ

121 1783 229 1868 ήλθον
246 1784 304 1869 τῆς
324 1782 453 1850 ἑαυτωυ
471 1777 591 1869 χωρας,
610 1775 693 1848 ἀλλά
712 1777 941 1866 κατώρθωσαν
954 1778 992 1849 τό
1005 1808 1087 1869 προ-

119 1883 326 1974 τεθειμένον.
355 1888 423 1952 103.
440 1885 536 1952 τοῦτο
550 1880 587 1950 δὲ
601 1877 683 1949 αὐτὸ
695 1878 797 1950 πόλιν
809 1877 846 1950 τδ
859 1882 1090 1971 καταλειφθέν

120 1987 225 2054 οἱονεί
256 1983 293 2052 τὸ
319 1986 450 2071 σπέρμα
480 1986 537 2070 τῆς
561 1978 783 2062 ἀποπτύσεως
813 1986 874 2053 τού
892 1981 1009 2070 Ἰακώβ
1032 1987 1088 2073 γέ·

121 2111 210 2172 χονε,
230 2082 391 2166 πεποιθὸς
410 2086 463 2154 έπὶ
480 2082 563 2155 θεὸν
577 2082 745 2174 ἰσχύοντα,
760 2086 815 2154 καὶ
834 2081 914 2155 αύτδ
933 2084 1089 2174 δήτοῦτο

120 2186 157 2255 τό
183 2184 385 2276 κατάλειμμα
402 2189 463 2257 τού
480 2184 602 2269 παντός
621 2194 742 2267 ἔθνους
767 2182 879 2257 αύτιάν
902 2189 1088 2276 γενομένου
1100 2216 1127 2257 κο

121 2285 168 2370 ὡς
186 2285 205 2377 ή
224 2285 329 2380 ἀμμος
348 2292 405 2378 τῆς
428 2285 621 2377 θαλάσσης,
639 2285 713 2358 ἀλλ’
742 2284 781 2358 ού
804 2287 886 2359 κατά
916 2289 956 2359 τὰ
980 2285 1088 2381 ἄστρα

120 2395 180 2462 τοῦ
204 2390 370 2481 οὐρανοῦ,
389 2394 446 2481 της
477 2389 566 2480 παρά
590 2394 637 2484 τῷ
660 2394 731 2482 θεῷ
756 2400 920 2480 σωτηρίας
944 2388 1088 2481 ἠξιώθη,

93 2490 234 2584 εοῗσπερ
290 2485 354 2565 ούν
405 2493 634 2584 ἐμαρτύρησεν
682 2489 700 2560 6
750 2487 930 2573 ἀπόστολος
982 2492 1090 2565 είπεδν

116 2589 279 2677 “Ἡσαΐας
299 2597 336 2664 δέ
355 2594 464 2684 κράζει
483 2591 568 2682 ύπέρ
586 2599 645 2664 τοῦ
658 2590 808 2681 Ἰσραήλ,
835 2592 893 2664 ἐὰν
923 2584 944 2685 ή
973 2591 991 2663 ὁ
1015 2589 1089 2684 ἀρι-

120 2694 207 2785 θμός
220 2701 286 2766 τῶν
304 2700 391 2768 υίων
405 2692 535 2785 Ἰσραήλ
555 2693 598 2776 ὡς
616 2696 636 2783 ἡ
655 2691 760 2784 ἀμμος
778 2700 836 2784 τής
853 2692 1088 2784 θαλύσσης,τδ
1099 2722 1126 2765 ει

123 2795 328 2887 κατύλειμμα
353 2794 570 2886 σωθήσεται.”
612 2800 681 2866 104.
710 2794 772 2868 δύο
792 2794 856 2885 γάρ
874 2825 924 2868 τοι
949 2800 1088 2886 ἐπαγγε-

124 2904 205 2968 λιῶν
224 2896 279 2967 διά
296 2906 354 2969 τού
378 2905 528 2988 χρησμοῦ
552 2905 598 2992 τῷ
620 2893 769 2989 Ἀβραάμ
794 2900 986 2988 δεδομένων
1008 2902 1088 2990 περὶ

122 3006 191 3070 των
210 3004 242 3082 ἐξ
261 2995 364 3071 αύτοῦ
382 3003 629 3091 γενησομένων,
649 2998 693 3082 ὦς
711 2997 775 3088 ἀρα
794 3008 926 3071 ἔσονται
945 2998 1028 3071 κατὰ
1045 3001 1087 3072 τοὶ

120 3097 225 3194 ἀστρα
243 3108 302 3172 τοῦ
320 3099 467 3192 ούρανοῦ
485 3103 540 3172 καὶ
559 3099 641 3172 κατὰ
666 3099 726 3190 τήν
749 3099 858 3192 ἀμμου
882 3109 939 3192 τής
956 3101 1088 3175 θαλύσ-

121 3227 192 3292 σης,
211 3211 279 3275 των
296 3205 359 3295 μὲν
376 3209 548 3292 θεοφιλῶν
571 3201 771 3293 λαμπόντων
788 3201 908 3294 ὁμοίως
932 3221 1000 3286 τοῖς
1026 3200 1089 3276 ού-
1101 3230 1128 3273 οο

125 3352 323 3365 -..Μ-ς

191 3438 221 3486 12
240 3438 286 3490 Es.
306 3441 346 3501 10,
366 3440 407 3489 νο.
