2326 3818
344 125 529 176 DEMONST.
542 124 676 176 EVANG.
691 126 768 174 VIII.
783 128 806 175 2.
993 123 1055 188 525

84 295 120 336 τε
137 262 271 353 ἀνομίαι
292 267 455 355 ἐξιλασμῷ
472 261 553 351 μετά
571 265 640 333 των
657 260 799 333 ἀδικιων
814 268 1054 354 ἐξαλείφονται,
1074 308 1084 334 ι-

85 363 282 453 δικαιοσύνη
309 392 345 434 τε
372 363 505 446 αἰώνιος
533 367 788 452 καταγγέλλεται
815 363 904 451 παρά
932 366 993 455 τὴν
1020 372 1056 437 έκ

85 467 209 556 νόμον,
228 462 361 554 ὁράσεις
380 468 488 535 τεκαὶ
512 483 711 555 προφητεῖαι
735 467 846 555 μέχρις
862 465 1055 556 Ἰωνάννου,

85 576 211 658 χρίεται
236 569 273 637 δέ
297 565 390 656 άγιος
414 565 531 655 ἀγίων.
575 563 639 655 πρό
663 565 727 656 γάρ
751 572 891 656 της-τού
908 573 1056 657 σωτῆρος

59 665 180 760 εὴμῶν
197 677 383 760 παρουσίας
400 668 462 740 ούκ
479 666 560 739 όντα
577 671 680 738 ταῦτα
698 674 924 759 προσεδοκᾶτο
941 669 1054 759 μόνον.

84 778 135 842 48.
155 769 321 861 άρξασθαι
341 771 378 841 δέ
395 774 463 840 των
475 767 643 862 ἀριθμῶν,
662 773 812 841 τουτέστι
825 776 893 842 των
911 771 1056 861 ἑβδομή-

86 901 186 944 κοντα
202 871 411 963 ἑβδομάδων,
430 871 452 941 ά
466 877 557 942 ἐστιν
567 879 623 961 ἔτη
630 871 831 964 ’τετρακόσια
845 871 1055 961 ἐνενήκοντα,

85 971 266 1064 όάγγελος
290 969 510 1061 ὑποτίθεται,
535 970 601 1044 άπὸ
627 972 743 1056 ἐξόδου
768 974 869 1063 λόγου
891 981 951 1046 τοῦ
973 973 1058 1044 ἀπο-

86 1081 245 1164 κριθῆναι
268 1079 406 1146 καὶτοῦ
429 1079 647 1164 οἰκοδομῆσαι
665 1071 896 1166 Ἰερουσαλήμ·
931 1081 1057 1164 συνέβη

49 1207 75 1245 ιο
89 1179 126 1247 δέ
143 1182 246 1246 ταῦτα
273 1180 326 1246 ἐπὶ
343 1173 556 1265 Ἀρταξέρξου
579 1179 640 1246 τού
656 1182 801 1263 Περσων
823 1178 1059 1265 βασιλεύοντος

89 1284 225 1369 εἰκοστῷ
251 1285 325 1349 ἔτει.
368 1284 517 1366 Νεεμίας
540 1274 640 1368 γάρὸ
665 1277 784 1349 τούτου
808 1278 956 1368 οἰνοχόος
981 1287 1059 1369 δεη-

86 1383 161 1459 θεὶς
185 1376 393 1467 ἀποκρίσεως
414 1386 531 1468 ἔτυχεν
551 1384 816 1469 οἰκοδομηθῆναι
830 1379 1087 1469 Ἱερουσαλημ,ε

87 1484 142 1550 καί
161 1478 257 1569 λόγος
276 1484 396 1568 ἐξῆλθε
410 1478 560 1551 κελεύων
573 1486 686 1551 ταῦτα.
711 1484 807 1571 μέχρι
820 1483 881 1571 μέν
894 1489 958 1572 γάρ
974 1486 1058 1551 ἐκεί-

86 1610 148 1652 νου
172 1585 234 1651 τού
264 1579 387 1672 χρόνον
412 1585 433 1670 ἡ
460 1580 554 1663 πόλις
578 1580 742 1671 ἠρήμωτο.
781 1588 832 1653 49.
853 1582 972 1671 Κόρου
994 1581 1058 1673 γάρ

51 1712 77 1752 ιε
88 1681 169 1771 μετά
198 1680 260 1771 τὴν
293 1686 616 1772 ἑβδομηκονταετίαν
646 1687 703 1771 τῆς
736 1691 960 1774 αἰχμαλωσίας
992 1689 1059 1754 των

87 1787 302 1873 βουλομένων
326 1789 467 1856 ἕκαστον
490 1788 680 1869 έκουσιαστλ
704 1790 996 1876 καταπέμψαντος,
1028 1791 1063 1855 οί

87 1886 168 1976 μετά
183 1883 293 1975 Ἰησοῦ
306 1890 368 1957 τού
380 1886 526 1976 μεγάλου
541 1890 655 1978 ἰερέως
669 1890 723 1957 καί
732 1887 923 1978 Ζοροβάβελ
943 1898 1059 1958 κατελ-

87 1988 224 2075 θόντες,
243 1992 299 2059 καί
316 1994 352 2058 οί
368 1992 422 2059 ἐπὶ
439 1988 567 2072 τούτοις
585 1986 778 2082 άμαἝσρᾳ,
795 1988 854 2061 τόν
867 1989 955 2061 νεάν
970 1997 1060 2060 οίκο-

88 2095 205 2176 δομεῖν
224 2089 409 2160 ἐκωλύοντο
422 2089 462 2158 τά
476 2096 602 2180 πρῶτα,
621 2094 676 2161 καί
690 2108 796 2181 τεῖχος
809 2097 850 2183 τῇ
861 2092 955 2162 πόλει
968 2118 1059 2180 περι-

48 2218 75 2258 εο
88 2197 224 2277 βαλεῖν,
254 2186 307 2270 ὥς
321 2186 362 2260 ού
386 2194 650 2280 κεκελευσμένον
674 2191 802 2263 τούτου.
852 2199 903 2264 50.
929 2200 1060 2282 ἔμεινεν

87 2281 149 2360 οὖν
167 2293 229 2372 ἕως
247 2299 398 2379 Νεεμίου
421 2292 478 2360 καὶ
502 2300 675 2379 βασιλείας
689 2291 904 2382 Ἀρταξέρξου
928 2297 984 2363 καί
1002 2299 1060 2380 της

88 2395 232 2479 Περσων
255 2389 435 2481 ἡγεμονίας
458 2399 553 2472 έτους
579 2392 880 2463 πεντεκαιδεκάτου
904 2398 960 2463 καί
986 2397 1059 2462 ἑκα-

87 2496 222 2563 τοστοῦ’
263 2487 328 2563 ἀπὸ
361 2495 397 2562 δέ
426 2496 485 2581 της
514 2487 669 2574 ἁλύσεως
696 2488 910 2583 Ἰερουσαλὴμ
942 2494 1061 2564 ἑκατόν

87 2590 294 2683 ὀγδοήκοντα
320 2598 419 2665 πέντε
446 2602 502 2684 ἔτη
529 2604 666 2684 γίνεται.
716 2599 772 2666 καί
798 2594 873 2665 τότε
903 2599 1061 2684 βασιλεὺς

49 2723 75 2764 25
87 2693 95 2718 '
105 2700 298 2786 Ἀρταξέρξης
313 2700 489 2768 ἐκέλευσεν
502 2691 767 2787 οἰκοδομηθῆναι
779 2697 841 2786 τὴν
859 2697 965 2768 πόλιν.
992 2709 1027 2768 Ν
1029 2727 1058 2770 ε·
1072 2726 1126 2776 (ωσι

90 2807 183 2885 εμίας
198 2799 236 2868 δὲ
249 2802 500 2887 καταπεμφθεὶς
514 2804 573 2868 τοῦ
587 2805 688 2888 ἔργον
705 2802 867 2889 προέστη,
885 2799 906 2888 η
923 2801 960 2870 δέ
979 2799 1060 2894 ςόκο·

89 2897 223 2987 δομήθη
254 2909 393 2969 πλατεῖα
423 2902 478 2968 καί
510 2909 712 2989 περίτειχος,
743 2900 787 2981 ὡς
811 2901 1058 2990 προεφητεύθη.

90 2998 250 3069 κάκεῖθεν
279 2998 484 3089 ἀριθμοῦσιν
512 2998 594 3090 ἡμῖν
623 2999 852 3092 ἑβδομήκοντα
877 3002 1061 3091 ἑβδομάδες

91 3109 139 3184 είς
156 3100 215 3172 τὸν
232 3099 378 3190 Χριστόν
404 3105 652 3172 σνντελούνται.
698 3101 748 3173 51.
770 3110 802 3174 εί
825 3102 888 3192 γάρ
915 3102 1061 3173 ἀλλοθέν

52 3231 79 3271 το
91 3215 200 3274 ποθεν
223 3197 383 3294 ἀριθμεῖν
405 3200 594 3293 ἀρξαίμεθα
619 3205 675 3274 καὶ
694 3201 756 3275 ούκ
780 3208 958 3290 ἐντεῦθεν,
984 3202 1061 3273 οὔτε

91 3302 109 3374 ὁ
133 3303 250 3395 χρόνος
275 3311 516 3395 συνδραμεῖται
540 3307 596 3375 καὶ
620 3315 759 3376 πλεῖστα
781 3302 889 3376 ἄτοπα
912 3301 1062 3394 ἀπαντή-

91 3426 152 3485 σει,
195 3405 254 3479 έάν
271 3435 307 3476 τε
333 3405 396 3496 γάρ
423 3403 487 3477 ἀπὸ
505 3405 623 3496 Κύρου
646 3409 702 3476 καὶ
727 3410 785 3496 τῆς
809 3406 942 3497 πρώτης
961 3437 1062 3477 κατα-
