2326 3818
136 129 201 192 334
549 125 697 176 Εῐιεεοιι

137 265 220 358 πρὸς
238 271 381 356 Μοοσῆν,
399 264 541 354 βαδισον
558 268 615 336 καὶ
630 260 799 353 ὁδήγησον
811 263 869 333 τὸν
883 261 965 332 λαδν
983 268 1034 347 εἰς
1053 261 1116 337 τδν

137 368 240 439 τόπον
257 365 298 437 δν
316 365 432 458 είριμιύ
449 385 517 438 σοι·
546 365 621 437 ίδοῦ
638 365 655 436 6
673 362 812 454 ἄγγελός
835 391 901 453 μου
918 365 1113 456 προπορεύ-

138 498 207 540 εται
231 468 296 560 πρὸ
319 467 501 559 προσώπου
524 492 596 540 σου
603 463 621 493 ”
664 468 719 536 καί
742 463 845 536 πάλιν
856 463 936 535 “nal
955 465 1030 536 εἰπε
1048 464 1112 537 κύ-

137 599 207 694 ριρς
230 569 313 661 πρὸς
337 574 486 659 Μωσῆν,
514 566 661 657 πορεύου
690 570 746 638 καί
769 563 919 655 ἀνάβηθι
944 568 1112 639 ἐντεῦθεν

107 670 180 747 εσῦ
197 671 285 742 καλ
271 701 288 742 ο
307 668 418 751 λαός.”
462 676 492 741 2.
511 672 567 740 καὶ
591 667 686 758 ἑξῆς
688 666 758 740 ’καὶ
784 671 1024 738 συναποστελῶ
1042 665 1136 760 πρδι

136 771 318 861 προσώπου
335 792 397 841 σου
414 768 473 841 τδν
489 768 632 858 ῦγγελόν
649 766 747 858 μον.”
791 759 889 839 αῦται
912 764 963 838 ὅτι
981 766 1028 857 μὴ
1045 766 1111 858 ἆγ-

136 878 253 962 γέλου,
278 870 383 960 μόνου
402 873 439 940 δὲ
456 875 541 941 θεοῦ
559 866 746 959 γίνοιντο”
726 899 770 940 αν
787 871 915 959 φωναὶ,
939 876 1047 939 παντί
1061 898 1111 965 τρο

136 972 314 1063 πρόδηλον.
363 978 450 1043 θεοῦ
474 973 512 1042 δὲ
535 967 670 1054 τίνος
649 1001 670 1061 η
695 978 756 1042 τοῦ
783 988 853 1053 τοῖς
876 966 1113 1061 προπύτορσιν

138 1074 348 1162 ἕωραμένου,
366 1069 406 1144 δν
423 1070 566 1163 ῦγγελον
581 1076 668 1145 θεοῦ
684 1076 801 1161 σαφοῦς
814 1086 995 1162 προσεῖπεν
1012 1069 1110 1143 δἸα·

137 1174 225 1262 κολβς
243 1165 339 1255 οὗτος
358 1175 395 1245 δὲ
412 1165 456 1263 ἦν
473 1174 554 1264 ἡμῖν
567 1173 585 1245 6
598 1177 684 1246 θεοῦ
697 1172 805 1263 λόγος,
825 1168 870 1256 οῦς
884 1169 926 1242 διν
944 1174 1001 1242 καὶ
1018 1176 1108 1244 θεοῦ
1121 1200 1146 1241 ιι

138 1290 216 1357 παῖς
234 1277 289 1345 καλ
307 1273 407 1357 αῦτὸς
423 1275 503 1357 θεὸς
521 1278 578 1346 καλ
595 1272 709 1366 κύριος
727 1273 971 1363 ὠνομασμένος.

431 1542 511 1615 Ἀπὸ
529 1549 586 1634 τῆς
605 1541 810 1632 Δεκαλόγου.

111 1713 125 1752 ο
214 1691 287 1752 XVl.
313 1672 423 1765 “'Eyoe'
441 1686 508 1767 είμι
526 1677 639 1768 κύριος
655 1676 674 1747 6
691 1675 771 1759 θεός
788 1700 868 1764 σου,
893 1673 910 1745 6
936 1674 1110 1765 ἐξαγαγών

138 1799 175 1847 σε
190 1782 226 1847 ἐκ
243 1785 303 1867 γῆς
322 1778 513 1867 Αἰγύπτου,
533 1781 566 1861 ἐξ
583 1789 678 1850 οίκου
697 1784 860 1859 δουλείας
891 1774 955 1847 οῦκ
972 1784 1112 1848 ἔσονταί

137 1902 190 1949 σοι
207 1882 321 1949 &soff
301 1908 408 1967 ετεροι
425 1877 513 1967 πλὴν
532 1875 646 1967 ἐμοῦ.”
683 1881 793 1961 καλξ
759 1907 774 1948 ε
777 1881 833 1965 ξῦς
846 1874 998 1964 “ἐγιδ’
954 1905 1019 1966 γαρ
1039 1885 1107 1968 εἰμι
1120 1904 1144 1946 ιι

133 1974 285 2103 κύριοςδ
308 1979 389 2059 θεός
412 2001 492 2066 σου,
515 1977 595 2060 θεός
613 1977 787 2067 ζηλωτήςῗ
830 1984 861 2049 2.
880 1980 936 2047 καὶ
961 1980 1109 2067 ἐπιλέγει

133 2073 196 2147 “06
215 2077 304 2168 λήψῃ
321 2080 359 2148 τὸ
376 2076 481 2168 ὄνομα
498 2088 619 2171 κυρίου
636 2108 696 2150 του
684 2083 798 2150 θεοῦ
816 2100 879 2149 σου
893 2081 947 2149 ἐπὶ
964 2086 1106 2204 ματαίρο.

137 2175 178 2249 06
170 2176 259 2301 ρδρ
277 2177 322 2268 μὴ
340 2188 509 2311 καθαρίσρ
523 2180 706 2306 κύριοςτόν
719 2178 976 2305 λαμβρίνοντα
946 2207 982 2249 το
1000 2176 1109 2270 ὄνομα

137 2278 242 2349 αὐτοῦ
262 2283 314 2350 ἐπί
338 2280 500 2375 ματαίρο.”
543 2280 720 2352 κάνταῦθα
737 2280 835 2362 αὐτὸς
858 2276 1009 2369 δκύριος
1028 2284 1109 2373 περὶ

138 2383 252 2472 ἑτέρου
269 2390 389 2473 κυρίου
412 2380 453 2453 τοὶ
471 2390 672 2475 προκείμενα
690 2381 850 2453 διδάσκει.
888 2379 993 2451 είπῦν
1019 2387 1145 2469 γοῦνιι

131 2480 221 2571 “ἐγύ
239 2491 306 2573 εἰμι
330 2483 445 2575 κύριος
467 2482 486 2554 6
509 2483 590 2564 θεός
608 2480 691 2553 σον”
719 2486 864 2570 ἐπιλέγει
875 2479 941 2552 “06
959 2481 1051 2573 λήψῃ
1069 2481 1108 2554 τδ

69 2616 123 2667 (ναι
137 2582 241 2672 ὄνομα
255 2593 375 2674 κυρίου
387 2588 447 2654 τοῦ
456 2589 541 2654 θεοῦ
554 2582 650 2673 σου,”
671 2586 749 2672 περὶ
765 2589 824 2656 τοῦ
838 2581 960 2673 πατρὸς
975 2582 1107 2672 δηλαδὴ

136 2687 193 2754 καί
209 2688 295 2754 θεοῦ
312 2688 379 2754 τοῖν
392 2681 511 2754 ῦλοονδ
532 2682 686 2774 δεύτερος
703 2683 820 2773 κύριος
833 2681 892 2754 τδν
909 2681 1107 2774 θεράποντα

136 2790 373 2873 μυσταγωγῶν.
416 2790 445 2853 3.
472 2780 582 2876 εῦροις
607 2781 639 2855 δ’
665 2781 708 2856 διν
732 2787 789 2855 καί
818 2783 902 2854 ἄλλα
925 2791 1030 2876 μυρία
1054 2784 1102 2853 δι’

135 2882 213 2972 ὅλης
239 2889 297 2972 τῆς
323 2889 412 2973 ίερῦς
434 2889 566 2977 γραφῆς
584 2893 822 2975 παραπλησίως
839 2883 968 2967 τούτοις
990 2888 1145 2972 ἐξενη-ει

134 2988 297 3073 νεγμένα,
329 2983 376 3055 δι’
403 2977 451 3057 οἷν
472 2982 491 3057 6
513 2985 595 3067 θεὸς
620 2986 665 3068 ὥς
689 2988 766 3078 περὶ
789 2989 905 3077 ἑτέρου
928 2988 1015 3057 θεοῦ
1043 2988 1104 3054 ιιαλ

135 3082 234 3167 αῦτδς
263 3084 281 3157 6
305 3085 419 3177 κύριος
449 3085 493 3170 ὥς
516 3090 594 3179 περὶ
625 3090 741 3179 ἑτέρου
769 3094 890 3178 κυρίου
920 3084 997 3169 τοῦς
1020 3112 1105 3177 χρη-

135 3187 238 3277 σμοῦς
257 3192 407 3261 ἐποιεῖτο.

135 3334 337 3346 ᾖ.

204 3422 235 3470 10
252 3422 302 3469 Ex.
315 3424 357 3482 το,
371 3423 396 3472 ο.
