2326 3818
140 128 182 193 54
551 130 700 181 ευεειιιι

134 267 385 359 Ἱεροσολύμοις,
404 266 479 339 ἀλλ’
500 274 538 341 έν
555 272 656 340 παντὶ
674 268 765 365 τόπμ
784 266 1023 358 προσκυνείν.”
1053 274 1113 343 καὶ

140 369 257 461 affin}
283 379 456 466 λιβανωτῷ
480 375 537 442 καὶ
561 380 716 460 θυσίαις,
742 377 778 443 ἐν
802 370 966 461 πνεύματι
992 372 1030 441 δὲ
1055 376 1114 444 καὶ

140 470 284 566 ἀληθείᾳ
302 473 505 563 θρησκεύειν
515 472 543 506 ·”
582 477 637 544 καὶ
654 472 717 544 ὅσα
734 478 871 545 τοιαῦτα
891 477 927 544 ἐν
943 476 985 564 τῇ
1003 471 1113 545 αὐτοῦ

140 578 275 664 φέρεται
294 584 510 669 διδασκαλίᾳ,
536 576 712 665 πανσόφου
737 565 780 664 ήν
803 572 960 665 ἀντικρυς
985 578 1041 646 καὶ
1059 604 1113 646 τε·

140 676 310 749 λειοτάτου
328 680 523 768 νομοθέτου.
559 682 607 746 13.
624 676 675 747 διδ
694 680 749 747 καί
767 684 803 748 οί
817 676 1023 767 ἀκροώμενοι
1043 680 1141 762 ἔξω

139 779 339 868 πλήττοντο,
366 783 472 869 φησὶν
489 777 510 867 ἡ
528 786 608 849 θεία
625 778 754 868 γραφή,
782 775 831 849 ὅτι
850 784 1029 851 ἐδίδασκεν
1046 778 1112 850 αὐ-

115 882 215 964 ιτοδς
244 877 288 962 ως
316 886 470 963 ἐξουσίαν
495 887 600 970 ἔχων,
633 884 688 951 καὶ
711 877 772 970 οὐχ
791 880 835 961 ὡς
857 887 893 950 οί
907 898 1113 972 γραμματεῖς

140 981 254 1052 αὐτῶν
273 985 327 1051 καὶ
346 988 381 1052 οἱ
397 993 583 1074 Φαρισαῖοι.
620 985 786 1052 καὶτοῦτο
803 990 920 1054 τοίνυν
937 983 973 1053 τὸ
992 993 1113 1056 λεῖπον

138 1087 180 1173 τῇ
198 1083 349 1167 Μωσέως
367 1093 553 1177 προφητείᾳ
579 1083 693 1173 λόγιον
711 1082 925 1175 ἀπεκλήρου,
951 1081 1113 1169 ὡσαύτως

141 1187 178 1254 δὲ
197 1188 251 1254 καὶ
269 1184 309 1255 τά
327 1186 424 1257 λοιπὰ
438 1191 506 1257 των
520 1190 733 1276 προφητειων
746 1190 813 1256 των
834 1189 910 1276 περὶ
931 1183 1033 1258 αὐτοῦ
1052 1191 1111 1259 καί
1126 1216 1154 1259 ιο

139 1289 215 1375 περὶ
234 1291 290 1376 τής
308 1295 371 1371 τως
390 1293 502 1359 έθνωυ
515 1288 662 1377 κλήσεως
676 1295 897 1376 θεσπίσματα.
926 1294 972 1359 14.
992 1292 1114 1377 γέγονε

138 1396 256 1460 τοίνυν
274 1390 447 1480 πληρωτὴς
471 1395 532 1462 τοῦ
550 1388 654 1480 νόμον
673 1394 729 1460 καὶ
747 1394 815 1461 τῶν
833 1394 1032 1479 προφητῶν,
1051 1390 1113 1474 τὰς

139 1495 214 1583 περὶ
235 1495 359 1563 ἑαυτοῦ
376 1492 575 1585 προρρήσεις
590 1501 637 1575 είς
650 1497 753 1583 πέρας
765 1490 919 1582 ἀγαγών·
941 1496 997 1562 καὶ
1014 1493 1114 1583 μέχρι

138 1594 201 1682 μέν
218 1590 322 1664 αὐτοῦ
348 1593 468 1684 στήσας
492 1592 551 1665 τὸν
577 1593 738 1684 πρότερον
764 1592 885 1683 νόμον,
910 1588 1053 1684 ἀρχηγὸς
1072 1596 1114 1666 δὲ

138 1693 323 1782 ἀναφανεὶς
343 1698 502 1785 δευτέρον
519 1699 579 1765 τοῦ
595 1712 663 1774 τοῖς
681 1699 783 1765 πᾶσιν
796 1704 912 1766 ἔθνεσι
931 1706 1113 1785 κατηγγελ-
1128 1722 1156 1767 ιι

138 1797 242 1884 μένον
266 1800 324 1885 της
348 1800 464 1885 καινῆς
489 1793 653 1885 διαθήκης
677 1796 801 1886 νόμον,
828 1794 871 1878 ως
895 1796 980 1887 ὁμοῦ
1004 1797 1114 1887 νόμον

140 1900 192 1966 καλ
212 1894 314 1988 ἀρχῆς
339 1910 447 1969 αίτιον
470 1903 672 1986 καταστῆναι
695 1904 763 1969 τῶν
782 1905 879 1969 δυεῖν
895 1898 1112 1992 ὑποθέσεων,

110 1997 347 2088 (ιἸονδαισμοῦ
377 2002 461 2087 λέγω
492 2001 547 2070 καὶ
579 2004 849 2092 Χριστιανισμοῦ.
899 1998 917 2070 δ
942 2003 998 2071 καὶ
1028 1997 1114 2073 αὐτὸ

139 2099 325 2189 θαυμάζειν
342 2099 446 2190 ἀξιον,
464 2099 526 2191 τήν
543 2109 645 2174 θείαν
657 2101 843 2195 πρόρρησιν
858 2091 927 2172 οἶδε’
942 2129 1012 2183 πως
1030 2101 1114 2173 ἀνα·

139 2207 322 2290 φωνοῦσαν
336 2199 463 2292 “ίδοά,·
483 2212 600 2295 τίθημι
632 2210 668 2276 ἐν
701 2202 794 2275 Σιών
817 2211 917 2274 λίθον
942 2203 1112 2295 ἐκλεκτὸν,
1127 2233 1155 2274 εο

138 2300 400 2397 ἀκρογωνιαίου,
420 2315 567 2397 ἔντιμον·
596 2309 651 2378 καί
665 2302 683 2377 δ
697 2304 865 2377 πιστεύων
884 2313 931 2387 είς
949 2301 1052 2376 αὐτὸν
1070 2305 1115 2378 οὐ

140 2406 501 2500 καταισχυνθήσεται.”

217 2517 265 2582 15.
291 2521 348 2593 Τίς
375 2511 405 2581 δ’
428 2507 470 2582 ἀν
498 2523 549 2600 είη
567 2508 820 2601 ἀκρογωνιαῑοις
847 2505 866 2598 ή
891 2499 987 2589 οὗτος
1009 2503 1027 2578 ὁ
1047 2513 1114 2594 ζεῖν

139 2612 193 2679 καὶ
214 2620 433 2700 πολυτίμητος
448 2620 543 2693 λίθος
561 2619 642 2701 μίαν
661 2617 696 2681 ἐκ
713 2618 808 2682 δυεῖν
822 2616 1010 2700 οἰκοδομῶν
1027 2608 1113 2681 ὑπο-

140 2711 343 2801 στησάμενος
375 2709 431 2781 διά
461 2716 518 2801 τῆς
549 2708 656 2783 αάτοῦ
687 2718 919 2798 διδασκαλίας;
951 2709 1014 2801 τήν
1044 2711 1111 2804 γὰρ
1125 2740 1155 2782 τε

140 2816 292 2894 Μωσέως
309 2814 422 2904 μέχρις
442 2809 544 2884 αὐτοῦ
563 2826 817 2905 παραταθείσαν
834 2813 969 2904 στήσας,
991 2817 1026 2883 ἐκ
1044 2826 1114 2884 θα-

140 2915 238 3004 τέρου
256 2916 376 3004 μέρους
394 2913 456 3004 τήν
474 2912 637 3005 ἡμετέραν
657 2920 863 3005 ἐπισυνήψεν
886 2915 948 3005 τήν
971 2913 1113 2987 κατὰ-τὸ

142 3011 336 3104 εὐαγγέλιον
360 3016 550 3107 οἰκοδομήν.
594 3022 642 3088 16.
662 3015 746 3089 ὅθεν
770 3017 904 3100 είκότως
927 3017 1112 3108 ἀκρογωνι·

141 3135 212 3200 αίος
231 3113 429 3207 ὠνόμασται.
472 3121 527 3188 καὶ
553 3123 590 3191 έν
614 3129 756 3210 ψαλμοῖς
781 3121 819 3190 δὲ
842 3131 971 3210 είρηται
989 3114 1115 3191 ε’λίθον

140 3212 179 3284 ὃν
201 3217 454 3310 ἀπεδοκίμασαν
482 3227 518 3292 οί
544 3225 813 3312 οίκοδομοῦντες,
844 3211 940 3304 οὗτος
963 3219 1152 3312 ἐγενήθητε

208 3453 241 3502 ‘20
258 3453 305 3504 Es.
319 3454 360 3518 28,
375 3455 415 3504 16.
519 3457 553 3506 29
571 3455 617 3506 Ps.
633 3457 690 3519 118,
706 3456 750 3506 22.
