2326 3818
122 96 184 180 666
530 114 678 168 εοεεειῐ

82 252 165 340 οιάν
186 259 245 344 τῆς
269 258 417 344 γραφῆς,
451 257 524 326 ἐπεὶ
547 256 603 325 καί
627 260 751 345 κυρίως
780 251 869 325 οὕτω
898 244 989 342 παρά
1017 269 1088 336 τοῖς

123 354 405 447 ἑβδομήκονταέτι
417 359 473 426 καὶ
484 360 550 427 νῦν
561 353 768 446 τῇἙβραίων
777 353 1087 446 ὀνομάζεταιφωνῇ.

123 462 285 550 φέρονται’
305 485 344 548 γε
368 456 436 548 μὴν
453 455 531 545 παρ’
553 455 667 540 αὐτοῖς
692 460 746 528 ἐπὶ
771 463 830 546 τῆς
846 465 944 540 θείας
961 480 1089 548 προση-

121 568 236 650 γορίας
253 563 309 630 καὶ
334 563 446 650 ἕτεραί
465 586 554 641 τινες
574 560 795 648 ἐκφωνήσεις,
820 553 934 648 ὥσπερ
952 551 1015 631 οὖν
1032 561 1090 630 καὶ

121 659 157 732 τό
175 667 313 733 Σαδδαΐ
333 663 389 732 καὶ
412 659 449 732 τό
468 658 542 733 ’Iam'
565 663 621 730 καί
640 660 676 731 τὸ
685 657 751 731 Ἧλ
773 664 829 731 καί
851 657 937 730 ἀλλα
960 659 1115 742 τούτοιςε

121 760 343 853 παραπλήσια.
379 769 430 834 29.
450 757 467 832 5
488 760 530 850 δή
548 753 611 833 οὖν
634 760 716 851 μετά
733 777 845 853 χεῖρας
867 761 1004 851 Ψαλμὸς
1021 757 1089 833 ἀπὸ

94 867 180 936 οτοά
203 859 245 953 ἠλ
272 861 345 952 ἠλεὶ
372 860 444 953 ἠλεὶ
470 867 558 954 λαμά
580 871 774 953 σαβαχθανί
796 864 959 952 περιέχει,
983 854 1010 957 ᾧ
1034 866 1091 934 κε’-

121 994 237 1056 χρηται
256 968 311 1035 καλ
329 961 346 1035 5
371 964 484 1051 κύριος
501 959 615 1054 ἡμῶν,
639 958 680 1035 οὗ
697 964 765 1055 μὴν
782 963 848 1035 ἀπὸ
870 967 932 1036 τοῦ
956 967 1088 1054 έλωείμ.

121 1072 172 1137 30.
191 1065 209 1137 5
227 1070 311 1155 γοῦν
324 1064 465 1148 Ἀκύλας
482 1064 649 1155 διαφοράν
667 1063 765 1148 stads
782 1070 841 1155 τῆς
864 1063 943 1153 παρ’
959 1064 1090 1156 Ἑβραί-

121 1197 170 1250 οις
187 1173 273 1239 θεοῦ
291 1174 515 1257 προσηγορίας
534 1171 570 1238 ἐκ
594 1173 663 1240 τῶν
686 1170 806 1257 ἐλωελμ
830 1169 1089 1258 σημαινομένης,
1104 1198 1128 1238 ιο

120 1269 157 1339 τὸ
182 1274 247 1341 νῦν
278 1268 486 1360 δηλούμενον
520 1272 558 1338 ἐν
583 1276 629 1361 τῷ
657 1265 730 1358 ἠλεί
753 1265 829 1358 ἠλεί
853 1265 916 1340 οὐκ
945 1267 1091 1358 ἠξίωσεν

120 1366 241 1460 ὁμοίως
268 1388 337 1452 τοῖς
361 1382 488 1451 λοιποῖς
512 1368 530 1440 5
553 1368 634 1451 θεὸς
658 1366 676 1441 5
700 1369 780 1452 θεός
803 1398 868 1460 μου
891 1371 1090 1460 μεταβαλών

122 1480 247 1561 εἰπεῖν,
271 1471 511 1562 ἀλλά“ίσχυρέ
533 1499 598 1561 μου
622 1474 741 1561 ίσχυρέ
754 1468 859 1561 μοα·”
883 1471 972 1543 τὸδ’
992 1470 1091 1562 ἀκρι-

121 1575 178 1662 βές
196 1578 286 1645 ἐστιν
300 1569 416 1664 “ίσχυ’ς
429 1601 494 1663 μου
509 1570 602 1662 ίσχάς
620 1569 715 1662 μοα.”
740 1570 825 1645 ὥστε
839 1574 922 1644 κατά
934 1573 997 1662 τὴν
1014 1573 1090 1645 τοά·

121 1704 180 1746 του
205 1673 357 1746 διάνοιαν
379 1672 438 1746 τόν
463 1672 571 1764 ἀμνὸν
587 1681 646 1745 τοῦ
663 1680 748 1746 θεοῦ
771 1673 831 1746 τὸν
847 1671 1008 1765 ἡμέτερον
1025 1697 1089 1746 σω·
1104 1704 1128 1746 ιτ

120 1780 204 1866 τήρα
221 1775 393 1864 φάσκοντα
409 1776 446 1846 τὸ
463 1773 537 1865 ἠλεί
553 1774 629 1865 ἠλεί
645 1774 727 1867 πρὸς
750 1774 809 1846 τὸν
831 1781 957 1867 πατέρα
979 1779 1091 1866 λέγειν

117 1872 258 1967 “ίσχαρέ
271 1907 336 1968 μου
355 1882 473 1967 ίσχαρέ
493 1907 576 1967 μον,
595 1883 684 1949 ίνατί
700 1881 910 1967 ἐγκατέλιπές
926 1905 976 1966 με.
984 1873 1003 1901 ”
1035 1883 1088 1948 31.

56 2009 109 2059 (ιω)
123 1982 176 2048 καί
201 1978 283 2068 τάχα
308 1983 377 2048 ἐπεὶ
404 1982 617 2067 ἐγκατέλιπεν
639 1971 742 2050 αὐτὸν
772 1977 791 2049 5
814 1978 950 2069 ἰσχυρὸς
972 1976 1090 2067 αὐτοῦ,

120 2077 239 2150 τούτου
252 2079 350 2169 χάριν
364 2079 600 2170 [έστααρωθη],
612 2079 656 2162 ὥς
669 2103 774 2171 φησιν
787 2078 805 2151 5
818 2076 999 2161 ἀπόστολος
1008 2075 1090 2150 “καὶ

121 2181 184 2269 γάρ
209 2178 407 2271 ἐσταυρώθη
431 2185 463 2266 ἐξ
487 2180 685 2269 ἀσθενείας,
709 2184 765 2252 καὶ
788 2187 825 2272 ζῇ
850 2186 886 2252 έκ
913 2179 1089 2272 δυνάμεως
1102 2211 1128 2253 εο

120 2287 223 2372 θεοῦ,
242 2281 286 2363 ὥς
303 2280 349 2372 μή
367 2286 576 2373 σταυρωθελς
596 2295 646 2371 εἴη
660 2280 713 2372 ἀν,
734 2291 765 2354 εί
777 2283 821 2372 μή
839 2280 856 2353 5
876 2280 1010 2373 ίσχνρός
1029 2284 1089 2354 αὖ·

121 2389 179 2454 τοῦ
203 2393 435 2455 καταλελοίπει
458 2383 570 2457 αὐτόν.
612 2390 662 2455 32.
682 2387 737 2455 καὶ
761 2381 824 2475 ὅρα
842 2391 874 2454 εί
895 2383 940 2473 μή
965 2393 1089 2473 ἔπρεπε

120 2484 178 2556 τὸν
195 2483 302 2575 ἀμνὸν
326 2489 388 2556 τοῦ
409 2494 511 2575 θεοῦ,
537 2486 595 2557 τὸν
613 2484 657 2568 ὡς
683 2484 854 2574 πρόβατον
880 2488 935 2556 ἐπὶ
952 2485 1089 2575 σφαγὴν

121 2583 267 2675 ἀχθέντα
290 2591 344 2658 καί
364 2585 408 2668 ως
426 2586 533 2678 ἀμνὸν
557 2592 711 2659 ἐναντίον
727 2592 787 2658 τοῦ
807 2595 975 2678 κείροντος
993 2584 1089 2676 ἀφω-

120 2716 197 2777 νον,
221 2687 278 2769 τὰς
302 2696 427 2770 οἰκείας
453 2687 613 2778 δυνάμεις
636 2688 832 2760 ἀνατιθέναι
849 2697 896 2783 τῷ
913 2693 1003 2783 θεῷ,
1032 2691 1088 2758 καὶ
1101 2715 1128 2757 ιε

120 2790 227 2878 μηδὲν
244 2796 332 2859 λ’ὃιον
350 2797 439 2878 ἔχειν
455 2789 613 2879 ἡγεῖσθαι
630 2786 651 2880 ἠ
668 2790 773 2880 μόνον
789 2788 849 2862 τάν
866 2796 1006 2881 πατέρα·
1036 2789 1089 2862 διὸ

120 2891 177 2959 καὶ
200 2890 338 2980 ίσχυρόν
360 2890 420 2963 τὸν
443 2897 569 2981 πατέρα
586 2893 691 2963 αὑτοῦ
708 2893 886 2980 ἀποκαλεῖ,
910 2889 953 2974 ὥς
976 2895 1032 2963 καί
1052 2895 1089 2963 έν

91 2989 390 3085 6,·ἕπτακαιὸεκάτω
413 3001 541 3086 Ψαλμῷ
560 2993 658 3083 ίσχάν
675 2997 797 3065 ἑαυτοῦ
821 2997 876 3063 καὶ
894 3001 1088 3083 κραταίωμα

120 3096 175 3165 καί
188 3092 388 3183 καταφυγὴν
399 3093 459 3166 τὸν
472 3099 598 3185 πατέρα
611 3093 774 3184 ὀνομάζει,
785 3097 892 3184 λέγων
901 3090 1087 3183 ’ἀγαπήσω

120 3218 177 3286 σε,
209 3194 304 3286 κύριε
328 3191 349 3283 ἠ
373 3194 469 3285 ίσχάς
494 3225 577 3286 μου,
601 3195 715 3287 κύριος
738 3195 906 3286 στερέωμά
923 3225 1005 3284 μου,
1031 3198 1104 3266 καὶ,Δ

187 3430 221 3478 λθ
238 3429 339 3480 2001.
355 3430 395 3490 13,
408 3430 434 3478 4.
538 3431 571 3480 29
589 3430 635 3480 Ρε.
651 3431 729 3494 18,1.

1033 3544 1055 3591 ¹·

543 3676 584 3724 Α
