2326 3818
353 108 539 159 DEMONST.
558 108 690 160 ενκοο.
711 111 745 160 x,
764 113 789 162 4.
997 109 1059 173 647

85 258 173 337 ξατο.
212 253 261 317 12.
280 253 316 318 οί
331 248 369 318 δὲ
387 244 551 338 ἀρχιερεῖς
562 246 720 336 λαβόντες
733 246 774 318 τόι
790 247 934 337 ἀργύρια
949 249 1059 339 εἶπαν,

86 351 151 424 οὐκ
169 358 238 421 ἐστι
262 358 380 438 βαλεῖν
405 346 490 420 αὐτοὶ
516 357 562 432 είς
586 349 645 420 τὸν
668 354 857 439 κορβανᾶν,
884 355 955 422 ἐπεὶ
982 353 1059 443 τιμή

87 451 225 541 αἵματός
251 456 349 522 ἐστιν.
402 450 609 542 συμβούλιον
640 451 677 520 δὲ
705 449 865 539 λαβόντες
888 451 1061 543 ἠγόρασαν

87 560 122 640 ἐξ
140 553 252 626 αὐτῶν
269 553 328 624 τὸν
345 551 450 643 ἀγρόν
467 559 526 625 τοῦ
545 553 712 643 κεραμέως
730 560 777 636 είς
795 551 905 643 ταφήν
922 571 992 635 τοῖς
1010 562 1059 639 ξέ-
1074 587 1127 637 μεη

60 686 168 740 ενοις.
219 655 276 726 διὸ.
302 655 428 745 ἐκλήθη
461 655 479 726 ὁ
508 653 610 748 ἀγρός
638 659 763 737 ἐκεῖνος
793 653 894 745 ἀγρὸς
923 663 1061 776 αἳματος

87 764 149 842 ἕως
174 765 231 847 τῆς
255 755 403 847 σήμερον
426 753 559 848 ἡμέρας.
602 755 676 829 τότε
694 756 874 848 ἐπληρώθη
898 755 935 827 τό
954 759 1061 848 ρηθεν

88 859 145 932 διά
157 859 317 950 Ἱερεμίου
335 888 394 930 του
412 858 587 983 προφήτου
605 862 778 950 λέγοντος,
804 863 859 929 καὶ
882 860 1055 948 ἔλαβον
1021 890 1060 930 τα

87 961 266 1053 τριάκοντα
290 959 451 1084 ἀργύρια,
478 961 540 1050 τήν
562 959 661 1051 τιμήν
678 992 738 1033 τον
762 991 997 1053 τετιμημενου,
1022 959 1061 1032 ὃν

89 1059 330 1189 ἐτιμήσαητο’
311 1062 377 1132 από
401 1068 487 1134 υίών
500 1061 646 1153 Ἰσραήλ,
671 1067 728 1133 καὶ
752 1072 884 1134 ἔδωκαν
910 1064 995 1136 αὐτὰ
1015 1073 1061 1147 είς

49 1193 76 1234 ιο
88 1165 147 1237 τὸν
164 1158 270 1254 ἀγρόν
286 1193 346 1234 του
331 1165 543 1265 κεραμέως,
561 1161 651 1234 καθά
666 1166 826 1247 συνέταξέ
840 1196 896 1255 μοι
911 1164 1060 1256 κύριος.”

89 1274 138 1338 13.
158 1276 244 1338 ἔνθα
268 1268 324 1335 καὶ
348 1253 552 1352 ἐπιστήσεις,
577 1268 648 1336 ἐπεὶ
672 1264 717 1354 μή
741 1270 846 1335 ταῦτα
869 1271 1005 1355 φέρεται
1025 1273 1062 1338 ἐν

86 1376 127 1459 τή
145 1397 204 1438 τον
190 1366 377 1489 ’Ἱερεμίου
396 1373 628 1492 προφητεία,ε
612 1378 678 1436 είτε
691 1365 754 1456 χρή
767 1365 929 1436 ὑπονοειν
943 1395 1062 1458 περιη-

87 1475 212 1556 ρήσθαι
230 1466 316 1537 αὐτα
303 1466 367 1551 ἐξ
386 1468 489 1553 αὐτῆς
513 1467 596 1536 κατά
613 1497 689 1537 τινα
707 1463 986 1559 ῥᾳδιουργίαν,
966 1498 985 1556 η
1005 1472 1058 1539 και
1074 1502 1087 1541 ι

87 1566 223 1653 σφάλμα
241 1566 408 1656 γραφικόν
421 1570 606 1656 γεγονέναι,
624 1571 692 1638 τών
706 1566 926 1658 ἀμελέστερον
939 1570 979 1638 τὰ
993 1575 1061 1640 τών

47 1693 72 1732 ιε
88 1672 189 1755 ίερών
203 1665 411 1756 εὐαγγελίων
424 1665 614 1759 ἀντίγραφα
627 1672 862 1759 πεποιημένων
876 1674 1061 1759 σφαλέντος

86 1765 193 1856 τινὸς,
217 1772 274 1840 καὶ
292 1768 368 1840 ἀντὶ
385 1771 446 1857 μὲν
468 1774 529 1841 τοῦ
545 1778 714 1860 Ζαχαρίου
727 1770 889 1860 Ἱερεμίαν
911 1770 1060 1842 τεθεικό-

86 1900 159 1959 τος,
184 1868 228 1954 ὦς
256 1876 335 1943 δίον
357 1868 461 1955 οὕτως
485 1869 743 1964 ἀναγεγράφθαι
755 1869 854 1943 κτότε
878 1872 1060 1995 ἐπληρώθη

86 2002 123 2043 το
113 1970 250 2061 ῥηθέν
275 1973 331 2044 ὃιά
349 1982 518 2065 Ζαχαρίου
542 1979 603 2048 τοῦ
620 1971 818 2068 προφήτου,’
819 1971 922 2049 ’ἀντὶ
947 1977 984 2047 δε
1002 1983 1061 2048 τοῦ

82 2070 163 2144 “nal
188 2077 348 2200 ἐνέβαλογ
373 2073 494 2157 αὐτους
524 2078 625 2161 είς
593 2108 652 2149 τον
675 2080 768 2150 οἶκον
792 2087 970 2212 κυρίου,ε
955 2086 1002 2162 εςί
1025 2079 1062 2150 τὸ

49 2202 74 2242 εο
88 2173 336 2267 χωνευτήριον,’
337 2175 582 2299 ’ἐσφαλμένως
599 2176 840 2304 πεποιηγότος
841 2180 911 2250 ‘xm
900 2184 1062 2252 ἔδωκαν

88 2275 173 2348 αὐτοὶ
192 2279 288 2361 είς
257 2307 315 2348 τον
332 2274 437 2367 ἀγρόν
454 2306 514 2347 του
533 2275 734 2367 κεραμίως.”
778 2301 895 2365 σαφως
920 2277 983 2368 γάρ
1004 2279 1061 2350 ὃιά

87 2381 148 2468 μὲν
171 2384 230 2467 τῆς
254 2386 457 2468 προφητείας
477 2385 524 2461 είς
547 2378 606 2449 τόν
629 2383 689 2448 του
714 2385 834 2467 κυρίου
860 2377 944 2449 ναόν
969 2384 1060 2469 ἐρρί-

87 2494 175 2568 φθαι
189 2485 320 2570 λέγεται
332 2479 368 2550 τὸ
382 2475 555 2570 ἀργύριον,
574 2482 630 2551 καὶ
649 2477 692 2549 δι’
710 2476 814 2550 αὐτοῦ
830 2480 868 2550 δὲ
880 2483 943 2550 του
961 2479 1084 2569 εὐαγε

87 2591 204 2670 γελίου
232 2591 278 2665 είς
301 2584 359 2653 τὸν
384 2580 482 2654 ναόν·
515 2578 639 2674 “βίψας
656 2579 759 2671 γοῦν”
787 2583 892 2671 φησὶν
904 2579 1058 2664 “Ἰοόὸας

48 2707 74 2749 εσ
87 2682 127 2754 τά
146 2679 290 2775 ἀργύρια
314 2691 362 2767 είς
384 2684 443 2755 τὸν
459 2684 543 2756 ναὸν
560 2680 789 2776 ,ἀνεχώρησεί
828 2689 877 2754 15.
898 2688 953 2754 καὶ
973 2684 1060 2766 είκός

87 2813 126 2873 γε
145 2789 177 2868 ἐξ
203 2791 342 2856 ἐκείνων
365 2792 433 2856 τών
450 2785 623 2877 ἀργυρίων
646 2793 792 2876 βέβηλον
809 2792 984 2875 γεγονέναι
1002 2785 1060 2858 τόν

86 2886 183 2975 ναὸν,
201 2890 257 2957 καὶ
275 2890 518 2976 πεπληρῶσθαι
535 2887 572 2957 τὸ
586 2883 684 2957 “confi
697 2884 833 2975 ἀφίεται
844 2887 927 2976 ὑμῖν
939 2886 957 2959 ὁ
971 2890 1061 2971 οἶκος

86 2984 185 3076 ὑμῶν
208 2984 359 3077 ἐρημος.”
407 2990 464 3057 καὶ
486 2986 548 3077 ὅρα
571 3016 610 3075 γε
639 2987 766 3078 μήποτε
793 2985 1059 3080 χωνευτήριονὸ

88 3090 178 3172 οἶκος
196 3099 317 3178 κυρίου
337 3089 393 3159 ὃιά
410 3092 507 3160 τοῦτο
525 3091 698 3179 κέκληται,
719 3093 854 3178 ἐπείπερ
874 3089 920 3170 ώς
939 3095 975 3160 ἐν
993 3118 1060 3178 χω-

48 3199 163 3283 εονείμ
189 3191 480 3279 μεταπλάττεσθαι
505 3188 563 3272 τάς
589 3190 697 3280 ψυχὰς
725 3194 760 3259 ἐκ
783 3193 841 3278 τής
865 3196 933 3258 τών
951 3197 1060 3261 θείων

88 3291 198 3381 λόγων
215 3291 397 3379 πυρώσεως
417 3296 453 3363 ἐν
470 3297 516 3386 τῷ
534 3295 595 3363 τοῦ
611 3295 695 3363 θεοῦ
719 3302 800 3383 οίκῳ
822 3298 1019 3382 συμβαίνει,
1038 3289 1059 3382 ή

88 3391 196 3476 ἀλλως
213 3393 457 3485 ἀπελίγχεσθαι
475 3394 520 3484 μή
538 3391 707 3485 καθαράς,
726 3389 770 3473 ως
789 3396 826 3463 ἐν
845 3403 1059 3487 χωνευτηρίω
