2326 3818
332 115 519 169 οααοαεν.
538 116 671 168 ανιαο.
690 118 738 168 1v.
758 119 797 167 ιο.
973 115 1035 179 263

434 375 576 461 Ψαλμοῦ
594 370 664 459 κγ’.

68 496 190 583 Χριστος
203 494 381 581 ονομαστλ
353 519 403 553 τον
416 495 517 554 θεον
518 502 631 566 πόπτην
644 493 887 619 ἐπιγραφόμενος,
927 502 958 553 ια
970 521 1031 569 τεη

68 567 118 634 τῆς
135 564 316 629 ἀναστάσεως
333 561 422 623 αῦτοῦ
438 565 543 649 ἡμέρα,
561 568 611 622 καλ
625 563 714 628 είςῖ
683 585 699 620 ο
713 584 762 628 κος
779 565 881 620 θεοῦ
865 587 883 634 η
882 519 1035 635 έλκλησία

501 631 601 689 αὐτοῦ,

42 789 54 828 5
146 753 229 828 18.“
234 754 477 851 Υπερασπιστά
494 754 590 848 ἡμῶν
609 754 693 830 ῖὸε’
677 789 695 828 ο
713 756 809 847 θεός,
829 762 885 829 καὶ
904 762 1033 846 ἐπίβλε-

67 875 133 942 ψον
151 862 204 930 έπλ
221 859 258 931 τό
276 860 457 953 πρόσωπον
469 865 528 931 τοῦ
536 864 680 952 Χριστοῦ
699 884 769 931 σον.
797 856 848 929 ότι
867 869 1032 951 κρείσσων
1043 891 1099 943 μοι)

65 956 172 1054 ἡμέρα
189 969 249 1051 μία
267 967 304 1033 έν
321 981 393 1045 ταῖς
411 959 528 1044 αῦλαῖς
547 983 609 1033 σου
626 956 711 1052 ῦπὲρ
730 959 890 1051 χιλιάδας.
928 966 1034 1045 ἐξελε-

66 1061 173 1152 ξάμην
199 1075 504 1154 παραρριπτεῖσθαι
532 1067 568 1133 ἐν
585 1067 637 1156 ,τῷ
659 1074 740 1155 οῖκῳ
764 1068 823 1132 τοῦ
853 1068 941 1135 θεοῦ
968 1094 1033 1152 μου

65 1168 193 1252 μᾶλλον
210 1159 232 1252 ἦ
250 1172 356 1234 οἰκεῖν
373 1194 414 1253 με
433 1170 470 1234 έν
487 1162 703 1252 σκηνοῦμασιν
714 1162 959 1253 ἁμαρτωλῶν·”
982 1172 1031 1236 19.

27 1294 52 1333 ιο
66 1270 100 1334 oc
116 1265 327 1353 ἐπιστάμενοι
345 1265 404 1335 τὸν
422 1262 567 1353 Χριστόν
584 1270 643 1335 τοῦ
660 1268 745 1335 θεοῦ
761 1265 841 1335 όυτα
859 1264 958 1354 λόγον
976 1270 1034 1336 καὶ

66 1373 190 1454 σοφίαν
207 1369 263 1434 καὶ
281 1370 352 1455 (μῦς
365 1364 532 1454 ἀληθινόν
546 1368 601 1435 καλ
615 1365 712 1454 ζωὴν,
732 1372 845 1435 ἔπειτα
857 1366 918 1455 τὴν
937 1371 1032 1437 ἐναν-

64 1465 243 1555 θριόπησιν
281 1464 385 1538 αὐτοῦ
421 1465 667 1555 συννοήσαντες
705 1465 961 1555 κατεπλάγησαν
996 1465 1032 1537 τό

65 1566 255 1657 παράδοξον
272 1573 331 1639 τοῦ
349 1567 553 1658 θελήματος,
578 1566 662 1639 ὥστε
680 1564 832 1639 ἀνειπεῖν
845 1565 922 1638 “nal
943 1575 1033 1638 είδο-

64 1698 127 1758 μεν
144 1667 260 1758 αὐτόν,
279 1673 335 1740 καὶ
352 1669 414 1740 οῦκ
433 1666 522 1760 εἶχεν
540 1668 629 1748 εἶδος
646 1665 726 1740 οῦδὲ
744 1668 875 1759 κάλλος,
894 1666 967 1740 ἀλλ’
989 1661 1033 1758 ἦν

26 1799 51 1840 15
63 1769 99 1840 τό
119 1770 208 1852 εἶδος
226 1767 331 1864 αῦτοῦ
349 1768 477 1860 ἀτιμον,
495 1773 551 1840 καὶ
570 1774 723 1841 ἐκλεῖπον
734 1769 824 1859 παρὰ
840 1770 918 1852 τοῦς
936 1772 1032 1853 υίοῦς

62 1876 131 1942 τῶν
148 1870 351 1962 ἀνθρώπων.
387 1870 568 1962 ἅνθρωπος
587 1876 624 1941 ἐν
640 1876 753 1961 πληγῇ
770 1869 834 1959 ἀν,
858 1876 914 1942 καὶ
934 1870 1031 1954 εἰδώς
1047 1899 1058 1941 ι

63 1977 180 2061 φέρειν
197 1982 376 2063 μαλακίαν,
395 1970 445 2043 ότι
463 1971 650 2062 ἀπέστρεψε
661 1971 696 2043 τό
716 1971 897 2064 πρόσωπον
916 1974 1030 2060 αὐτοῦ,

62 2069 265 2162 ητιμάσθη.”
537 2162 541 2167 Ι

140 2179 190 2242 20.
211 2173 358 2256 Εἰκότως
377 2177 607 2262 παρακαλοῦσι
621 2171 775 2245 τὸνθεόν
789 2178 964 2263 ἐπιβλέψαι
983 2183 1031 2256 είς

25 2274 99 2347 ιοτὸ
124 2272 304 2361 πρόσωπον
327 2282 386 2343 τοῦ
410 2278 555 2358 Χριστοῦ
576 2272 612 2344 τό
645 2273 689 2343 δι’
717 2271 801 2363 ἡμᾶς
823 2273 1031 2365 ἠτιμωμένον

63 2378 118 2444 καλ
136 2377 420 2464 καθυβρισμένον,
439 2372 518 2443 λλεοό
535 2402 571 2444 τε
584 2373 664 2462 ἡμῖν
675 2377 835 2462 γενέσθαι
851 2375 895 2444 δι’
916 2375 1029 2462 αὐτὸν,

59 2470 154 2546 “έπελ
172 2473 229 2555 τάς
252 2471 414 2566 ἁμαρτίας
432 2470 528 2564 ἡμῶν
551 2471 735 2564 ἀνείληφεν
758 2478 813 2545 καὶ
831 2474 917 2564 ὑπὲρ
935 2471 1029 2565 ἡμων

62 2573 257 2648 όδυνᾶται.”
293 2579 397 2648 ταῦτα
416 2573 451 2646 δ’
472 2574 672 2665 λκετεῦουσι,
690 2579 868 2667 μονονουχὶ
883 2583 1029 2647 ποθοῦν-

61 2706 114 2758 τες
140 2682 196 2748 καὶ
224 2683 261 2749 έν
292 2677 374 2768 εῦχῄ
396 2680 566 2768 τιθέμενοι
590 2678 627 2750 τό
651 2677 831 2768 πρόσωπον
855 2685 913 2768 τῆς
933 2677 1029 2768 δόξης

23 2807 49 2847 25
64 2783 150 2848 ἰδεῖν
172 2783 233 2848 τοῦ
246 2784 405 2869 Χριστοῦ,
423 2782 480 2850 καὶ
496 2779 560 2867 τὴν
576 2775 704 2869 ἡμέραν
721 2784 781 2850 τοῦ
798 2778 906 2868 φωτός
925 2779 1029 2850 αὐτοῦ

62 2875 271 2948 θεάσασθαι·
299 2877 383 2967 αὕτη
402 2881 440 2950 δὲ
457 2872 500 2967 ἦν
517 2879 538 2969 ἡ
552 2885 610 2969 τῆς
623 2885 660 2950 έκ
672 2888 802 2970 νεκρῶν
815 2880 1028 2963 ἀναστάσεως

62 2975 183 3066 αῦτοῦ,
202 2976 320 3066 ἥντινα
337 2987 419 3068 μίαν
435 2972 542 3051 οὖσαν
558 2984 615 3051 καὶ
631 2980 739 3070 μόνην
757 2980 801 3064 ὡς
819 2979 953 3071 ἀληθοῦς
971 3011 1053 3053 κυ-ε

61 3087 140 3168 ρίαν
157 3072 262 3150 οὖσαν
280 3082 335 3149 καλ
344 3079 509 3171 κυριακην
518 3089 693 3172 κρείττονα
703 3082 791 3152 εἶναί
804 3104 886 3171 φασι
897 3090 1029 3172 μυρίων

59 3179 151 3254 ὅσων
163 3187 231 3252 τῶν
243 3183 438 3271 κοινοτέρως
449 3185 643 3273 νοουμένων
654 3178 806 3273 ἡμερῶν,
825 3180 845 3271 ἢ
857 3187 925 3253 νῦν
938 3183 1029 3273 παρὰ

129 3415 144 3462 5
162 3413 208 3463 Ρε.
221 3416 263 3478 83,
278 3416 302 3464 9.
408 3417 439 3466 13
457 3416 503 3465 Εε.
517 3417 559 3480 53,
572 3417 597 3465 2.
