2326 3818
92 115 155 178 128
502 114 650 166 ευεεοιι

91 263 147 327 δοι
166 243 271 324 αὑτοῦ
293 250 349 323 ἀπ’
376 251 479 344 ἀρχῆς
505 254 537 337 ἐξ
561 249 696 343 ἡμερῶν
719 257 848 336 αίῶυος.
886 253 942 324 διὰ
960 261 1060 326 τοῦτο

90 356 195 428 δώσει
214 353 334 437 αὐτοὺς
353 359 414 437 ἕως
432 359 549 445 καιροῦ
568 354 757 443 τικτούσης·
789 357 932 443 τέξεται,
951 357 1007 426 καὶ
1026 363 1063 428 οί

91 461 258 530 ἐπίλοιποι
280 460 348 529 τεόν
370 453 528 547 ἀδελφῶν
546 453 659 528 αὐτῶν
678 453 947 546 ἐπιστρένουσι,”
987 463 1058 528 149.

92 563 148 631 καλ
172 558 252 649 μετὰ
276 562 402 649 βραχέα
426 562 569 647 ἐπιλέγει
588 554 669 628 “nal
692 566 783 628 ἔσται
805 555 841 628 τδ
868 556 1060 650 ὑπόλειμμα

89 667 151 734 τοῦ
165 657 283 750 Ἰακώβ
308 666 345 732 ἐν
363 679 431 743 τοῖς
450 669 604 749 ἔθνεσιν,
632 664 777 755 ἐνμέσῳ
800 662 892 730 λαόν
909 666 1057 750 πολλῶν,
1073 692 1088 734 ε

90 760 136 846 ως
155 762 274 854 δρόσος
291 761 382 850 παρὰ
400 769 519 851 κυρίου
537 770 722 850 πίπτουσα,
746 763 802 832 καὶ
821 757 865 844 ῦς
883 759 981 852 ἄρνες
1001 759 1057 834 ἐπ’

90 864 276 954 ἄγρωστιν,
302 862 392 944 ὅπως
414 863 459 954 μή
482 867 638 954 συναχθῇ
661 866 795 954 μηδεὶς,
819 864 903 953 μηδὲ
927 863 1060 956 ὑποστῇ

93 971 129 1037 ἐν
147 973 234 1047 υἱοῖς
252 964 459 1054 ἀνθρώπων·
496 967 552 1035 καὶ
576 972 668 1036 ἔσται
685 964 721 1036 τό
739 960 928 1055 ὑπόλειμμα
943 962 1062 1056 Ἰακῦβ

63 1101 79 1130 c
94 1071 130 1139 ἐν
147 1083 215 1148 τοῖς
233 1076 389 1155 ἔθνεσιν,
409 1069 552 1160 ἐνμέσῳ
570 1071 661 1137 λαῶν
678 1069 830 1156 πολλῶν,
855 1065 899 1148 ὡς
917 1069 1004 1139 λέων
1023 1071 1061 1140 ἐν

92 1185 161 1250 τοῖς
178 1166 313 1256 κτήνεσι
330 1172 389 1239 τοῦ
409 1174 555 1259 δρυμοῦ,
576 1170 631 1237 καὶ
649 1162 693 1251 τός
711 1167 857 1259 σκύμνος
873 1171 910 1240 ἐν
926 1178 1059 1259 ποιμνί·
1074 1200 1101 1242 ιο

92 1300 141 1353 οις
158 1269 349 1361 προβάτων·
385 1265 426 1341 όν
442 1267 567 1361 τρόπον
583 1268 664 1340 ὅταν
683 1273 803 1361 διέλθῃ
834 1272 889 1341 καὶ
914 1278 1061 1343 διαστεέ·

91 1382 151 1458 λας
168 1371 319 1462 ὑρπόση,
345 1374 401 1442 καλ
418 1369 464 1462 μή
483 1360 505 1462 ἦ
522 1369 539 1442 ὁ
564 1370 803 1462 ἐξαιρούμενος.
839 1370 1060 1463 ὑψωθήσεται

91 1472 112 1564 ἡ
137 1483 209 1565 χείρ
239 1497 302 1545 σου
330 1475 384 1543 ἐπὶ
410 1472 488 1555 τοῦς
513 1471 695 1562 θλίβοντῦς
719 1497 773 1562 σε,
805 1477 861 1545 καὶ
886 1473 1008 1558 πάντες
1026 1481 1062 1547 οί

89 1578 211 1666 ἐχθροί
225 1597 287 1647 σου
307 1573 680 1666 ἐξολοθρευθήσονται.”

169 1684 238 1748 150.
263 1674 400 1748 Τούτων
413 1673 489 1748 οὐδ’
507 1673 549 1746 ἄν
562 1706 592 1746 τι
606 1680 735 1764 γίνοιτο
751 1675 959 1768 λευκότερον,
974 1676 1060 1750 κατδι
1073 1705 1100 1747 ιο

91 1776 127 1849 τό
145 1777 226 1849 αῦτδ
245 1780 300 1848 καὶ
324 1777 386 1867 τήν
403 1781 537 1867 γένεσιν
554 1776 615 1867 τήν
642 1781 678 1850 ἐν
695 1780 849 1869 Βηθλεέμ
874 1784 933 1850 τοῦ
951 1784 1062 1870 σωτή-

91 1910 147 1971 ρος
171 1877 462 1971 ἆναφωνοῦντων,
487 1881 542 1950 καὶ
568 1879 630 1970 τήν
657 1879 722 1970 πρὸ
752 1885 872 1962 αἰῶνος
895 1878 1061 1954 οῦσίωσιν

88 1980 212 2070 αὑτοῦ,
232 1984 287 2051 καὶ
305 1981 364 2052 τὸν
380 1984 438 2068 τῆς
455 1982 630 2071 παρθένου
647 1979 800 2071 τοκετόυ,
819 1984 957 2053 καὶτῶν
973 1979 1060 2055 ἄπο-

91 2081 219 2153 στόλων
237 2085 292 2152 καὶ
314 2087 477 2171 μαθητῶν
500 2081 603 2154 αὑτοῦ
626 2083 688 2173 τήν
705 2092 840 2173 κλῆσιν,
868 2088 924 2155 καί
940 2085 977 2154 τδ
995 2085 1059 2174 κή-

91 2213 202 2275 ρυγμα
221 2183 255 2254 τδ
274 2181 355 2255 καθ’
374 2182 452 2274 ὅλης
471 2188 529 2274 τῆς
542 2188 738 2275 οἰκουμένης
752 2189 828 2276 περὶ
843 2191 902 2258 τοῦ
911 2193 1058 2276 Χριστοῦ
1071 2216 1100 2258 ιο

59 2315 73 2357 ο
92 2282 137 2356 δι’
158 2283 269 2358 αὑτῶν
287 2289 562 2377 κατηγμελμένον.
600 2293 671 2360 1ῦ1.
691 2293 750 2358 τοῦ
768 2287 832 2380 μδιρ
848 2291 1058 2378 δηλονμένον

88 2385 265 2479 ἄρχοντος,
284 2380 326 2461 οῦ
342 2388 400 2473 τοὶς
420 2387 554 2473 ἐξόδους
577 2387 595 2460 δ
614 2387 709 2479 λόγος
729 2394 761 2473 ἐξ
784 2385 918 2480 ἡμερῶν
936 2395 1059 2476 αίῦνος

90 2489 177 2562 εἶναι
201 2499 314 2580 δηλοῖ,
341 2495 376 2562 ἐκ
399 2495 458 2580 τῆς
480 2492 636 2580 Βηθλεὲμ
666 2493 971 2581 προελευσομένον,
999 2496 1057 2564 καί

88 2597 147 2679 τῆς
170 2601 288 2663 τοῦτον
305 2591 546 2682 ἀποτικτοῦσης
562 2587 659 2681 όιγίας
677 2595 851 2681 παρθένου
869 2593 1057 2683 τεξομένης,

87 2691 129 2762 οῦ
147 2691 274 2774 πάντας
292 2696 375 2783 φησὶ
392 2692 470 2775 τοῦς
489 2697 525 2764 ἐκ
543 2690 823 2784 περιτομής,όλλόι
835 2695 959 2784 μόνους
976 2693 1057 2778 τοῦς
1070 2722 1099 2765 εο

90 2795 281 2877 ἐπιλοίπους
305 2791 609 2884 ἆνασωθήσεσθαι,
640 2791 700 2877 οῦς
730 2799 785 2867 καὶ
810 2806 931 2886 λεῖμμα
954 2795 1059 2886 γενή-

89 2906 209 2965 σεσθαι
228 2900 286 2966 τοῦ
301 2892 434 2986 Ἰακῦβ,
459 2900 514 2967 καὶ
540 2904 639 2986 δίκην
657 2896 781 2990 δρόσου
801 2900 854 2968 ἐπὶ
869 2896 979 2970 πάντα
997 2904 1058 2970 δο-

85 2993 258 3084 θήσεσθαι
275 2997 314 3067 τδ
333 3006 426 3087 ἔθνη.
445 2996 561 3070 “ἕσται
579 2997 643 3088 γὰρ
661 2999 796 3090 (φησίν)
814 2998 851 3070 τό
864 2998 1056 3090 ὑπόλειμμα

86 3101 147 3169 τοῦ
161 3093 277 3188 Ἰακοδβ
296 3102 418 3182 ἐντοῖς
437 3107 590 3189 ἔθνεσιν,
615 3096 660 3183 ὥς
685 3099 802 3190 δρόσος
826 3100 916 3193 παρὰ
934 3109 1056 3193 κυρίου

87 3207 254 3271 πίπτουσα
284 3204 340 3273 καὶ
359 3196 403 3284 ὑς
426 3199 526 3293 όρνες
551 3198 604 3274 ἐπ’
630 3199 829 3294 ἅμρωστιν.”
881 3208 950 3275 152.
970 3199 1052 3275 ἄνθ’
1068 3229 1096 3270 εο

155 3435 171 3481 ι
190 3433 254 3488 Min.
268 3438 292 3499 ε,
306 3438 329 3486 ι.
