2326 3818
121 121 183 183 313
526 118 675 169 Ensssssn

94 257 288 347 ιὺττουργὸς
311 250 353 347 ἦν
377 256 498 343 αὐτοῦ,
524 254 608 326 ὥστε
633 256 907 345 ἐπικελευομένου
933 262 998 325 τοῦ
1021 264 1099 346 μετ’·

123 369 213 443 ζονος
232 358 335 430 αὐτὸν
350 366 576 448 δημιουργεῖν,
599 361 672 446 ἑξής
686 356 769 427 κατὰ
781 356 840 427 τὸν
853 354 1008 445 παρόντα
1024 362 1098 429 ἐντι-

122 464 209 549 λέγει
228 461 367 550 Ψιιλμδν
381 457 587 549 “φοβηθήτω
605 458 664 529 τδν
678 457 794 548 κύριον
807 464 896 527 πᾶσα
913 452 935 545 ή
953 463 1014 548 γῆ,
1032 458 1093 530 ὑπ’

123 560 227 632 αὐτον
252 569 288 632 δὲ
312 561 573 649 σιιλευθήτωσοιν
597 558 718 641 πάντες
742 565 776 631 ολ
791 562 1028 642 κατοικοῦντες
1045 568 1096 632 οἱ·

122 668 307 753 κουμένην,
332 663 382 732 ὅτι
412 659 510 741 αὐτὸς
537 661 624 749 εἶπε,
650 664 705 730 καὶ
736 659 964 750 ἐγενήθησαν,
994 658 1117 743 αὐτὸςτ

123 770 322 850 ἐνετείλατο,
342 767 397 833 καὶ
418 759 656 849 ε’κτίσθησοιν.”

198 871 227 934 4.
256 864 435 951 Πρόδηλον
454 862 515 951 γάρ
535 862 578 944 ὡς
597 862 614 932 ὁ
633 865 740 950 λέγων
765 866 866 955 έτέρῳ
884 864 975 950 λέγει
1001 860 1096 935 κνδδ

124 964 355 1054 ἐντελλόμενος
374 966 473 1058 ἑτέρῳ
497 963 575 1054 παρ’
607 962 728 1034 ἑαυτὸν
746 965 938 1033 ἐντέλλεται.
976 970 1096 1054 σαφῶς

125 1068 161 1135 δέ
186 1069 239 1135 ἐπὶ
263 1069 304 1154 τῇ
331 1073 390 1136 τοῦ
419 1072 564 1155 σωτῆρος
588 1064 682 1155 ήμῶν
707 1063 964 1154 ένανθρωττήσει
988 1074 1096 1157 μυρίοι

123 1165 237 1255 πλήθη
270 1172 305 1237 ἐκ
328 1166 436 1256 πάσης
459 1174 517 1255 τής
541 1174 618 1255 γης,
645 1164 735 1237 τοῦτ’
763 1175 853 1236 ἔστιν
877 1169 909 1248 ἐξ
932 1161 1095 1238 ἁπάντων
1106 1204 1128 1245 ιι

101 1310 110 1333 ‹-
125 1274 191 1338 τῶν
211 1271 263 1338 ἐπὶ
282 1274 338 1356 τῆς
357 1276 417 1357 γῆς
437 1272 566 1351 ἐθνῶν,
585 1265 695 1337 οὐκέτι
715 1266 758 1348 ιδς
776 1266 812 1337 τδ
825 1269 906 1355 πρὶν
924 1266 1002 1351 τούς
1023 1275 1095 1339 δαέ-

123 1399 242 1458 μονοις,
266 1367 341 1439 ἀλλ’
367 1368 471 1440 αὐτὸν
496 1368 648 1458 ἐφοβήθη
667 1367 726 1438 τδν
749 1367 866 1456 κύριον
885 1367 1038 1457 Ἰησοῦν,
1063 1376 1094 1442 5.

123 1471 244 1554 πάντες
259 1501 295 1541 τε
312 1478 347 1541 οἱ
361 1478 591 1552 κατοικοῦντες
609 1470 670 1558 τήν
688 1471 888 1559 οἰκουμένην
908 1470 1095 1561 ἐσαλεύθη

123 1595 188 1643 σοιν
208 1577 260 1642 ἐπὶ
278 1580 324 1665 τῳ
342 1580 400 1643 τοῦ
420 1578 566 1661 Χριστοῦ
584 1568 731 1660 ὀνόματι,
750 1569 944 1652 ἀκολούθως
962 1577 1010 1665 τῳ
1029 1578 1096 1643 νῦν

123 1674 286 1761 φάσκοντι
310 1681 410 1767 λογίῳ
431 1670 638 1762 “φοβηθήτω
661 1672 720 1742 τὸν
743 1671 861 1762 κύριον
884 1676 973 1741 πάσα
998 1672 1091 1763 ήγή.
1106 1708 1128 1749 15

123 1772 183 1843 ἀντ’
207 1773 309 1844 αὐτοῦ
328 1777 365 1845 δέ
384 1773 647 1862 σαλευθήτωσοιν
665 1772 785 1854 πάντες
810 1779 845 1843 ολ
859 1779 1094 1858 κατοικοδντες

123 1876 184 1964 τήν
201 1873 434 1965 οδκουμένην.”

200 1984 229 2045 G.
261 1984 370 2045 Ταῦτα
400 1978 461 2064 μὲν
491 1965 567 2045 οὖν’
586 1978 621 2043 ἐκ
651 1980 710 2044 τοῦ
735 1974 772 2063 β’
797 1978 852 2044 κοιλ
877 1974 910 2044 λ’
939 1984 1092 2066 Ψοιλμοῦ.

124 2076 289 2163 σύμφωνοι
315 2079 351 2144 δὲ
376 2075 503 2158 τούτοις
523 2073 633 2166 εὕροις
651 2074 694 2146 άν
716 2079 772 2145 καὶ
793 2080 830 2147 έν
847 2075 928 2167 ρμη’
950 2082 1094 2171 Ψολμῷ,

123 2175 159 2257 ὃς
178 2175 330 2246 διδάσκει
350 2174 390 2247 οὐ
415 2178 454 2248 τά
478 2181 552 2265 περὶ
573 2184 636 2266 γῆν
653 2175 756 2266 μόνοι,
781 2175 864 2247 άλλά
882 2180 938 2247 κοιλ
956 2179 997 2247 τά
1015 2178 1090 2249 κατ’
1106 2216 1130 2256 20

124 2276 270 2369 οὐρανὸν
300 2285 355 2350 κοιλ
387 2280 581 2368 συλλήβδην
611 2278 744 2348 άττιισοιν
773 2277 833 2368 τήν
868 2288 977 2350 κτίσιν
1014 2279 1091 2351 κατ’

125 2383 333 2452 έττικέλευσιν
351 2389 410 2452 τοῦ
428 2387 496 2452 τῶν
513 2379 602 2452 ὅλων
619 2388 704 2451 θεοῦ
722 2383 904 2469 γεγονέναι.
950 2383 1039 2469 λέγει
1059 2378 1094 2452 δ’

95 2510 108 2548 ο
123 2474 185 2553 οὖν
199 2479 345 2554 τὀιίνεῖτε
363 2483 421 2553 τὸν
439 2482 556 2572 κύριον
571 2488 607 2552 ἐκ
624 2488 691 2551 τῶν
706 2482 872 2569 οὐρανῶν,
892 2488 1017 2554 αἰνεῖτε
1030 2482 1096 2553 αὐ-

123 2583 181 2655 τδν
201 2589 237 2654 ἐν
260 2601 327 2664 τοῖς
352 2584 521 2666 ὑψίστοις·
556 2591 678 2654 νένεῖτε
697 2579 800 2653 αὐτὸν
818 2581 939 2665 πάντες
957 2580 1095 2672 ἄγγελοι

123 2682 244 2770 αὐτοῦ,
265 2691 388 2754 αἰνεῑτε
406 2682 508 2753 αὐτὸν
526 2688 629 2754 ποῖσοιι
647 2690 685 2752 αλ
706 2682 865 2774 δυνάμεις
888 2683 1011 2775 αὐτοῦ,
1038 2692 1093 2757 αέ-
1106 2718 1132 2761 ιο

123 2800 211 2854 νεϊτε
235 2783 339 2853 αὐτὸν
362 2781 453 2872 ἥλιος
476 2787 531 2854 κοιλ
556 2783 695 2874 σελήνη,
720 2792 844 2858 οιίνεῑτε
862 2782 965 2856 αὕτδν
982 2780 1099 2857 πάντά

123 2885 162 2953 τά
180 2881 285 2973 άστριι
303 2888 359 2955 κοιλ
377 2886 413 2957 τδ
439 2891 528 2975 φῶς,
554 2882 604 2957 ὅτι
622 2885 721 2968 αὐτὸς
741 2886 831 2975 εἶπε,
855 2890 912 2958 καὶ
931 2886 1092 2977 ἐγενήθη·

57 3009 109 3061 μοι
126 3008 206 3073 σαν,
226 2985 325 3069 αὐτὸς
344 2992 544 3078 ἐνετείλατο,
564 2991 619 3058 καὶ
640 2987 876 3077 έκτίσθησαν.”

201 3095 228 3158 7.
248 3095 293 3159 Εἰ
316 3088 379 3179 γάρ
397 3088 495 3172 αὐτδς
515 3093 714 3176 ἐνετείλατο,
739 3093 796 3160 καὶ
812 3097 862 3172 τίς
879 3081 923 3178 ήν
939 3088 958 3161 ὁ
976 3092 1092 3160 τοσοῦ·
1122 3110 1127 3117 ·

123 3219 177 3271 τος
207 3189 251 3273 ιδς
279 3190 342 3280 τήν
372 3195 539 3283 περὶτῶν
569 3191 776 3281 τηλικούτων
800 3191 937 3281 ἐντολήν
967 3186 1131 3266 ὖιτοδέ-οο

191 3423 224 3473 23
242 3424 287 3473 Ps.
302 3424 359 3488 148,
375 3427 397 3475 1.
