2326 3818
320 114 506 166 DEMONST.
525 115 659 170 EVANG.
681 117 733 167 111.
752 120 777 168 3.
969 117 1029 181 159

60 256 144 342 γοῦν
167 261 244 342 βίον
270 255 339 324 των
363 251 465 322 πάλαι
487 259 661 341 θεοφιλῶν
681 252 847 347 Ἐβραίων
869 254 935 346 ἤδη
957 287 1028 339 πως

61 360 94 438 ἐξ
112 352 306 445 ἀνθρώπων
323 350 520 425 ἀπολωλότα
536 353 637 444 μόνος
660 352 936 446 ἀνανεωσάμενος
965 358 1028 429 οὐκ

61 465 108 539 είς
132 464 267 547 βραχεῖς
291 457 346 526 καὶ
368 462 535 547 μετρίους,
555 452 627 526 ἀλλ’
659 464 706 538 είς
729 455 809 529 ὅλον
832 461 1027 548 ἐφαπλιόσαι

58 556 120 630 ιδν
146 556 271 648 κόσμον
288 553 522 628 ἀποδέδεικται
541 555 596 628 διά
613 562 673 629 τοῦ
696 557 831 647 πρώτου
855 560 1027 650 συγγράμ-

32 689 160 750 5ματος
189 665 247 750 τῆς
270 657 443 748 παρούσης
467 655 678 742 ὑποθέσεως·
710 658 754 731 δι’
789 653 830 732 οὗ
865 661 1050 751 πάρεστινο

58 758 252 853 ἀνθρώποις
271 765 326 832 ἐπὶ
344 769 482 853 σπείρας
500 777 568 844 τοῖς
585 758 668 832 καθ’
695 760 774 851 ὅλης
797 771 855 851 τῆς
873 767 1027 853 οἰκουμέ-

58 893 118 952 νης
142 862 201 934 τόν
235 866 303 934 των
330 867 505 952 θεοφιλων
528 867 667 934 ἐκείνων
690 858 781 953 ἀμφί
799 863 859 936 τόν
877 863 1027 955 Ἀβραάμ

57 973 198 1057 μυρίους
221 993 257 1036 τε
284 965 385 1047 ὅσους
408 964 552 1054 ζηλωτάς
578 962 641 1035 οόκ
666 969 698 1049 ἐξ
719 961 887 1056 Ἐλλήνων
909 966 1026 1056 μόνον,

58 1067 143 1137 ἀλλὰ
161 1069 217 1136 καί
235 1064 418 1156 βαρβάρων
429 1073 488 1155 τῆς
508 1071 647 1138 ἐκείνων
660 1072 846 1156 θεοσεβοῦς
860 1078 1027 1151 πολιτείας

20 1199 45 1238 10
59 1167 241 1251 ἀποδεῖξαι.
260 1173 290 1237 4.
306 1164 390 1238 ἀλλά
403 1167 443 1238 τά
454 1169 517 1257 μὲν
531 1163 720 1257 ἡθικιύτερα
733 1173 792 1256 τῆς
809 1175 1026 1253 διδασκαλίας

58 1266 161 1340 αὐτοῦ
186 1273 339 1340 τοιαῦτα
364 1271 446 1360 φέρε
466 1270 503 1339 δὲ
521 1270 725 1358 σκεψώμεθα
747 1269 793 1358 μὴ
818 1269 884 1360 ἀρα
902 1273 980 1342 ποτε
998 1303 1016 1342 0

56 1369 181 1452 πλάνος
195 1366 285 1464 αύτω
275 1368 434 1494 ’περὶ
397 1398 437 1439 τα
455 1370 686 1459 κυριωτατατα
697 1399 766 1441 των
781 1371 956 1460 δογμάτων
969 1402 1025 1442 κα·

55 1480 212 1605 τεγίνετο.
250 1446 317 1541 ὅ.
298 1468 354 1561 αρ’
373 1463 436 1541 οὖν
453 1468 589 1562 οόχὶ
546 1501 638 1567 μονω
655 1501 701 1542 τω
690 1475 925 1561 ’παμβασιλεῑ
941 1482 1025 1566 θεῷ,

56 1604 102 1645 τω
120 1577 176 1645 καὶ
194 1572 343 1662 οὖρανον
331 1576 483 1643 καὶ
439 1602 499 1662 γης
517 1577 574 1643 καὶ
596 1581 656 1643 τοῦ
682 1572 873 1664 σύμπαντος
898 1573 1025 1699 κόσμρυ

17 1706 42 1747 15
57 1680 262 1771 δημιουργῷ,
280 1672 379 1757 αύτός
397 1703 433 1744 τε
451 1673 667 1765 ἀνακείμενος
692 1678 748 1746 καὶ
772 1674 850 1757 τούς
868 1677 1025 1766 φοιτητὰς

56 1776 235 1867 προσάγων
252 1774 512 1867 ἀναγέγραπται,
533 1779 633 1848 είσίτι
649 1807 685 1848 τε
711 1781 768 1848 καὶ
787 1784 887 1867 δεῦρο
912 1786 947 1849 oc
967 1784 1024 1868 τῆς

58 1886 275 1961 διδασκαλίας
293 1877 398 1950 αὐτοῦ
417 1878 509 1968 λόγοι
534 1879 642 1951 πάντα
651 1878 796 1968 Ἕλληνα
823 1883 879 1950 καὶ
897 1878 1023 1969 βάρβα-
1039 1899 1053 1938 d

56 2012 116 2070 ρον
134 1980 204 2052 ἀνω
222 2009 283 2069 την
303 1981 456 2051 διάνοιαν
473 1980 556 2071 πρός
573 1979 632 2052 τόν
655 1978 813 2052 ἀνωτάτω
837 1982 921 2053 θεὸν
945 1978 1024 2052 ἀνά-

15 2213 41 2253 20
55 2175 117 2254 οὖν
134 2213 179 2272 μη
197 2173 294 2263 οότος
312 2213 354 2272 ην
372 2213 389 2253 ο
379 2178 583 2272 ’πλάνος,”
564 2213 584 2271 η
602 2181 653 2254 ὅτι
671 2213 716 2273 μη
706 2183 791 2255 καὶ
815 2117 950 2266 πλείους
969 2190 1025 2254 σέ-

56 2293 130 2374 βειν
148 2283 250 2366 θεούς
269 2288 362 2353 ἐκ
323 2313 381 2407 της
401 2281 559 2354 ἀνωτάτω
577 2286 633 2353 καί
657 2284 762 2374 μόνης
779 2285 929 2374 ἀληθοῦς
947 2299 1023 2360 θεο-

55 2384 219 2475 λογίας
187 2414 246 2456 τον
272 2414 316 2468 ως
340 2381 476 2473 ἀληθῶς
500 2383 629 2454 πλάνον
651 2388 916 2475 τραχηλισθέντα
940 2410 1024 2474 συγ-

54 2506 171 2580 χωρεῐ;
195 2485 270 2557 ἀλλ’
298 2477 394 2568 οὗτος
419 2484 460 2558 ού
485 2485 647 2577 νεώτερος
676 2481 754 2556 οὐδ’
781 2493 902 2568 οἰκεῖος
933 2483 1024 2581 αύτῷ

56 2589 164 2680 λόγος,
182 2607 251 2672 τοῖς
270 2586 305 2659 δ’
326 2593 362 2660 ἐκ
379 2596 509 2681 μακροῦ
527 2586 629 2659 πάλαι
655 2587 1024 2680 θεοφιλέστνἘβραίοις

16 2724 42 2765 νε
55 2689 259 2782 προσφιλὴς,
293 2690 404 2776 ὥσπερ
436 2682 500 2762 ούν
531 2694 697 2762 δέδεικται
727 2689 782 2761 διά
806 2694 863 2781 τῆς
887 2702 1023 2781 Προπα·

55 2799 239 2884 ρασιιευῆς,
266 2791 348 2883 παρ’
375 2785 423 2864 όν
447 2794 512 2884 ἤδη
540 2796 593 2864 καὶ
625 2799 693 2865 τῶν
716 2796 804 2864 νέων
828 2791 1024 2882 φιλοσόφων

55 2903 175 2977 παῖδες
192 2894 232 2966 τά
255 2894 383 2985 μεγάλα
406 2893 617 3024 ὠφελημένοι
640 2902 687 2989 τῷ
713 2894 852 3018 δόγματι
879 2898 1024 2984 συνηρὲ·

55 3012 199 3088 σθησαν
235 2995 463 3087 σεμνύνονταί
476 3001 517 3085 γε’
532 3026 582 3067 τοι
600 2999 655 3066 καὶ
680 2992 793 3066 αὐτῶν
805 2994 1026 3084 Ελλήνων
991 3026 1023 3065 οι

54 3098 247 3191 λογιώτατοι
266 3102 320 3169 ἐπὶ
337 3116 497 3190 χρησμοῖς
516 3103 584 3170 τῶν
601 3104 736 3169 οίκείων
752 3105 845 3168 θεῶν
864 3089 931 3167 ωδέ
953 3124 1023 3178 πως
1031 3120 1084 3167 σου

14 3230 41 3271 ω
48 3201 215 3294 Ἐβραίων
231 3199 502 3292 μνημονεύουσιν
