2326 3818
57 99 139 182 θεός
155 96 244 190 μου”
265 101 348 188 φησὶ
364 93 534 187 “βοησω
516 101 655 185 ημέρας,
680 98 736 166 καὶ
753 95 817 166 οὐκ
835 94 1027 185 είσακοάση,

60 204 115 272 καὶ
134 198 266 290 νυκτὸς,
285 198 395 270 κάλ’
358 228 420 270 ουκ
438 208 507 270 ἔστι
525 196 619 287 σιγήῖ
623 194 831 287 ’θαυμάζει
851 188 949 285 δὴ
911 228 973 269 ουν
991 201 1028 267 ἐν

59 302 188 385 τούτοις
205 300 264 372 τὸν
281 298 448 391 πατέρα’
425 330 470 383 ως
487 299 532 390 μὴ
552 297 770 370 είσακοάοντα
789 295 904 386 αὐτοῦ,
923 299 1027 387 παρά·
1042 328 1056 366 d

60 403 156 488 ξυνόν
174 433 206 474 τι
223 400 343 474 τούτου
361 405 417 473 καὶ
435 400 525 493 παρά
542 400 579 472 τὸ
597 399 745 490 σύνηθες
762 404 921 488 θεωρῶν
954 430 971 470 ο
959 398 1028 470 ’δὲ

33 504 246 596 ιίφάλαττεν
270 501 363 575 αῶτῶ
383 501 446 592 την
469 501 576 591 άκοὴν
599 510 645 585 είς
675 501 733 573 τὸν
758 500 946 590 ἐπιτήδειον
969 506 1029 570 τοῦ

62 610 327 695 είσακουσθηναι
344 605 470 692 καιρόν
512 610 566 676 42.
589 633 687 686 ουτος
707 594 781 675 δὲ
761 633 805 692 ην
821 598 839 673 6
858 610 916 690 της
939 599 1029 674 άντι-

62 707 193 797 λήψεως
217 715 276 796 τῆς
299 711 446 796 ἑωθινῆς
468 702 564 779 καλ
548 711 643 794 οτῆς
667 708 703 777 ἐκ
726 710 857 795 νεκρῶν
883 701 1030 775 άναστά-

62 836 159 900 σεως,
178 805 297 882 καθ’“
278 839 335 898 ον,
360 817 393 881 τί
414 816 474 880 καί
488 838 555 879 τινι
571 805 680 901 άλλη),
704 810 761 878 καὶ
783 804 874 901 αυτῷ
894 812 1032 888 δικαίως

61 905 105 983 άν
129 913 249 1001 ἐλέχθη
267 909 286 936 “
299 915 336 982 ἐν
358 914 464 1004 καιρῷ
482 915 587 1003 δεκτῶ
614 907 785 997 ἐπήκουσά
808 932 888 996 σου,
915 911 971 978 καὶ
996 913 1032 978 ἐν

25 1046 50 1084 ιο
63 1011 170 1105 ἡμέρα
188 1020 352 1101 σωτηρίας
371 1007 542 1101 ἐβοήθησά
560 1033 621 1082 σοι.
659 1009 735 1081 ίδοῶ
759 1018 824 1081 νῦν
845 1008 960 1100 καιρὸς
979 1005 1033 1080 εὖ·

62 1111 276 1201 τρόσδεκτος,
296 1111 372 1183 ίδού
389 1117 454 1184 νῦν
470 1107 577 1202 ἡμέρα
595 1107 787 1202 σωτηρίας.”
824 1116 875 1180 43.
905 1113 1033 1198 λέγοιτο

64 1213 97 1285 δ’
118 1211 161 1285 ἂν
178 1221 282 1285 ταῦτα
306 1217 363 1284 καὶ
386 1217 506 1304 ἑτέρως
528 1208 595 1285 ὑτό
612 1217 672 1284 τοῶ
690 1217 838 1301 σωτῆρος
856 1206 952 1302 ἡμῶν
959 1265 969 1299 ,
989 1207 1032 1293 ῶς

65 1314 276 1398 εἰωθότος
241 1345 304 1406 μιν
320 1311 373 1386 άελ
391 1317 447 1386 καὶ
464 1312 606 1386 πάντοτε
624 1343 640 1386 ε
642 1314 863 1387 ίσακοάεσθαι
886 1311 953 1383 ὑτιό
972 1316 1034 1382 τοῦ

65 1416 204 1509 πατρὸς,
230 1423 297 1488 νῦν
313 1419 353 1488 δὲ
375 1415 592 1499 πιστεύοντος
616 1413 963 1538 είσακουσθησεσθαι,
989 1412 1034 1493 ῶς

26 1548 53 1591 ω
67 1525 98 1589 εί
90 1521 323 1645 σαηίστερον
340 1525 444 1607 ἔλεγε,
463 1547 508 1608 μη
495 1514 651 1588 οἷόντε
670 1521 779 1605 ἐστὶν,
799 1507 826 1586 ῶ
843 1514 959 1604 πάτερ,
979 1516 1034 1638 ἐμὲ

64 1618 124 1692 τὸν
147 1621 208 1693 σὰν
229 1647 395 1710 μονογενη
383 1615 519 1690 κάλ’
500 1617 672 1708 αγαττητόν
694 1619 774 1688 νίόν
797 1617 842 1742 μη
862 1614 1032 1688 είσακοάε-

66 1735 166 1813 σθαι,
191 1728 324 1812 βοῶντα
347 1724 405 1815 καὶ
427 1719 611 1814 κεκραγότα
635 1717 717 1811 πρὸς
744 1719 836 1790 σὲ
804 1748 863 1789 τον
889 1721 1036 1806 ἐμαυτοῶ

65 1828 211 1915 πατέρας
230 1822 383 1895 διδάσκει
396 1829 480 1911 γοῶν
498 1821 580 1894 αιἰτὸ
597 1825 696 1894 τοῶτο
711 1825 748 1893 ἐν
764 1824 813 1914 τῶ
826 1818 908 1890 κατά
923 1818 1034 1891 Ἰωάν·
1049 1845 1106 1898 (ιω)

62 1953 130 2050 νην
161 1923 346 2043 εὐαγγελίῳ
378 1928 433 1994 ἐπὶ
462 1933 522 1995 τοῦ
552 1921 724 2015 Λαζάρου,
755 1922 901 2012 ὁπηνίκα
932 1920 1039 1992 εἰκῶν

28 2056 54 2096 ιο
72 2023 186 2112 άρατε
213 2020 275 2093 τόν
305 2032 407 2093 λίθον
436 2022 502 2094 άτό
532 2029 592 2094 τοῦ
597 2033 799 2148 μνημείου,
832 2028 933 2112 ἐτηρε
962 2020 1039 2102 τούς

64 2122 299 2249 ὀηθαλμούς
281 2131 405 2194 εαυτοῦ
423 2132 471 2205 ες
491 2123 549 2195 τῶν
567 2121 732 2214 οὐρανὸν,
751 2125 858 2196 καὶ
824 2151 1157 2231 σιλλῖἻῐαῆβι..

66 2223 250 2314 εὐχαριστῶ
279 2247 332 2295 σοι
358 2223 409 2294 ὅτι
431 2223 576 2314 ηκουσάς
599 2255 675 2315 μου.
717 2225 782 2316 ἐγῶ
807 2234 845 2303 δὲ
869 2235 1010 2325 ηδειν
990 2272 1040 2313 οτι

66 2325 211 2397 πάντοτέ
224 2355 290 2416 μου
308 2323 465 2409 άκοάιιςῖ
466 2324 570 2398 ’44
590 2335 623 2399 εί
637 2335 754 2400 τοίνυν
772 2332 915 2408 πάντοτε
934 2338 1041 2412 αὐτου

66 2425 199 2517 ιἰκοάει,
223 2424 287 2499 οὐκ
303 2425 544 2552 άμφιβάλλων,
562 2424 636 2499 ἀλλ’
657 2427 802 2520 ἀκριβῶς
822 2437 1039 2528 ἐπιστάμενος

29 2560 56 2601 ω
68 2557 119 2599 οτι
136 2530 252 2599 καὶ
209 2557 276 2600 νυν
293 2525 398 2601 αὐτου
386 2529 709 2621 edomamus
687 2560 731 2614 ως
754 2531 962 2608 ἆδυνάτου”
943 2570 1039 2626 ουτος

68 2633 129 2700 τοῦ
145 2659 190 2720 μη
209 2629 447 2702 είσακούεσθαι
464 2629 585 2722 αυτὸν,
613 2637 862 2723 ίρωτηματικῶς
879 2638 1007 2728 φησιν’
1009 2640 1039 2715 6

69 2729 150 2842 θεός
172 2761 237 2822 μου
258 2730 501 2857 κεκράξομαι’
481 2736 645 2861 ημίρας,
649 2732 765 2805 κάλ’
726 2763 789 2809 ουκ
812 2739 1037 2832 είσακοῶση;”

69 2827 356 2918 ὖτιοστιζόντων’
339 2840 435 2924 ημῶν
458 2839 496 2906 ἐν
519 2840 566 2905 τῶ
583 2831 668 2907 “ovu
692 2837 892 2932 είσακοῶση”
920 2846 1035 2913 καὶ
1000 2871 1063 2916 τοι

72 2930 272 3006 ἐναντίον
251 2933 492 3008 ντονοοάντων
514 2941 562 3007 τῶ
577 2935 732 3064 κτίσματι.
767 2946 818 3011 45.
837 2946 936 3015 τοῦτο
953 2952 1038 3033 γοῦν

30 3066 59 3120 ρο
74 3032 225 3107 διδάσκει
242 3035 364 3128 μικρὸν
379 3062 533 3127 υστερον,
553 3040 680 3128 τροίῶν
695 3043 769 3129 ἕξης
783 3048 878 3115 ἐν
832 3072 879 3114 τω
898 3051 1037 3141 Ψαλμῶ,

139 3273 155 3320 9
172 3273 198 3320 2.
212 3269 274 3322 Gor.
286 3273 310 3334 6,
324 3274 349 3324 2.
453 3275 486 3323 20
504 3274 546 3324 Jo.
561 3274 600 3334 11,
615 3275 657 3328 39.
