2326 3818
111 112 173 175 120
520 110 672 162 ωυευοα

118 260 238 340 ποίηκε
262 248 346 320 “nal
370 257 462 321 ἔσται
488 252 524 321 ἐν
548 256 588 341 τῇ
617 246 726 343 ήμίρηι
756 250 867 340 ἐκείνη
903 247 1092 338 προσθήσει

119 351 233 440 κύριος
253 350 411 442 δεύτερον
428 349 491 442 τήν
508 369 603 442 χεῖρα
621 347 744 437 αὐτοῦ,
762 356 822 421 τοῦ
840 345 1030 438 κτήσασθαι
1053 350 1090 422 τὸ

118 448 308 544 ύπόλειμμα
331 460 391 524 τοῦ
416 460 498 525 λαοῦ
523 452 650 542 αὐτοῦ,
675 447 695 522 δ
717 448 1004 542 ύπολειφθήσεται
1022 449 1091 524 άπδ

118 551 414 645 τῶνἈσσυρίων,”
435 557 492 626 καὶ
513 560 581 627 τών
600 558 682 645 ἑξῆς.
726 558 795 623 116.
822 551 954 640 νοήσεις
976 554 1014 624 δὲ
1032 556 1089 625 καὶ

116 661 234 746 ταῦτα,
253 665 433 747 πολεμίους
451 661 514 727 τού
540 659 624 727 λαοῦ
641 658 700 727 τού
725 659 809 726 θεοῦ
832 653 972 744 νοητούς
994 680 1116 740 τιναςε

117 763 172 830 καὶ
188 758 450 850 πνευματικοδς,
469 755 542 845 ήτοι
561 763 721 848 δαίμονας
745 754 913 847 πονηρούς
936 752 956 845 ἢ
984 754 1089 829 δυνά-

116 889 188 952 μεις
207 857 436 949 ἀντικειμένας
454 866 500 953 τῷ
518 858 617 953 λόγῳ,
635 857 828 949 θεωρήσας,
847 867 883 930 οἳ
897 861 965 929 των
983 887 1089 931 κατω-

118 964 338 1052 νομασμένων
365 964 479 1032 ίθνών
503 960 606 1031 πάλαι
630 959 793 1052 πρότερον
816 957 964 1049 ἀοράτως
990 989 1090 1051 προε-

61 1094 105 1141 ‹w›
121 1070 244 1145 στώτες
267 1062 325 1145 τάς
343 1059 451 1153 ψυχάς
470 1061 688 1153 ἐπολιόρκουν
701 1067 760 1134 τοῦ
770 1060 911 1152 Ἰσραήλ,
925 1069 1090 1146 ποικίλοις

118 1162 266 1235 πάθεσιν
291 1162 392 1246 αὐτάς
418 1163 693 1256 περιβάλλοντες,
716 1159 944 1253 δποσύροντίς
967 1193 1004 1236 τε
1030 1166 1090 1236 καὶ
1101 1187 1129 1231 1⁰

116 1273 415 1357 αἰχμαλωτίζοντες
435 1274 482 1349 είς
501 1264 559 1339 τάν
581 1263 699 1357 ὅμοιον
722 1271 780 1355 της
801 1269 869 1336 των
886 1261 1093 1356 ἀλλοφύλων

28 1415 34 1427 ·
110 1367 243 1459 άγωγής
261 1375 347 1458 βίον.

192 1477 262 1542 117.
291 1468 420 1542 Τούτου
444 1469 485 1559 δὴ
514 1462 579 1541 οὖν
603 1467 725 1551 παντδς
751 1466 872 1559 σχεδὸν
896 1475 1005 1541 εἰπεῖν
1028 1474 1091 1542 τοῦ

115 1578 199 1644 λαοῦ
226 1572 309 1644 κατὰ
334 1570 446 1661 ψυχήν
475 1569 686 1663 αἰχμαλώτου
711 1571 899 1660 ληφθέντος
922 1567 989 1641 δπδ
1019 1576 1090 1643 τών

117 1677 379 1764 δεδηλωμένων,
409 1679 444 1743 οἱ
468 1675 699 1763 φυλαχθέυτες
721 1675 777 1742 καὶ
807 1673 1088 1761 καταλειφθέντες
1102 1695 1130 1736 1⁶

116 1774 258 1867 άτρωτοι
277 1777 333 1846 καὶ
349 1771 469 1846 άσυλοι
486 1772 570 1845 κατά
587 1770 648 1862 τήν
661 1781 869 1863 προφητείαν
886 1777 943 1861 τῆς
963 1778 1089 1862 δηλου-

116 1880 218 1968 μὲνης
238 1881 435 1967 ἐπαγγελίας
452 1874 636 1964 τεύξονται,
649 1872 808 1965 ὀψόμενοι
823 1880 882 1944 τοῦ
892 1882 1012 1964 κυρίου
1023 1873 1089 1965 τήν

93 1997 105 2036 b
120 1995 214 2070 χεῖρα
229 1981 284 2048 καλ
305 1984 410 2068 κτῆμα
425 1975 529 2048 αὐτοῦ
550 1975 780 2067 γενησόμενοι,
798 1974 882 2047 κατά
899 1974 936 2047 τδ
953 1975 1088 2066 φάσκον

70 2080 74 2089 ’
116 2079 231 2169 λόγιον
240 2074 448 2167 ’προσθήσει
460 2078 577 2170 κύριος
594 2082 654 2150 τοῦ
667 2082 772 2162 δεῖξαι
785 2077 847 2166 τήν
859 2095 952 2167 χεῖρα
968 2074 1086 2170 αύτοῦ,

116 2184 176 2252 τού
203 2183 347 2270 ζηλώσαι
367 2179 403 2251 τὸ
424 2180 651 2270 καταλειφθὲν
675 2174 860 2251 ὑπόλοιπον
896 2184 954 2249 τού
988 2187 1131 2254 λαοῦ.εο

60 2303 103 2356 [⁵0]
120 2289 190 2353 118.
205 2290 241 2353 τί
252 2282 290 2353 δὲ
309 2281 494 2374 προσθήσει
513 2281 642 2373 κύριος;
662 2277 746 2352 άλλά
757 2280 821 2373 γάρ
835 2279 917 2372 πρδς
935 2277 984 2364 οἷς
997 2278 1086 2368 άπαξ

114 2388 303 2470 ἐπεδείξατο
321 2383 613 2476 πάλαίπρότερον,
626 2381 681 2456 διά
701 2388 768 2456 τών
786 2390 968 2474 προφητῶν
980 2408 1088 2477 προσ-

115 2487 260 2579 ἕγενήθη
278 2491 351 2580 χεὶρ
369 2495 491 2579 κυρίου
509 2490 564 2558 καλ
583 2484 712 2567 τούτοις
730 2480 774 2567 οδς
793 2479 837 2557 άν
862 2492 1086 2560 διασωθείσιν

113 2587 177 2659 ἆπδ
192 2596 249 2678 τῆς
268 2589 425 2670 πτώσεως
443 2595 502 2660 τοῦ
520 2585 643 2669 παντὸς
661 2591 743 2656 λαοῦ
767 2586 807 2656 τά
832 2594 990 2658 λείποντα
1014 2604 1084 2670 τοις

115 2693 287 2779 προτέροις
306 2687 522 2780 προσθήσειν.
569 2695 673 2759 ταῦτα
699 2688 736 2758 δὲ
759 2679 802 2776 ήν
825 2685 866 2758 τά
889 2692 946 2778 τής
965 2695 1126 2780 καινήςνε

27 2816 29 2829 ¹
116 2788 284 2879 διαθήκης
302 2792 484 2881 μυστήρια,
506 2787 560 2860 διά
578 2795 636 2878 τῆς
660 2786 768 2881 χειρδς
793 2794 852 2860 τοῦ
879 2796 999 2880 κυρίου
1024 2797 1083 2863 δε·

115 2895 272 2982 δειγμένα
290 2899 336 2987 τῷ
364 2895 623 2983 καταλειφθέντι
649 2886 714 2961 άπδ
742 2898 802 2962 τοῦ
829 2898 922 2963 λαοῦ.
968 2886 1082 2963 “άλλά

89 2998 169 3064 ικαὶ
187 2997 248 3064 τοῦ
265 3000 407 3084 ζηλώσαι
427 2993 561 3085 (φησὶν)
586 2992 622 3064 τὸ
646 2993 873 3083 καταλειφθὲν
890 2991 1079 3066 ὑπόλοιπον

113 3091 294 3168 τοὺλαοῦ.”
339 3101 409 3166 119.
435 3093 517 3167 ἄνθ’
541 3085 584 3167 ού
610 3093 802 3187 συμφώνως
819 3090 836 3167 δ
856 3093 998 3178 Ἀκύλας
1024 3098 1082 3167 καὶ

114 3205 303 3270 Θεοδοτίων
325 3193 411 3271 “τοῦ
437 3196 626 3288 κτήσασθαι
656 3196 791 3289 (φησὶν)
814 3196 852 3269 τὸ
886 3195 1119 3288 δπόλειμμαοο

114 3308 174 3370 τοῦ
193 3308 274 3371 λαοῦ
293 3298 411 3391 αὐτοῦ,
437 3296 515 3373 δάν
532 3307 696 3392 καταλίπῃ
715 3295 779 3369 άπδ
805 3306 873 3370 τών
887 3296 1077 3388 Ἀσσυρίων

113 3404 168 3471 καὶ
183 3398 248 3472 άπὸ
265 3410 333 3475 τών
351 3410 477 3476 λοιπών
494 3409 664 3494 πολεμίων
679 3397 817 3473 ἐθνώυ.”
861 3402 958 3472 τούτο
984 3403 1021 3472 δὲ
1038 3401 1077 3472 τὸ
