2326 3818
314 135 501 189 DEMONST.
517 135 651 191 EVANG.
669 137 719 187 1x.
739 137 763 186 ι.
963 136 1025 200 587

59 280 118 346 τοῦ
141 276 283 362 Ψαλμοῦ
299 276 375 363 περὶ
393 277 452 343 τοῦ
470 270 575 344 αῦτοῦ
588 271 629 344 “ὁ
648 279 811 344 κατοικῶν
829 277 866 345 ἐν
884 284 1026 369 βοηθείᾳ

59 381 117 447 τοῦ
141 374 285 459 ὑψίστου
311 377 347 445 ἐν
370 375 475 465 σκέπη
499 378 560 444 τοῦ
583 379 667 446 θεοῦ
690 382 749 445 τοῦ
766 372 914 465 ούρανοῦ
933 375 1025 448 αῦλι-
1040 407 1098 459 (ιιι)

59 476 238 565 σθησεται,
267 481 336 564 ίρεῑ
360 480 407 570 τῷ
432 483 559 570 κυρίῳ,
588 474 799 566 άντιληπτωρ
826 506 891 567 μου
916 479 946 547 εἶ
971 484 1026 550 καὶ

58 577 235 668 καταφυγή
253 607 337 667 μου,
362 575 478 659 ὁθεύς
495 606 577 666 μου,
602 575 727 666 βοηθός
747 606 829 667 μου,
848 581 904 648 καί
924 584 1026 650 ε’λπιῦ

31 678 109 752 είπ’
141 675 278 750 αύτύν.”
333 685 383 748 16.
409 678 525 767 ἐπειδὴ
548 687 665 750 τοίνυν
691 678 750 767 σύ,
779 670 805 748 ὦ
831 677 942 767 κύριε,
963 680 1026 751 ’τὸν

56 781 198 864 ὕψιστον
222 788 305 852 ἔθου
329 779 528 870 καταφυγήν,
552 803 630 871 σου,
655 779 776 851 τούτου
793 780 891 872 χάριν
903 776 1025 863 ἀὐτὸς

56 881 74 952 ὁ
92 880 251 965 ῦψιστος”
279 885 363 972 φησὶ
376 875 542 970 δ’ῥύσεταί
561 906 599 950 σε
624 886 659 952 ἐκ
677 889 819 972 παγίδος
835 888 1024 972 θηρευτώυ,

58 986 113 1053 καὶ
130 981 195 1054 άπὸ
213 983 316 1073 λόγου
333 982 566 1073 ταραχώδους,
591 987 647 1054 καὶ
666 987 789 1067 ἐντοῖς
806 988 1025 1075 μεταφρένοις

57 1084 162 1156 αὑτοῦ
186 1083 370 1156 ἐπισκιάσει
395 1082 479 1156 σοι.”
526 1084 641 1175 διόπερ
671 1084 733 1173 τὴν
756 1084 915 1176 τοιαύτην
941 1095 1026 1176 ἔχων

19 1219 44 1259 10
58 1184 222 1273 πατρικὴν
244 1189 305 1257 τοῦ
327 1181 472 1269 ὑψίστου
497 1183 663 1274 βοήθειαν
688 1181 728 1257 ού
754 1187 937 1278 φοβηθήση
962 1185 1027 1258 άπὸ

57 1285 167 1376 φόβου
185 1292 382 1374 νυκτερινοῦ
405 1284 483 1357 οῦτε
506 1285 572 1358 άπό
598 1314 688 1368 τινος
705 1291 774 1357 τῦν
791 1293 1027 1377 προκατειλεγ-

56 1384 365 1477 μένων,άλλάοῦδδ
379 1392 496 1460 ἐκτῶν
511 1390 585 1476 ἑξῆς
596 1391 853 1478 ἐπιφερομένων,
874 1384 1025 1458 17,“ἐπεὶ
1040 1424 1054 1462 ι

56 1488 119 1578 γάρ
139 1487 192 1578 σῦ,
212 1488 318 1577 κύριε,
337 1487 397 1559 τδν
412 1487 556 1572 ῦψιστον
569 1497 654 1561 ἔθου
664 1488 862 1579 καταφυγήν
876 1513 949 1578 σου,
971 1488 1026 1561 διά

55 1597 154 1660 τοῦτο
172 1587 212 1660 οῦ
231 1588 488 1680 προσελεύσεται
503 1589 584 1676 πρὸς
598 1592 636 1660 σὲ
648 1588 746 1678 κακά,
764 1594 820 1661 καί
834 1590 950 1680 μάστιξ
964 1590 1026 1661 οῦκ

19 1725 43 1765 15
58 1696 163 1780 ἐγγιεί
177 1698 223 1786 τῷ
241 1690 438 1787 σκηνάματί
452 1689 545 1763 σου.”
574 1689 734 1782 μάστιγας
748 1693 790 1761 δὲ
803 1691 861 1773 τάς
872 1688 937 1761 άπὸ
952 1698 1026 1761 δαι·

55 1791 170 1881 μόνων
178 1799 347 1883 ἐνεργείας
359 1796 416 1864 καὶ
431 1796 468 1864 ἐν
484 1809 553 1874 τοῖς
567 1790 772 1883 εὐαγγελίοις
784 1789 1026 1883 ὀνομαζομένας

56 1891 99 1964 ἂν
124 1893 251 1984 εῦροις,
275 1891 315 1977 άς
337 1893 419 1966 οῦδὲ
442 1892 634 1984 πλησιάζειν
656 1898 781 1984 τολμᾶν
804 1899 850 1987 τῷ
873 1893 1027 1983 σκνηνοί-

56 2026 134 2085 ματι
151 2003 210 2068 τοῦ
229 2001 392 2085 Χριστοῦ,
407 2001 556 2069 τουτέστι
573 2005 619 2092 τῷ
638 1996 764 2088 σώματι
782 1993 902 2085 αὐτοῦ,
921 2003 1027 2067 δυνα-

55 2097 113 2177 τάς
133 2098 223 2178 εἷναί
239 2120 330 2185 φησι.
376 2105 424 2168 18.
444 2105 515 2179 πῶς
533 2098 597 2186 γάρ
616 2095 672 2168 ὅτε
696 2099 784 2192 λόγῳ
801 2098 907 2188 μόνον
925 2094 1026 2180 αύτάς

18 2231 43 2270 20
57 2201 89 2279 ἐξ
114 2192 307 2282 άνθροῦπαν
329 2195 474 2285 ἤλαυνες
506 2200 583 2285 περὶ
605 2197 727 2269 τούτου
751 2201 789 2269 δὲ
812 2205 872 2269 τοῦ
900 2200 1025 2286 σκηνά-

56 2326 157 2385 ματος
175 2299 230 2365 καί
247 2298 395 2383 ὁΔαβίδ
412 2325 492 2366 ποτε
505 2295 619 2386 οῦμοσε
632 2302 679 2389 τῷ
697 2307 816 2390 κυρίῳ,
835 2302 891 2368 καί
905 2298 1026 2387 ηῦξατο

56 2403 101 2490 τῷ
127 2401 199 2490 θεῷ
222 2395 338 2486 Ἰακὼβ
372 2401 480 2485 λέγων
501 2392 557 2466 “el
587 2395 797 2486 ἀναβήσομαι
831 2401 885 2467 ἐπὶ
911 2407 1050 2487 κλίνηςε

57 2504 230 2589 στρωμνῆς
254 2527 337 2588 μου,
362 2507 393 2569 εί
415 2497 553 2570 δύσα”
530 2526 640 2569 νπνον
657 2515 725 2581 τοίς
742 2496 931 2587 ὀφθαλμοις
948 2527 1026 2587 μου,

57 2603 114 2670 καὶ
138 2617 207 2683 τοίς
230 2600 410 2723 βλεφάροις
433 2631 498 2691 μου
521 2599 730 2690 νυσταγμὸν,
754 2601 810 2670 καὶ
834 2595 1027 2670 άνάπαυσιυ

19 2735 44 2776 τε
57 2718 126 2784 τοῖς
150 2700 328 2792 κροτάφοις
350 2733 432 2793 μου,
461 2732 522 2786 ευς
545 2692 586 2775 οῦ
610 2701 698 2794 εῦρω
723 2700 827 2773 τύπον
843 2705 890 2797 τῷ
907 2710 1025 2796 κυρίω,

58 2802 218 2893 σκήνωμα
235 2811 281 2897 τοῦ
298 2811 370 2898 θεῷ
385 2801 535 2893 ’ίακοίβί
580 2811 628 2875 19
647 2808 704 2875 καὶ
721 2802 842 2875 τούτου
867 2833 905 2894 γε
930 2809 1027 2875 ἕνεκα

57 2909 120 2975 τοῦ
140 2904 356 3030 σκηνάματος
380 2899 552 3030 ἐλίγετο“
557 2903 596 2975 ού
618 2902 847 2996 φοβηθήση’
827 2906 894 2975 απὸ
917 2906 1028 2994 φόβου

26 3009 274 3095 νυκτερινοῦ
279 3002 444 3076 ”καὶ
411 3035 447 3076 το
461 3001 585 3086 “αύτὸς
603 3004 743 3095 ῥύσεταί
765 3028 803 3076 σε
826 3012 864 3077 ἐκ
878 3014 1027 3139 παγίβος

58 3112 236 3197 θηρευτῦν
258 3103 356 3177 καί’
336 3105 402 3178 απὸ
425 3106 528 3196 λόγου
550 3102 804 3196 ταραχάδουςΜ
832 3111 889 3177 καὶ
911 3103 970 3177 τῦ
972 3105 1026 3175 ού

20 3240 46 3283 ιο
58 3207 316 3294 προσελεύσεται
339 3207 422 3298 πρὸς
445 3209 484 3278 σὲ
500 3207 602 3295 κακά,
627 3211 684 3278 καὶ
706 3207 824 3298 μάστιξ
842 3206 905 3278 οῦκ
923 3212 1029 3295 ίγγιεῑ

128 3444 160 3491 22
179 3442 225 3493 Ρι.
240 3445 298 3506 131,
312 3442 348 3504 εξ
