2326 3818
12 141 76 206 373
416 137 566 189 Eusssssn

12 281 281 371 περιμενονσων,
307 280 362 347 καὶ
380 274 494 365 κατῄει
512 304 551 364 γε
568 274 677 363 θύρας
702 281 826 364 χαλκᾶς
843 281 996 365 σνντρί-
1039 294 1044 355 ζ

12 402 106 469 μων,
130 382 185 450 καὶ
210 377 352 470 μοχλοδς
379 381 537 466 σιδηροῦς
567 374 787 465 συνθλάσων,
816 377 876 446 καλ
911 372 995 459 τούς

13 485 95 573 πρὶν
109 487 265 571 δεσμίους
271 480 387 551 Ἅιδου
402 480 601 569 ἐλευθέρους
615 474 766 566 ἀνήσων·
786 473 804 547 6
818 480 877 548 καλ
891 480 996 569 χέχν·

13 613 83 671 νεν,
102 580 156 654 ὅτε
166 580 272 654 πολλοὶ
285 581 420 670 σώματα
434 584 502 650 των
515 582 765 669 κεκοιμημένων
778 573 888 668 ἀχέων
906 578 996 651 ἀνα·

12 684 137 756 στάντα
155 689 381 768 σννεισήλθον
399 678 489 775 αὐτῷ
508 688 555 763 είς
572 679 634 768 τήν
650 679 787 769 ἀληθεῖς
804 678 911 769 ἁγίαν
930 684 1019 753 τοῦε

12 791 97 858 θεοῦ
116 784 229 856 πόλιν·
257 790 308 854 65.
328 790 366 853 αἱ
377 786 413 853 δὲ
432 781 592 873 δυνάμεις
611 787 649 850 αί
662 779 891 872 ἀντικείμενοι
904 781 996 874 πρὸς

12 904 82 970 τοῖς
99 893 168 956 τῶν
181 883 374 1007 ἀνθρώπων
387 901 501 965 κακοῖς
516 881 791 1006 ἐπεστρατεόοντο
805 879 913 978 αὐτῷ,
933 882 996 957 λά·

14 1017 82 1078 πην
105 983 147 1057 06
170 985 291 1076 μικράν
314 988 369 1056 καὶ
393 995 514 1068 θλίψιν
537 981 626 1078 αὕτη)
615 982 926 1107 παρέχομσαι,’
905 1012 995 1057 απο-

15 1094 186 1180 κλαομένῳ
205 1090 260 1158 καὶ
280 1083 333 1157 ἐπ’
354 1083 471 1168 αὖταις
490 1083 533 1155 δι’
555 1085 748 1208 ὑπερβολήν
766 1082 993 1175 ἀχαθότητος.

15 1189 99 1261 ἀλλά
119 1190 182 1279 γάρ
206 1189 299 1309 τήρει
322 1197 398 1259 τίνα
415 1185 540 1278 τρόπον
565 1190 669 1257 ταῦτα
693 1185 802 1258 πάντα
819 1189 1029 1279 mmm

16 1291 61 1375 63
79 1296 115 1363 ἐκ
133 1289 315 1380 προσώπου
333 1287 438 1360 αὐτου
423 1294 490 1359 ἐν
502 1289 610 1380 μήτρα
624 1290 910 1410 κνοωορηθέντος,
930 1292 993 1361 καί

14 1391 80 1464 ἀπό
111 1393 252 1481 γαστρός
282 1390 404 1481 μητρός
434 1384 748 1479 γεγεννημένου,
729 1418 770 1460 ον
794 1387 994 1480 ἐφάσκομσν

16 1496 101 1565 εἶναι
119 1494 177 1564 τὸν
196 1491 304 1583 ἀμνόν
330 1498 389 1562 τοῦ
407 1495 502 1562 θεοῦ.
544 1497 594 1561 66.
613 1489 720 1584 τούτῳ
743 1488 880 1580 γάρκαὶ
899 1513 993 1583 συμ-

15 1604 125 1684 βαίνει
149 1593 189 1664 τά
215 1599 292 1684 περὶ
318 1592 353 1663 τό
376 1592 502 1680 πάθος,
534 1590 578 1674 63
602 1595 655 1662 καὶ
680 1592 725 1662 τά·
744 1595 801 1681 τῆς
820 1590 992 1682 ἐνσάρκου

15 1700 179 1785 γενέσεως
196 1694 324 1785 ἥρμοζε.
350 1695 386 1764 τὸ
400 1698 483 1783 γοῦν
496 1696 665 1782 γεννηθὲν
685 1696 740 1763 καλ
758 1690 990 1782 ἀποθνήσκει·
1003 1722 1029 1767 ω

15 1798 52 1869 τὸ
72 1800 108 1868 δὲ
126 1802 279 1886 θνῆσκον
304 1794 366 1867 οὐκ
385 1794 492 1878 άλλως
514 1792 666 1866 θανάτου
682 1793 840 1884 τυγχάνει
863 1790 884 1883 6
903 1794 989 1883 πρό-

14 1928 112 1989 τερον
128 1898 276 1969 όδεύσαν
294 1897 349 1968 διά
367 1900 538 1985 γενέσεως.
575 1902 625 1966 67.
640 1893 733 1965 ταῦτ’
751 1888 814 1966 066
828 1897 991 1979 διέξεισιν
1054 1902 1073 1989 6

16 1996 33 2069 6
59 1999 168 2088 σωτήρ
192 2004 249 2119 κμὶ
272 1997 386 2087 κόριος
409 1993 523 2085 ἡμων,
551 1992 591 2066 06
618 1993 699 2068 καθ’
719 1994 737 2066 6
761 1995 905 2121 άσμρκος
930 2002 990 2069 καὶ
1055 1996 1061 2021 ²
1083 2008 1093 2041 '¹

17 2099 190 2188 ἀσώματος
208 2096 349 2190 ἀπάρχει
367 2098 429 2187 τήν
445 2097 569 2187 φύσιν,
588 2094 669 2168 οὐδὲ
688 2095 771 2169 καθ’
791 2095 913 2170 δθεοῡ
931 2099 992 2170 λό-
1054 2140 1059 2147 ·
1090 2100 1093 2111 '

16 2232 74 2290 χος
92 2205 148 2272 καὶ
171 2202 251 2282 θεὸς
277 2205 474 2288 ἐπινοεῖται,
499 2196 585 2269 ἀλλά
602 2198 681 2270 καθ’
702 2196 808 2282 δοῖός
833 2228 869 2271 τε
885 2190 931 2297 ἦν
950 2205 1027 2273 ένω

1 2309 56 2395 ,τῇ
75 2304 169 2433 πρὸς,
174 2303 233 2373 τὸν
250 2305 374 2390 πατέρα
393 2298 474 2392 εὐχῇ
497 2296 639 2388 λέγειν“
643 2298 693 2372 ὅτι
717 2301 759 2371 σὺ
778 2300 841 2372 είὸ
861 2301 992 2373 έκσπά-
1056 2350 1062 2395 ·.

17 2428 77 2487 σας
94 2435 135 2495 με
154 2410 190 2475 ἐκ
209 2402 366 2492 γαστρός,
388 2434 408 2490 η
396 2401 519 2483 ’ἐλπίς
536 2431 601 2490 μου
618 2400 683 2473 ἀπὸ
697 2407 831 2491 μασταῐν
847 2408 905 2491 τῆς
923 2433 992 2494 μη-
1060 2434 1065 2493 !

16 2506 92 2595 τρός
110 2536 184 2628 μου
222 2508 275 2575 ἐπὶ
293 2506 330 2574 σε
349 2508 568 2629 ἐπερρίφην’
552 2533 588 2574 εκ
601 2502 743 2594 μήτρας,
762 2501 827 2573 ἀπό
845 2503 991 2627 χαστρός
1057 2514 1065 2599 ξ

17 2607 137 2730 μητρός
155 2636 220 2695 μου
238 2604 319 2685 θεός
329 2635 420 2727 μου
421 2605 451 2674 εί
469 2601 542 2675 σό.”
579 2612 630 2675 68.
650 2597 746 2687 οὗτος
766 2597 863 2693 66
825 2635 887 2676 ουν
904 2604 991 2696 πρός
1061 2610 1066 2687 Ξ

16 2716 62 2777 τῶ
86 2707 189 2778 πάθει
214 2705 359 2794 γεγονώς
382 2703 510 2794 εὔχεται
533 2703 573 2773 τά
597 2713 799 2797 προκείμενα
822 2705 904 2793 πρὸς
927 2707 1028 2779 τδνεε

17 2812 161 2897 πατέρα,
187 2811 242 2877 καὶ
266 2805 450 2895 τοσούτων,
478 2809 578 2896 φησὶ,
608 2806 799 2896 μελλόντων
822 2836 863 2897 με
891 2835 990 2900 περι-

17 2907 201 2997 στήσεσθαι
230 2907 468 2998 ἀντικειμένων
500 2913 693 2998 ένερχειων,
730 2911 785 2979 καὶ
817 2907 990 2999 δαιμόνων

19 3009 234 3132 ἀκαθάρτων,
253 3013 309 3080 καὶ
328 3017 561 3099 πνευματικῶν
575 3019 749 3098 πονηρίας,
768 3014 822 3080 καὶ
838 3014 891 3081 ἐπὶ
906 3017 989 3083 πᾶσι

17 3121 77 3183 τοῦ
101 3111 237 3182 πάντων
266 3119 433 3201 χειρίστου
457 3110 560 3182 αὐτου
589 3111 630 3200 δὴ
660 3115 721 3182 τον
744 3110 902 3202 ἄρχοντος
926 3118 1028 3183 τοῦ

18 3221 139 3336 666603
156 3212 294 3302 τούτου,
318 3209 377 3294 063
400 3218 457 3302 τῆς
481 3221 598 3344 κμκίας
616 3217 731 3284 ἕνεκεν
754 3218 863 3337 θήρας
881 3241 988 3304 πονη-
1001 3242 1027 3283 ω
1089 3251 1092 3256 ·

20 3313 98 3406 ροδς
121 3313 294 3405 ὀνομάζειν
318 3312 428 3405 ἀξιον,
454 3317 510 3385 καὶ
533 3312 605 3403 ήτοι
630 3313 773 3404 ταόρονς
791 3324 946 3404 αχριους,
965 3346 987 3406 η

0 3456 1 3470 1
19 3412 174 3503 μόσχους,
193 3411 212 3504 6
227 3413 408 3503 λέοντας,’
388 3446 409 3504 η
423 3414 537 3505 κύνας,
551 3418 682 3506 μέλλων
695 3445 731 3485 τε
744 3415 826 3506 πρὸς
837 3412 987 3500 ἅπαντας
1060 3444 1064 3453 ’
