2326 3818
351 121 537 191 DEMON'ST.
556 138 762 210 υνκνοων.
782 141 806 190 5.
1000 137 1059 201 187

88 275 132 368 δή
150 268 214 348 οῦν
238 277 346 367 μηδὲν
366 283 423 366 τῆς
445 274 607 366 ἀληθείας
638 281 674 348 ἐν
704 293 772 360 τοϊς
807 274 1059 369 άπεμῳαίνουσι

89 383 146 451 καὶ
169 390 387 469 σκυθρωποῖς
411 377 702 470 παραχαράξαντες
732 382 802 461 πῶς
829 379 891 450 οὐκ
916 375 959 450 ῶν
990 380 1058 451 εἶεν

88 479 175 565 άξιοι
195 482 252 550 καὶ
271 483 309 552 ἐν
325 497 393 562 τοῖς
412 490 559 569 λοιποῖς,
581 476 631 562 οἷς
651 480 885 572 ἐμαρτύρησαν
903 477 993 575 αῦτῶ
1018 480 1058 551 τά

87 579 280 672 παράδοξα,
300 580 431 670 φαύλης
457 580 547 664 ἐκτὸς
571 580 734 663 ὑπονοίας
751 581 976 669 καθεστάναι;
997 582 1060 652 αῦ-

61 681 210 775 ιτάρκης
227 683 290 772 μὲν
307 673 370 754 οῦν
393 685 449 753 καὶ
475 682 496 772 ἡ
513 689 621 756 τῶνδε
638 682 794 774 τυγχάνει
819 687 895 776 περὶ
915 690 975 754 τοῦ
994 706 1058 754 σω-

86 790 186 877 τῆρος
203 782 299 875 ἡμῶν
323 794 500 875 μαρτυρία.
542 781 645 856 ούδδν
664 786 702 857 δὲ
720 781 792 856 οἷον
808 789 844 856 ἐκ
861 794 1056 878 περιουσίας

87 889 208 980 καὶτῷ
232 888 265 969 ἐξ
279 887 445 975 Ἑβραίων
459 882 608 981 Ἰωσήπῳ
632 885 776 980 μάρτυρι
793 885 1000 978 χρήσασθαι,
1018 885 1082 970 δςι

87 992 125 1061 ἐν
146 993 193 1082 τῷ
217 985 490 1082 ὀκτωκαιδεκάτῳ
520 993 579 1078 τής
598 986 784 1078 Ἰουδαϊκῆς
812 986 1057 1080 Ἀρχαιολογίας

85 1089 127 1161 τά
144 1089 228 1160 κατά
243 1088 322 1170 τοῦς
337 1087 488 1160 Πιλάτου
502 1088 644 1179 χρόνους
657 1095 801 1181 ίστορῶν
817 1095 980 1182 μέμνηται
998 1096 1057 1162 τοῦ

47 1221 74 1260 ιο
88 1194 235 1280 σωτῆρος
252 1186 347 1280 ἡμῶν
367 1194 403 1261 ἐν
420 1189 548 1273 τούτοις

166 1297 236 1362 105.
252 1287 270 1316 “
276 1299 410 1363 Γίνεται
426 1293 463 1363 δὲ
477 1289 550 1362 κατ’
572 1295 701 1364 ἐκεῖνον
714 1291 773 1364 τόν
786 1291 909 1383 χρόνον
918 1292 1055 1383 Ἰησοῦς,

87 1389 192 1484 σοφός
208 1391 313 1483 ἀνήρ,
339 1403 426 1482 εἴγε
444 1390 553 1485 άνδρα
571 1391 674 1465 αὐτόν
692 1395 803 1483 λέγειν
820 1393 892 1484 χρή.
930 1385 972 1483 ήν
991 1397 1055 1486 γάρ

86 1493 286 1586 παραδόξων
312 1503 422 1585 ἔργων
449 1495 603 1584 ποιητής,
632 1494 832 1578 διδάσκαλος
860 1492 1056 1586 ἀνθρώπων

84 1594 217 1687 τάληθή
234 1601 436 1686 σεβομένων.
468 1599 523 1667 καὶ
541 1595 684 1680 πολλοῦς
701 1597 763 1686 μὲν
781 1602 841 1668 τοῦ
856 1595 1054 1686 Ἰουδαϊκοῦ,

44 1723 70 1765 15
85 1696 229 1780 πολλοῦς
247 1699 285 1768 δὲ
303 1701 359 1769 καὶ
376 1704 436 1769 τοῦ
450 1694 644 1788 Ἑλληνικοῦ
657 1697 848 1788 ἐπηγάγετο.
877 1695 895 1769 ό
914 1701 1055 1789 Χριστός

84 1788 179 1882 οὗτος
197 1790 255 1889 ήν·
290 1803 346 1871 καί
366 1798 469 1871 αὐτὸν
488 1803 626 1884 ἐνδείξει
644 1803 713 1871 τῶν
730 1800 810 1891 παρ’
832 1796 913 1890 ἡμῖν
932 1800 1078 1891 ἀρχόν-ε

83 1929 152 1972 των
170 1906 304 1996 σταυρῷ
324 1901 586 1992 ἐπιτετιμηκότος
604 1900 766 1992 Πιλάτου,
784 1898 847 1974 οῦκ
865 1902 1054 1975 ἐπαύσαντο

84 2009 120 2073 os
134 2003 169 2073 τὸ
188 2006 321 2094 πρῶτον
344 2001 584 2093 ἀγαπήσαντες.
629 2011 700 2076 106.
722 2002 828 2094 ἐφάνη
853 2004 916 2095 γάρ
942 2000 1054 2087 αὐτοῖς

83 2112 199 2193 τρίτην
229 2104 358 2196 ἡμέραν
388 2104 490 2176 πάλιν
521 2109 603 2194 ζῶν,
634 2111 703 2177 τῶν
738 2114 846 2178 θείων
871 2111 1054 2198 προφητῶν
1070 2123 1110 2174 [811

44 2233 71 2274 εο
84 2204 188 2277 ταῦτά
200 2235 237 2277 τε
250 2210 306 2285 καὶ
321 2204 405 2278 άλλα
418 2213 523 2298 μυρία
536 2210 613 2297 περὶ
632 2205 738 2278 αῦτοῦ
753 2207 943 2298 εἰρηκότων.
970 2207 1054 2281 ὅθεν

84 2312 184 2380 είσέτι
202 2315 267 2379 νῦν
284 2306 350 2379 άπὸ
368 2312 468 2379 τοῦδε
481 2313 549 2379 τῶν
564 2314 775 2400 Χριστιανῶν
789 2308 850 2379 οῦκ
866 2313 999 2381 ἐπέλιπε
1017 2312 1054 2382 τὸ

83 2407 227 2499 φῦλον.”

158 2517 228 2582 107.
248 2518 293 2582 Ec
308 2517 425 2583 τοίνυν
442 2511 498 2580 καὶ
516 2507 600 2580 κατά
617 2508 677 2580 τὸν
695 2507 863 2598 ίστορικῦν
876 2529 1053 2600 μαρτυρεί-

82 2639 136 2683 ται
153 2608 195 2683 ού
212 2610 317 2701 μόνον
333 2611 411 2694 τοῦς
430 2609 561 2682 δῶδεκα
579 2608 785 2694 ἀποστόλους
802 2608 882 2681 οῦδὲ
900 2610 977 2693 τοῦς
997 2615 1054 2701 ἑβ-

42 2738 69 2778 25
84 2711 273 2801 δομήκοντα
290 2711 442 2804 μαθητάς
461 2716 714 2808 ἐξῳκειωμένος,
733 2711 817 2783 άλλδι
830 2712 974 2796 πολλοῦς
991 2715 1053 2803 μὲν

81 2816 141 2879 τοῦ
155 2808 360 2903 Ἰουδαϊκοῦ,
379 2815 521 2897 πολλοῦς
541 2817 577 2887 δὲ
595 2820 655 2887 τοῦ
666 2815 861 2905 Ἑλληνικοῦ
885 2815 1052 2905 προσαγό-

81 2937 198 2999 μενος,
232 2917 331 3000 δήλος
357 2911 400 2983 διν
427 2925 478 3004 είη
505 2916 660 3007 περιττόν
685 2946 716 2988 τι
739 2920 939 3008 κεκτημένος
963 2917 1053 3007 παρά

81 3011 159 3095 τοῦς
185 3012 320 3095 λοιποῦς
341 3012 555 3104 άνθρῶπους.
600 3020 675 3089 108.
695 3022 766 3102 πῶς
789 3019 853 3110 γάρ
878 3013 920 3088 ῶν
944 3015 1052 3100 άλλως

80 3113 266 3205 προσήγετο
279 3119 339 3186 τοῦ
353 3113 541 3188 Ἰουδαϊκοῦ
553 3120 608 3188 καί
623 3124 681 3190 τοῦ
694 3118 888 3211 Ἑλληνικοῦ
901 3127 1050 3211 πλείους,
1067 3155 1081 3195 ι

42 3243 68 3284 ω
83 3224 114 3289 εί
129 3216 175 3309 μή
188 3238 253 3288 τισι
267 3229 476 3308 θαυμαστοῖς
489 3221 545 3289 καὶ
558 3219 758 3312 παραδόξοις
772 3230 881 3310 ἔργοις
895 3223 950 3291 καὶ
965 3226 1052 3305 ξενι-

81 3319 182 3410 ζούση
208 3322 345 3411 κέχρητο
370 3325 587 3416 διδασκαλίμ;
617 3337 782 3412 μαρτυρεῖ
804 3324 841 3394 δὲ
865 3325 921 3394 καὶ
944 3322 1052 3413 ἡτῶν

82 3419 245 3511 Πράξεων
261 3427 330 3495 τῶν
347 3419 542 3495 ἀποστόλων
566 3422 696 3516 γραφή,
719 3423 770 3496 ὅτι
792 3429 912 3499 πολλαὶ
930 3428 1054 3518 μυριά-
