<?xml version="1.0" encoding="UTF-8"?>
<!DOCTYPE html PUBLIC "-//W3C//DTD XHTML 1.0 Transitional//EN"
    "http://www.w3.org/TR/xhtml1/DTD/xhtml1-transitional.dtd">
<html xmlns="http://www.w3.org/1999/xhtml" xml:lang="en" lang="en">
 <head>
  <title>
</title>
<meta http-equiv="Content-Type" content="text/html;charset=utf-8" />
  <meta name='ocr-system' content='tesseract 3.04.00' />
  <meta name='ocr-capabilities' content='ocr_page ocr_carea ocr_par ocr_line ocrx_word'/>
</head>
<body>
  <div class='ocr_page' id='page_1' title='image "./eusebiicaesarie01dindgoog/eusebiicaesarie01dindgoog_0774.png"; bbox 0 0 2326 3818; ppageno 0'>
   <div class='ocr_carea' id='block_1_1' title="bbox 128 133 688 198">
    <p class='ocr_par' dir='ltr' id='par_1_1' title="bbox 128 133 688 198">
     <span class='ocr_line' id='line_1_1' title="bbox 128 133 688 198; baseline 0.002 -15"><span class='ocrx_word' id='word_1_1' title='bbox 128 134 191 198; x_wconf 73' lang='lat'><strong><em>684</em></strong></span> <span class='ocrx_word' id='word_1_2' title='bbox 538 133 688 184; x_wconf 67' lang='lat' dir='ltr'>Ensssssn</span> 
     </span>
    </p>
   </div>
   <div class='ocr_carea' id='block_1_2' title="bbox 128 263 1099 565">
    <p class='ocr_par' dir='ltr' id='par_1_2' title="bbox 128 263 1099 565">
     <span class='ocr_line' id='line_1_2' title="bbox 128 263 1096 364; baseline -0.002 -19"><span class='ocrx_word' id='word_1_3' title='bbox 128 277 278 364; x_wconf 78' lang='grc' dir='ltr'><strong><em>σωτῆρος</em></strong></span> <span class='ocrx_word' id='word_1_4' title='bbox 296 275 391 363; x_wconf 80' lang='grc' dir='ltr'><strong><em>ἡμων</em></strong></span> <span class='ocrx_word' id='word_1_5' title='bbox 408 269 618 360; x_wconf 85' lang='grc' dir='ltr'><strong><em>άνοίξαντος,</em></strong></span> <span class='ocrx_word' id='word_1_6' title='bbox 644 268 705 359; x_wconf 77' lang='grc' dir='ltr'><strong><em>ἀφ’</em></strong></span> <span class='ocrx_word' id='word_1_7' title='bbox 726 263 767 342; x_wconf 87' lang='grc' dir='ltr'><strong><em>ού</em></strong></span> <span class='ocrx_word' id='word_1_8' title='bbox 784 274 840 340; x_wconf 80' lang='grc' dir='ltr'><strong><em>καὶ</em></strong></span> <span class='ocrx_word' id='word_1_9' title='bbox 858 269 962 341; x_wconf 83' lang='grc' dir='ltr'><strong><em>αὐτοῦ</em></strong></span> <span class='ocrx_word' id='word_1_10' title='bbox 981 277 1096 362; x_wconf 78' lang='grc' dir='ltr'><strong><em>σωθῆ-</em></strong></span> 
     </span>
     <span class='ocr_line' id='line_1_3' title="bbox 128 368 1098 465; baseline 0 -20"><span class='ocrx_word' id='word_1_11' title='bbox 128 405 185 445; x_wconf 92' lang='grc' dir='ltr'><strong><em>ναι</em></strong></span> <span class='ocrx_word' id='word_1_12' title='bbox 202 374 262 445; x_wconf 85' lang='grc' dir='ltr'><strong><em>τὸν</em></strong></span> <span class='ocrx_word' id='word_1_13' title='bbox 284 377 409 465; x_wconf 80' lang='grc' dir='ltr'><strong><em>πατέρα</em></strong></span> <span class='ocrx_word' id='word_1_14' title='bbox 431 383 620 464; x_wconf 80' lang='grc' dir='ltr'><strong><em>παρακαλεῖ</em></strong></span> <span class='ocrx_word' id='word_1_15' title='bbox 634 375 743 461; x_wconf 83' lang='grc' dir='ltr'><strong><em>λέγων</em></strong></span> <span class='ocrx_word' id='word_1_16' title='bbox 756 368 889 443; x_wconf 76' lang='grc' dir='ltr'><strong><em>“σοῐσόν</em></strong></span> <span class='ocrx_word' id='word_1_17' title='bbox 906 400 947 462; x_wconf 91' lang='grc' dir='ltr'><strong><em>με</em></strong></span> <span class='ocrx_word' id='word_1_18' title='bbox 966 377 1002 443; x_wconf 83' lang='grc' dir='ltr'><strong><em>ἐκ</em></strong></span> <span class='ocrx_word' id='word_1_19' title='bbox 1021 372 1098 445; x_wconf 91' lang='grc' dir='ltr'><strong><em>στό-</em></strong></span> 
     </span>
     <span class='ocr_line' id='line_1_4' title="bbox 128 469 1099 565; baseline -0.001 -19"><span class='ocrx_word' id='word_1_20' title='bbox 128 505 228 565; x_wconf 90' lang='grc' dir='ltr'><strong><em>ματος</em></strong></span> <span class='ocrx_word' id='word_1_21' title='bbox 241 472 407 557; x_wconf 83' lang='grc' dir='ltr'><strong><em>λέοντος.”</em></strong></span> <span class='ocrx_word' id='word_1_22' title='bbox 439 481 489 546; x_wconf 77' lang='lat'><strong><em>92.</em></strong></span> <span class='ocrx_word' id='word_1_23' title='bbox 511 475 579 545; x_wconf 81' lang='grc' dir='ltr'><strong><em>είεν</em></strong></span> <span class='ocrx_word' id='word_1_24' title='bbox 594 473 625 545; x_wconf 76' lang='grc' dir='ltr'><strong><em>δ’</em></strong></span> <span class='ocrx_word' id='word_1_25' title='bbox 643 469 686 545; x_wconf 81' lang='grc' dir='ltr'><strong><em>άν</em></strong></span> <span class='ocrx_word' id='word_1_26' title='bbox 703 476 758 543; x_wconf 81' lang='grc' dir='ltr'><strong><em>καὶ</em></strong></span> <span class='ocrx_word' id='word_1_27' title='bbox 772 473 870 543; x_wconf 86' lang='grc' dir='ltr'><strong><em>άλλαι</em></strong></span> <span class='ocrx_word' id='word_1_28' title='bbox 887 475 974 555; x_wconf 73' lang='grc' dir='ltr'><strong><em>τινὲς</em></strong></span> <span class='ocrx_word' id='word_1_29' title='bbox 991 501 1099 565; x_wconf 86' lang='grc' dir='ltr'><strong><em>πονη-</em></strong></span> 
     </span>
    </p>
   </div>
   <div class='ocr_carea' id='block_1_3' title="bbox 59 574 1137 3298">
    <p class='ocr_par' dir='ltr' id='par_1_3' title="bbox 59 574 1137 3298">
     <span class='ocr_line' id='line_1_5' title="bbox 129 574 1099 669; baseline 0 -22"><span class='ocrx_word' id='word_1_30' title='bbox 129 579 184 664; x_wconf 81' lang='grc' dir='ltr'><strong><em>ραὶ</em></strong></span> <span class='ocrx_word' id='word_1_31' title='bbox 202 580 259 648; x_wconf 79' lang='grc' dir='ltr'><strong><em>καὶ</em></strong></span> <span class='ocrx_word' id='word_1_32' title='bbox 281 574 442 666; x_wconf 86' lang='grc' dir='ltr'><strong><em>θεόμαχοι</em></strong></span> <span class='ocrx_word' id='word_1_33' title='bbox 460 574 619 666; x_wconf 77' lang='grc' dir='ltr'><strong><em>δυνάμεις</em></strong></span> <span class='ocrx_word' id='word_1_34' title='bbox 643 582 690 669; x_wconf 80' lang='grc' dir='ltr'><strong><em>τῷ</em></strong></span> <span class='ocrx_word' id='word_1_35' title='bbox 715 578 917 666; x_wconf 84' lang='grc' dir='ltr'><strong><em>μονοκέρωτι</em></strong></span> <span class='ocrx_word' id='word_1_36' title='bbox 934 580 995 646; x_wconf 88' lang='grc' dir='ltr'><strong><em>τού</em></strong></span> <span class='ocrx_word' id='word_1_37' title='bbox 1011 581 1099 648; x_wconf 89' lang='grc' dir='ltr'><strong><em>θεού</em></strong></span> 
     </span>
     <span class='ocr_line' id='line_1_6' title="bbox 127 673 1125 769; baseline 0.003 -22"><span class='ocrx_word' id='word_1_38' title='bbox 127 676 407 769; x_wconf 83' lang='grc' dir='ltr'><strong><em>ύντιπράττουσαι</em></strong></span> <span class='ocrx_word' id='word_1_39' title='bbox 424 681 481 748; x_wconf 81' lang='grc' dir='ltr'><strong><em>καί</em></strong></span> <span class='ocrx_word' id='word_1_40' title='bbox 498 674 773 767; x_wconf 78' lang='grc' dir='ltr'><strong><em>ἀντιπαρεξάγειν</em></strong></span> <span class='ocrx_word' id='word_1_41' title='bbox 790 673 893 747; x_wconf 88' lang='grc' dir='ltr'><strong><em>αύτὸν</em></strong></span> <span class='ocrx_word' id='word_1_42' title='bbox 912 680 1125 767; x_wconf 67' lang='grc' dir='ltr'><strong><em>ἐπιχειρούο</em></strong></span> 
     </span>
     <span class='ocr_line' id='line_1_7' title="bbox 99 771 1099 870; baseline 0 -20"><span class='ocrx_word' id='word_1_43' title='bbox 99 821 110 850; x_wconf 73' lang='grc' dir='ltr'><strong><em>ε</em></strong></span> <span class='ocrx_word' id='word_1_44' title='bbox 128 802 196 869; x_wconf 93' lang='grc' dir='ltr'><strong><em>σαι,</em></strong></span> <span class='ocrx_word' id='word_1_45' title='bbox 214 777 277 870; x_wconf 73' lang='grc' dir='ltr'><strong><em>ἀφ’</em></strong></span> <span class='ocrx_word' id='word_1_46' title='bbox 297 771 345 850; x_wconf 70' lang='grc' dir='ltr'><strong><em>οἷν</em></strong></span> <span class='ocrx_word' id='word_1_47' title='bbox 363 782 419 849; x_wconf 81' lang='grc' dir='ltr'><strong><em>καὶ</em></strong></span> <span class='ocrx_word' id='word_1_48' title='bbox 438 777 551 849; x_wconf 83' lang='grc' dir='ltr'><strong><em>αύτων</em></strong></span> <span class='ocrx_word' id='word_1_49' title='bbox 567 777 586 849; x_wconf 87' lang='grc' dir='ltr'><strong>ὁ</strong></span> <span class='ocrx_word' id='word_1_50' title='bbox 602 784 663 849; x_wconf 88' lang='grc' dir='ltr'><strong><em>τού</em></strong></span> <span class='ocrx_word' id='word_1_51' title='bbox 680 783 765 849; x_wconf 86' lang='grc' dir='ltr'><strong><em>θεοῦ</em></strong></span> <span class='ocrx_word' id='word_1_52' title='bbox 778 777 977 868; x_wconf 88' lang='grc' dir='ltr'><strong><em>μονόκερως,</em></strong></span> <span class='ocrx_word' id='word_1_53' title='bbox 997 778 1099 861; x_wconf 87' lang='grc' dir='ltr'><strong><em>αύτὸς</em></strong></span> 
     </span>
     <span class='ocr_line' id='line_1_8' title="bbox 128 879 1099 970; baseline 0 -18"><span class='ocrx_word' id='word_1_54' title='bbox 128 883 146 952; x_wconf 88' lang='grc' dir='ltr'>ὁ</span> <span class='ocrx_word' id='word_1_55' title='bbox 170 879 284 968; x_wconf 91' lang='grc' dir='ltr'><strong><em>κύριος</em></strong></span> <span class='ocrx_word' id='word_1_56' title='bbox 307 880 403 970; x_wconf 80' lang='grc' dir='ltr'><strong><em>ἡμων</em></strong></span> <span class='ocrx_word' id='word_1_57' title='bbox 426 879 531 970; x_wconf 87' lang='grc' dir='ltr'><strong><em>μόνον</em></strong></span> <span class='ocrx_word' id='word_1_58' title='bbox 553 879 612 950; x_wconf 86' lang='grc' dir='ltr'><strong><em>τὸν</em></strong></span> <span class='ocrx_word' id='word_1_59' title='bbox 634 882 760 969; x_wconf 82' lang='grc' dir='ltr'><strong><em>πατέρα</em></strong></span> <span class='ocrx_word' id='word_1_60' title='bbox 784 882 882 970; x_wconf 83' lang='grc' dir='ltr'><strong><em>κέρας</em></strong></span> <span class='ocrx_word' id='word_1_61' title='bbox 906 887 1011 969; x_wconf 78' lang='grc' dir='ltr'><strong><em>ἔχων,</em></strong></span> <span class='ocrx_word' id='word_1_62' title='bbox 1035 881 1099 970; x_wconf 78' lang='grc' dir='ltr'><strong><em>τὴν</em></strong></span> 
     </span>
     <span class='ocr_line' id='line_1_9' title="bbox 130 975 1099 1072; baseline -0.001 -20"><span class='ocrx_word' id='word_1_63' title='bbox 130 985 463 1052; x_wconf 81' lang='grc' dir='ltr'><strong><em>ἕαυτούταπείνωσιν</em></strong></span> <span class='ocrx_word' id='word_1_64' title='bbox 470 985 639 1072; x_wconf 79' lang='grc' dir='ltr'><strong><em>ῥωσθῆναι</em></strong></span> <span class='ocrx_word' id='word_1_65' title='bbox 645 979 742 1069; x_wconf 82' lang='grc' dir='ltr'><strong><em>ἀξιοῖ,</em></strong></span> <span class='ocrx_word' id='word_1_66' title='bbox 757 983 865 1069; x_wconf 92' lang='grc' dir='ltr'><strong><em>λέγων</em></strong></span> <span class='ocrx_word' id='word_1_67' title='bbox 874 975 953 1050; x_wconf 71' lang='lat' dir='ltr'><strong><em>“nal</em></strong></span> <span class='ocrx_word' id='word_1_68' title='bbox 966 977 1030 1051; x_wconf 81' lang='grc' dir='ltr'><strong><em>άπὸ</em></strong></span> <span class='ocrx_word' id='word_1_69' title='bbox 1044 1010 1099 1051; x_wconf 91' lang='grc' dir='ltr'><strong><em>κε-</em></strong></span> 
     </span>
     <span class='ocr_line' id='line_1_10' title="bbox 129 1078 1099 1174; baseline 0.003 -22"><span class='ocrx_word' id='word_1_70' title='bbox 129 1081 240 1173; x_wconf 89' lang='grc' dir='ltr'><strong><em>ράτων</em></strong></span> <span class='ocrx_word' id='word_1_71' title='bbox 252 1081 492 1174; x_wconf 79' lang='grc' dir='ltr'><strong><em>μονοκερύτων</em></strong></span> <span class='ocrx_word' id='word_1_72' title='bbox 509 1080 572 1171; x_wconf 76' lang='grc' dir='ltr'><strong><em>τὴν</em></strong></span> <span class='ocrx_word' id='word_1_73' title='bbox 584 1089 789 1152; x_wconf 90' lang='grc' dir='ltr'><strong><em>ταπείνωσίν</em></strong></span> <span class='ocrx_word' id='word_1_74' title='bbox 802 1078 901 1170; x_wconf 89' lang='grc' dir='ltr'><strong><em>μου.”</em></strong></span> <span class='ocrx_word' id='word_1_75' title='bbox 930 1088 980 1152; x_wconf 82' lang='grc'><strong><em>93.</em></strong></span> <span class='ocrx_word' id='word_1_76' title='bbox 996 1091 1099 1155; x_wconf 89' lang='grc' dir='ltr'><strong><em>ποίαν</em></strong></span> 
     </span>
     <span class='ocr_line' id='line_1_11' title="bbox 129 1178 1137 1276; baseline 0.001 -22"><span class='ocrx_word' id='word_1_77' title='bbox 129 1185 166 1254; x_wconf 71' lang='grc' dir='ltr'><strong><em>δὲ</em></strong></span> <span class='ocrx_word' id='word_1_78' title='bbox 183 1192 388 1256; x_wconf 77' lang='grc' dir='ltr'><strong><em>ταπείνωσιν</em></strong></span> <span class='ocrx_word' id='word_1_79' title='bbox 405 1179 426 1273; x_wconf 80' lang='grc' dir='ltr'>ἢ</span> <span class='ocrx_word' id='word_1_80' title='bbox 444 1182 570 1272; x_wconf 79' lang='grc' dir='ltr'><strong><em>ταύτην</em></strong></span> <span class='ocrx_word' id='word_1_81' title='bbox 594 1182 717 1272; x_wconf 84' lang='grc' dir='ltr'><strong><em>αύτὴν,</em></strong></span> <span class='ocrx_word' id='word_1_82' title='bbox 742 1181 822 1253; x_wconf 87' lang='grc' dir='ltr'><strong><em>καθ’</em></strong></span> <span class='ocrx_word' id='word_1_83' title='bbox 843 1178 887 1271; x_wconf 82' lang='grc' dir='ltr'><strong><em>ἣν</em></strong></span> <span class='ocrx_word' id='word_1_84' title='bbox 904 1178 967 1254; x_wconf 55' lang='lat' dir='ltr'><strong><em>“gv</em></strong></span> <span class='ocrx_word' id='word_1_85' title='bbox 984 1189 1097 1276; x_wconf 77' lang='grc' dir='ltr'><strong><em>μορφῇ</em></strong></span> <span class='ocrx_word' id='word_1_86' title='bbox 1111 1214 1137 1255; x_wconf 81' lang='grc' dir='ltr'><strong><em>ιο</em></strong></span> 
     </span>
     <span class='ocr_line' id='line_1_12' title="bbox 128 1283 1099 1376; baseline 0.001 -20"><span class='ocrx_word' id='word_1_87' title='bbox 128 1290 214 1356; x_wconf 81' lang='grc' dir='ltr'><strong><em>θεοῦ</em></strong></span> <span class='ocrx_word' id='word_1_88' title='bbox 230 1283 392 1376; x_wconf 77' lang='grc' dir='ltr'><strong><em>ὑπάρχων</em></strong></span> <span class='ocrx_word' id='word_1_89' title='bbox 410 1289 633 1356; x_wconf 77' lang='grc' dir='ltr'><strong><em>ἐταπείνωσεν</em></strong></span> <span class='ocrx_word' id='word_1_90' title='bbox 652 1285 773 1354; x_wconf 80' lang='grc' dir='ltr'><strong><em>ἑαυτὸν</em></strong></span> <span class='ocrx_word' id='word_1_91' title='bbox 791 1288 846 1354; x_wconf 79' lang='grc' dir='ltr'><strong><em>καί</em></strong></span> <span class='ocrx_word' id='word_1_92' title='bbox 866 1286 1019 1373; x_wconf 79' lang='grc' dir='ltr'><strong><em>ἐκένωσε,</em></strong></span> <span class='ocrx_word' id='word_1_93' title='bbox 1041 1315 1099 1374; x_wconf 89' lang='grc' dir='ltr'><strong><em>γε-</em></strong></span> 
     </span>
     <span class='ocr_line' id='line_1_13' title="bbox 127 1384 1096 1476; baseline -0.001 -20"><span class='ocrx_word' id='word_1_94' title='bbox 127 1385 522 1476; x_wconf 81' lang='grc' dir='ltr'><strong><em>νόμενοςὺπήκοοςμέχρι</em></strong></span> <span class='ocrx_word' id='word_1_95' title='bbox 529 1384 692 1474; x_wconf 85' lang='grc' dir='ltr'><strong><em>θανάτου,</em></strong></span> <span class='ocrx_word' id='word_1_96' title='bbox 699 1384 852 1457; x_wconf 90' lang='grc' dir='ltr'><strong><em>θανάτου</em></strong></span> <span class='ocrx_word' id='word_1_97' title='bbox 867 1387 904 1456; x_wconf 70' lang='grc' dir='ltr'><strong><em>δὲ</em></strong></span> <span class='ocrx_word' id='word_1_98' title='bbox 911 1391 1060 1476; x_wconf 82' lang='grc' dir='ltr'><strong><em>σταυροῦ</em></strong></span> <span class='ocrx_word' id='word_1_99' title='bbox 1069 1386 1096 1474; x_wconf 82' lang='lat'><strong><em>3²²</em></strong></span> 
     </span>
     <span class='ocr_line' id='line_1_14' title="bbox 128 1484 1097 1577; baseline 0.001 -20"><span class='ocrx_word' id='word_1_100' title='bbox 128 1484 212 1557; x_wconf 86' lang='grc' dir='ltr'><strong><em>άλλά</em></strong></span> <span class='ocrx_word' id='word_1_101' title='bbox 229 1486 293 1577; x_wconf 86' lang='grc' dir='ltr'><strong><em>γάρ</em></strong></span> <span class='ocrx_word' id='word_1_102' title='bbox 312 1491 367 1559; x_wconf 78' lang='grc' dir='ltr'><strong><em>ἐπὶ</em></strong></span> <span class='ocrx_word' id='word_1_103' title='bbox 389 1491 549 1558; x_wconf 84' lang='grc' dir='ltr'><strong><em>τοσούτου</em></strong></span> <span class='ocrx_word' id='word_1_104' title='bbox 566 1484 757 1576; x_wconf 72' lang='grc' dir='ltr'><strong><em>κατελθὼν,</em></strong></span> <span class='ocrx_word' id='word_1_105' title='bbox 783 1491 838 1556; x_wconf 79' lang='grc' dir='ltr'><strong><em>καί</em></strong></span> <span class='ocrx_word' id='word_1_106' title='bbox 864 1490 959 1576; x_wconf 85' lang='grc' dir='ltr'><strong><em>μέχρι</em></strong></span> <span class='ocrx_word' id='word_1_107' title='bbox 976 1486 1097 1558; x_wconf 90' lang='grc' dir='ltr'><strong><em>τούτου</em></strong></span> 
     </span>
     <span class='ocr_line' id='line_1_15' title="bbox 100 1587 1097 1682; baseline 0 -23"><span class='ocrx_word' id='word_1_108' title='bbox 100 1587 281 1679; x_wconf 78' lang='grc' dir='ltr'><strong><em>ιφθάσας,</em></strong></span> <span class='ocrx_word' id='word_1_109' title='bbox 307 1592 393 1678; x_wconf 89' lang='grc' dir='ltr'><strong><em>λέγω</em></strong></span> <span class='ocrx_word' id='word_1_110' title='bbox 420 1588 461 1677; x_wconf 75' lang='grc' dir='ltr'><strong><em>δὴ</em></strong></span> <span class='ocrx_word' id='word_1_111' title='bbox 484 1592 581 1679; x_wconf 79' lang='grc' dir='ltr'><strong><em>μέχρι</em></strong></span> <span class='ocrx_word' id='word_1_112' title='bbox 604 1594 662 1676; x_wconf 78' lang='grc' dir='ltr'><strong><em>τῆς</em></strong></span> <span class='ocrx_word' id='word_1_113' title='bbox 688 1591 724 1659; x_wconf 78' lang='grc' dir='ltr'><strong><em>ἐν</em></strong></span> <span class='ocrx_word' id='word_1_114' title='bbox 747 1587 900 1682; x_wconf 75' lang='grc' dir='ltr'><strong><em>τῷ“Αιδῃ</em></strong></span> <span class='ocrx_word' id='word_1_115' title='bbox 919 1593 1097 1678; x_wconf 77' lang='grc' dir='ltr'><strong><em>ῥομφαίας,</em></strong></span> 
     </span>
     <span class='ocr_line' id='line_1_16' title="bbox 128 1687 1137 1781; baseline 0 -21"><span class='ocrx_word' id='word_1_116' title='bbox 128 1693 184 1760; x_wconf 80' lang='grc' dir='ltr'><strong><em>καί</em></strong></span> <span class='ocrx_word' id='word_1_117' title='bbox 208 1695 267 1778; x_wconf 81' lang='grc' dir='ltr'><strong><em>τῆς</em></strong></span> <span class='ocrx_word' id='word_1_118' title='bbox 290 1689 398 1781; x_wconf 86' lang='grc' dir='ltr'><strong><em>χειρὸς</em></strong></span> <span class='ocrx_word' id='word_1_119' title='bbox 420 1697 480 1761; x_wconf 82' lang='grc' dir='ltr'><strong><em>τοῦ</em></strong></span> <span class='ocrx_word' id='word_1_120' title='bbox 503 1687 624 1761; x_wconf 87' lang='grc' dir='ltr'><strong><em>αύτόθι</em></strong></span> <span class='ocrx_word' id='word_1_121' title='bbox 648 1692 829 1779; x_wconf 79' lang='grc' dir='ltr'><strong><em>λεγομένου</em></strong></span> <span class='ocrx_word' id='word_1_122' title='bbox 852 1688 968 1771; x_wconf 84' lang='grc' dir='ltr'><strong><em>κυνός·</em></strong></span> <span class='ocrx_word' id='word_1_123' title='bbox 998 1689 1097 1780; x_wconf 85' lang='grc' dir='ltr'><strong><em>(ὅθεν</em></strong></span> <span class='ocrx_word' id='word_1_124' title='bbox 1111 1718 1137 1760; x_wconf 79' lang='lat'><strong><em>15</em></strong></span> 
     </span>
     <span class='ocr_line' id='line_1_17' title="bbox 128 1788 1098 1881; baseline 0.002 -21"><span class='ocrx_word' id='word_1_125' title='bbox 128 1793 184 1861; x_wconf 82' lang='grc' dir='ltr'><strong><em>καί</em></strong></span> <span class='ocrx_word' id='word_1_126' title='bbox 207 1798 330 1876; x_wconf 75' lang='grc' dir='ltr'><strong><em>παῖδας</em></strong></span> <span class='ocrx_word' id='word_1_127' title='bbox 343 1789 513 1880; x_wconf 77' lang='grc' dir='ltr'><strong><em>Ἑλλήνων</em></strong></span> <span class='ocrx_word' id='word_1_128' title='bbox 538 1789 625 1872; x_wconf 84' lang='grc' dir='ltr'><strong><em>είκός</em></strong></span> <span class='ocrx_word' id='word_1_129' title='bbox 650 1788 801 1861; x_wconf 86' lang='grc' dir='ltr'><strong><em>τοιούτύν</em></strong></span> <span class='ocrx_word' id='word_1_130' title='bbox 823 1820 898 1862; x_wconf 92' lang='grc' dir='ltr'><strong><em>τινα</em></strong></span> <span class='ocrx_word' id='word_1_131' title='bbox 925 1793 1098 1881; x_wconf 88' lang='grc' dir='ltr'><strong><em>παρακού-</em></strong></span> 
     </span>
     <span class='ocr_line' id='line_1_18' title="bbox 126 1891 1098 1982; baseline 0.001 -20"><span class='ocrx_word' id='word_1_132' title='bbox 126 1912 250 1974; x_wconf 90' lang='grc' dir='ltr'><strong><em>σαντας</em></strong></span> <span class='ocrx_word' id='word_1_133' title='bbox 273 1892 360 1963; x_wconf 95' lang='grc' dir='ltr'><strong><em>κύνα</em></strong></span> <span class='ocrx_word' id='word_1_134' title='bbox 377 1891 547 1982; x_wconf 88' lang='grc' dir='ltr'><strong><em>θανάτου,</em></strong></span> <span class='ocrx_word' id='word_1_135' title='bbox 571 1895 628 1963; x_wconf 81' lang='grc' dir='ltr'><strong><em>καί</em></strong></span> <span class='ocrx_word' id='word_1_136' title='bbox 651 1899 772 1963; x_wconf 86' lang='grc' dir='ltr'><strong><em>τούτου</em></strong></span> <span class='ocrx_word' id='word_1_137' title='bbox 794 1894 995 1981; x_wconf 80' lang='grc' dir='ltr'><strong><em>τρικέφαλον</em></strong></span> <span class='ocrx_word' id='word_1_138' title='bbox 1013 1891 1098 1963; x_wconf 83' lang='grc' dir='ltr'><strong><em>ἀνα-</em></strong></span> 
     </span>
     <span class='ocr_line' id='line_1_19' title="bbox 127 1990 1098 2084; baseline 0.002 -22"><span class='ocrx_word' id='word_1_139' title='bbox 127 1994 347 2083; x_wconf 81' lang='grc' dir='ltr'><strong><em>ζωγραφεῑν·)</em></strong></span> <span class='ocrx_word' id='word_1_140' title='bbox 366 1997 421 2064; x_wconf 80' lang='grc' dir='ltr'><strong><em>καί</em></strong></span> <span class='ocrx_word' id='word_1_141' title='bbox 438 1997 534 2083; x_wconf 78' lang='grc' dir='ltr'><strong><em>μέχρι</em></strong></span> <span class='ocrx_word' id='word_1_142' title='bbox 553 1996 591 2062; x_wconf 76' lang='grc' dir='ltr'><strong><em>δὲ</em></strong></span> <span class='ocrx_word' id='word_1_143' title='bbox 608 1998 676 2063; x_wconf 81' lang='grc' dir='ltr'><strong><em>τῶν</em></strong></span> <span class='ocrx_word' id='word_1_144' title='bbox 693 1990 877 2084; x_wconf 93' lang='grc' dir='ltr'><strong><em>φαρύγγων</em></strong></span> <span class='ocrx_word' id='word_1_145' title='bbox 896 1995 957 2062; x_wconf 87' lang='grc' dir='ltr'><strong><em>τού</em></strong></span> <span class='ocrx_word' id='word_1_146' title='bbox 973 2000 1098 2083; x_wconf 79' lang='grc' dir='ltr'><strong><em>προδε-</em></strong></span> 
     </span>
     <span class='ocr_line' id='line_1_20' title="bbox 128 2090 1097 2183; baseline 0.003 -21"><span class='ocrx_word' id='word_1_147' title='bbox 128 2096 325 2182; x_wconf 75' lang='grc' dir='ltr'><strong><em>δηλωμένου</em></strong></span> <span class='ocrx_word' id='word_1_148' title='bbox 343 2098 475 2175; x_wconf 88' lang='grc' dir='ltr'><strong><em>λέοντος</em></strong></span> <span class='ocrx_word' id='word_1_149' title='bbox 489 2091 611 2182; x_wconf 74' lang='grc' dir='ltr'><strong><em>ἐλθών,</em></strong></span> <span class='ocrx_word' id='word_1_150' title='bbox 631 2098 686 2164; x_wconf 79' lang='grc' dir='ltr'><strong><em>καὶ</em></strong></span> <span class='ocrx_word' id='word_1_151' title='bbox 698 2094 760 2183; x_wconf 82' lang='grc' dir='ltr'><strong><em>τὴν</em></strong></span> <span class='ocrx_word' id='word_1_152' title='bbox 773 2101 977 2164; x_wconf 86' lang='grc' dir='ltr'><strong><em>ταπείνωσιν</em></strong></span> <span class='ocrx_word' id='word_1_153' title='bbox 991 2090 1097 2165; x_wconf 86' lang='grc' dir='ltr'><strong><em>αύτού</em></strong></span> 
     </span>
     <span class='ocr_line' id='line_1_21' title="bbox 126 2190 1137 2286; baseline -0.002 -21"><span class='ocrx_word' id='word_1_154' title='bbox 126 2211 196 2277; x_wconf 82' lang='grc' dir='ltr'><strong><em>τοῖς</em></strong></span> <span class='ocrx_word' id='word_1_155' title='bbox 213 2191 405 2278; x_wconf 74' lang='grc' dir='ltr'><strong><em>ἀντιπάλοις</em></strong></span> <span class='ocrx_word' id='word_1_156' title='bbox 423 2199 479 2266; x_wconf 81' lang='grc' dir='ltr'><strong><em>καὶ</em></strong></span> <span class='ocrx_word' id='word_1_157' title='bbox 492 2194 671 2286; x_wconf 87' lang='grc' dir='ltr'><strong><em>θεομάχοις</em></strong></span> <span class='ocrx_word' id='word_1_158' title='bbox 684 2198 911 2285; x_wconf 82' lang='grc' dir='ltr'><strong><em>μονοκέρωσιν</em></strong></span> <span class='ocrx_word' id='word_1_159' title='bbox 923 2190 1096 2286; x_wconf 83' lang='grc' dir='ltr'><strong><em>ύποστρύ-</em></strong></span> <span class='ocrx_word' id='word_1_160' title='bbox 1111 2224 1137 2264; x_wconf 85' lang='grc' dir='ltr'><strong><em>ω</em></strong></span> 
     </span>
     <span class='ocr_line' id='line_1_22' title="bbox 127 2296 1097 2387; baseline 0.002 -21"><span class='ocrx_word' id='word_1_161' title='bbox 127 2317 205 2385; x_wconf 82' lang='grc' dir='ltr'><strong><em>σας,</em></strong></span> <span class='ocrx_word' id='word_1_162' title='bbox 229 2299 284 2367; x_wconf 78' lang='grc' dir='ltr'><strong><em>καί</em></strong></span> <span class='ocrx_word' id='word_1_163' title='bbox 310 2301 363 2368; x_wconf 79' lang='grc' dir='ltr'><strong><em>ἐπὶ</em></strong></span> <span class='ocrx_word' id='word_1_164' title='bbox 386 2296 485 2368; x_wconf 82' lang='grc' dir='ltr'><strong><em>τοῦτο’</em></strong></span> <span class='ocrx_word' id='word_1_165' title='bbox 510 2325 548 2386; x_wconf 87' lang='grc' dir='ltr'><strong><em>γε</em></strong></span> <span class='ocrx_word' id='word_1_166' title='bbox 571 2301 663 2378; x_wconf 80' lang='grc' dir='ltr'><strong><em>τέλος</em></strong></span> <span class='ocrx_word' id='word_1_167' title='bbox 687 2297 749 2385; x_wconf 81' lang='grc' dir='ltr'><strong><em>τὴν</em></strong></span> <span class='ocrx_word' id='word_1_168' title='bbox 772 2300 884 2367; x_wconf 82' lang='grc' dir='ltr'><strong><em>πάσαν</em></strong></span> <span class='ocrx_word' id='word_1_169' title='bbox 901 2304 1097 2387; x_wconf 78' lang='grc' dir='ltr'><strong><em>οἰκονομίαν</em></strong></span> 
     </span>
     <span class='ocr_line' id='line_1_23' title="bbox 125 2396 1094 2489; baseline 0.001 -22"><span class='ocrx_word' id='word_1_170' title='bbox 125 2403 184 2485; x_wconf 81' lang='grc' dir='ltr'><strong><em>τῆς</em></strong></span> <span class='ocrx_word' id='word_1_171' title='bbox 215 2400 337 2470; x_wconf 83' lang='grc' dir='ltr'><strong><em>ἕαυτού</em></strong></span> <span class='ocrx_word' id='word_1_172' title='bbox 367 2397 540 2479; x_wconf 77' lang='grc' dir='ltr'><strong><em>κενώσεως</em></strong></span> <span class='ocrx_word' id='word_1_173' title='bbox 563 2402 677 2469; x_wconf 79' lang='grc' dir='ltr'><strong><em>τεκαὶ</em></strong></span> <span class='ocrx_word' id='word_1_174' title='bbox 702 2396 935 2480; x_wconf 74' lang='grc' dir='ltr'><strong><em>ταπεινώσεως</em></strong></span> <span class='ocrx_word' id='word_1_175' title='bbox 958 2399 1094 2489; x_wconf 76' lang='grc' dir='ltr'><strong><em>στήσας,</em></strong></span> 
     </span>
     <span class='ocr_line' id='line_1_24' title="bbox 127 2496 1097 2589; baseline 0.002 -21"><span class='ocrx_word' id='word_1_176' title='bbox 127 2496 266 2569; x_wconf 83' lang='grc' dir='ltr'><strong><em>κάπειτα</em></strong></span> <span class='ocrx_word' id='word_1_177' title='bbox 294 2496 472 2589; x_wconf 81' lang='grc' dir='ltr'><strong><em>εὐξάμενος</em></strong></span> <span class='ocrx_word' id='word_1_178' title='bbox 496 2497 561 2588; x_wconf 75' lang='grc' dir='ltr'><strong><em>ἤδη</em></strong></span> <span class='ocrx_word' id='word_1_179' title='bbox 586 2498 704 2570; x_wconf 80' lang='grc' dir='ltr'><strong><em>λοιπὸν</em></strong></span> <span class='ocrx_word' id='word_1_180' title='bbox 719 2515 834 2588; x_wconf 81' lang='grc' dir='ltr'><strong><em>τυχεῖν</em></strong></span> <span class='ocrx_word' id='word_1_181' title='bbox 851 2503 909 2588; x_wconf 78' lang='grc' dir='ltr'><strong><em>τῆς</em></strong></span> <span class='ocrx_word' id='word_1_182' title='bbox 935 2508 1097 2588; x_wconf 79' lang='grc' dir='ltr'><strong><em>βοηθείας</em></strong></span> 
     </span>
     <span class='ocr_line' id='line_1_25' title="bbox 126 2597 1097 2691; baseline 0.002 -22"><span class='ocrx_word' id='word_1_183' title='bbox 126 2603 259 2689; x_wconf 79' lang='grc' dir='ltr'><strong><em>καὶτῆς</em></strong></span> <span class='ocrx_word' id='word_1_184' title='bbox 282 2599 372 2691; x_wconf 85' lang='grc' dir='ltr'><strong><em>παρά</em></strong></span> <span class='ocrx_word' id='word_1_185' title='bbox 395 2600 597 2690; x_wconf 79' lang='grc' dir='ltr'><strong><em>τοῦπατρὸς</em></strong></span> <span class='ocrx_word' id='word_1_186' title='bbox 622 2597 845 2688; x_wconf 75' lang='grc' dir='ltr'><strong><em>ἀντιλήψεως,</em></strong></span> <span class='ocrx_word' id='word_1_187' title='bbox 872 2604 1016 2689; x_wconf 79' lang='grc' dir='ltr'><strong><em>ἐπιλέγει</em></strong></span> <span class='ocrx_word' id='word_1_188' title='bbox 1029 2599 1097 2673; x_wconf 83' lang='grc' dir='ltr'><strong><em>“σύ</em></strong></span> 
     </span>
     <span class='ocr_line' id='line_1_26' title="bbox 127 2699 1135 2792; baseline 0 -22"><span class='ocrx_word' id='word_1_189' title='bbox 127 2702 181 2788; x_wconf 70' lang='grc' dir='ltr'><strong><em>δὲ,</em></strong></span> <span class='ocrx_word' id='word_1_190' title='bbox 205 2700 315 2792; x_wconf 86' lang='grc' dir='ltr'><strong><em>κύριε,</em></strong></span> <span class='ocrx_word' id='word_1_191' title='bbox 341 2701 386 2792; x_wconf 79' lang='grc' dir='ltr'><strong><em>μὴ</em></strong></span> <span class='ocrx_word' id='word_1_192' title='bbox 403 2701 576 2792; x_wconf 81' lang='grc' dir='ltr'><strong><em>μακρύνῃς</em></strong></span> <span class='ocrx_word' id='word_1_193' title='bbox 593 2699 655 2790; x_wconf 80' lang='grc' dir='ltr'><strong><em>τὴν</em></strong></span> <span class='ocrx_word' id='word_1_194' title='bbox 673 2700 836 2789; x_wconf 79' lang='grc' dir='ltr'><strong><em>βοήθειάν</em></strong></span> <span class='ocrx_word' id='word_1_195' title='bbox 860 2731 944 2791; x_wconf 90' lang='grc' dir='ltr'><strong><em>μου,</em></strong></span> <span class='ocrx_word' id='word_1_196' title='bbox 970 2709 1017 2783; x_wconf 89' lang='grc' dir='ltr'><strong><em>είς</em></strong></span> <span class='ocrx_word' id='word_1_197' title='bbox 1034 2699 1096 2790; x_wconf 83' lang='grc' dir='ltr'><strong><em>τὴν</em></strong></span> <span class='ocrx_word' id='word_1_198' title='bbox 1110 2729 1135 2770; x_wconf 77' lang='grc' dir='ltr'><strong><em>τε</em></strong></span> 
     </span>
     <span class='ocr_line' id='line_1_27' title="bbox 126 2797 1097 2892; baseline 0.004 -22"><span class='ocrx_word' id='word_1_199' title='bbox 126 2797 306 2890; x_wconf 76' lang='grc' dir='ltr'><strong><em>άντίληψίν</em></strong></span> <span class='ocrx_word' id='word_1_200' title='bbox 323 2833 389 2892; x_wconf 93' lang='grc' dir='ltr'><strong><em>μου</em></strong></span> <span class='ocrx_word' id='word_1_201' title='bbox 406 2798 605 2892; x_wconf 81' lang='grc' dir='ltr'><strong><em>πρόσσχες.”</em></strong></span> <span class='ocrx_word' id='word_1_202' title='bbox 645 2808 696 2872; x_wconf 86' lang='grc'><strong><em>94.</em></strong></span> <span class='ocrx_word' id='word_1_203' title='bbox 715 2806 770 2874; x_wconf 78' lang='grc' dir='ltr'><strong><em>καί</em></strong></span> <span class='ocrx_word' id='word_1_204' title='bbox 794 2801 884 2873; x_wconf 76' lang='grc' dir='ltr'><strong><em>τοῦτ’</em></strong></span> <span class='ocrx_word' id='word_1_205' title='bbox 906 2802 1011 2874; x_wconf 82' lang='grc' dir='ltr'><strong><em>είπύν</em></strong></span> <span class='ocrx_word' id='word_1_206' title='bbox 1033 2801 1097 2874; x_wconf 89' lang='grc' dir='ltr'><strong><em>ούκ</em></strong></span> 
     </span>
     <span class='ocr_line' id='line_1_28' title="bbox 59 2902 1096 2995; baseline 0.003 -23"><span class='ocrx_word' id='word_1_207' title='bbox 59 2931 113 2982; x_wconf 79' lang='grc' dir='ltr'><strong><em>ωοε)</em></strong></span> <span class='ocrx_word' id='word_1_208' title='bbox 128 2909 176 2983; x_wconf 88' lang='grc' dir='ltr'><strong><em>είς</em></strong></span> <span class='ocrx_word' id='word_1_209' title='bbox 193 2903 321 2994; x_wconf 87' lang='grc' dir='ltr'><strong><em>μακρὸν</em></strong></span> <span class='ocrx_word' id='word_1_210' title='bbox 339 2904 483 2993; x_wconf 79' lang='grc' dir='ltr'><strong><em>ἐπηκόου</em></strong></span> <span class='ocrx_word' id='word_1_211' title='bbox 495 2912 554 2975; x_wconf 88' lang='grc' dir='ltr'><strong><em>τού</em></strong></span> <span class='ocrx_word' id='word_1_212' title='bbox 569 2902 692 2993; x_wconf 82' lang='grc' dir='ltr'><strong><em>πατρὸς</em></strong></span> <span class='ocrx_word' id='word_1_213' title='bbox 703 2903 871 2993; x_wconf 83' lang='grc' dir='ltr'><strong><em>τυγχάνει,</em></strong></span> <span class='ocrx_word' id='word_1_214' title='bbox 890 2905 935 2994; x_wconf 78' lang='grc' dir='ltr'><strong><em>μὴ</em></strong></span> <span class='ocrx_word' id='word_1_215' title='bbox 948 2934 1096 2995; x_wconf 90' lang='grc' dir='ltr'><strong><em>μακρυν·</em></strong></span> 
     </span>
     <span class='ocr_line' id='line_1_29' title="bbox 125 3003 1096 3096; baseline 0.003 -22"><span class='ocrx_word' id='word_1_216' title='bbox 125 3007 261 3093; x_wconf 82' lang='grc' dir='ltr'><strong><em>θέντος,</em></strong></span> <span class='ocrx_word' id='word_1_217' title='bbox 279 3008 364 3093; x_wconf 70' lang='grc' dir='ltr'><strong><em>μηδὲ</em></strong></span> <span class='ocrx_word' id='word_1_218' title='bbox 381 3006 417 3077; x_wconf 87' lang='grc' dir='ltr'><strong><em>τὸ</em></strong></span> <span class='ocrx_word' id='word_1_219' title='bbox 436 3003 643 3096; x_wconf 85' lang='grc' dir='ltr'><strong><em>βραχύτατον</em></strong></span> <span class='ocrx_word' id='word_1_220' title='bbox 654 3003 908 3095; x_wconf 82' lang='grc' dir='ltr'><strong><em>ὑπερθεμένου,</em></strong></span> <span class='ocrx_word' id='word_1_221' title='bbox 927 3005 1039 3088; x_wconf 81' lang='grc' dir='ltr'><strong><em>αὐτοῖς</em></strong></span> <span class='ocrx_word' id='word_1_222' title='bbox 1059 3008 1096 3077; x_wconf 74' lang='grc' dir='ltr'><strong><em>δὲ</em></strong></span> 
     </span>
     <span class='ocr_line' id='line_1_30' title="bbox 125 3105 1094 3200; baseline 0.003 -26"><span class='ocrx_word' id='word_1_223' title='bbox 125 3111 234 3196; x_wconf 78' lang='grc' dir='ltr'><strong><em>ἔργοις</em></strong></span> <span class='ocrx_word' id='word_1_224' title='bbox 251 3110 432 3197; x_wconf 83' lang='grc' dir='ltr'><strong><em>μονονουχὶ</em></strong></span> <span class='ocrx_word' id='word_1_225' title='bbox 449 3105 617 3196; x_wconf 78' lang='grc' dir='ltr'><strong><em>φήσαντος</em></strong></span> <span class='ocrx_word' id='word_1_226' title='bbox 635 3105 724 3200; x_wconf 81' lang='grc' dir='ltr'><strong><em>αύτῷ</em></strong></span> <span class='ocrx_word' id='word_1_227' title='bbox 737 3105 809 3177; x_wconf 59' lang='lat' dir='ltr'><strong><em>“fu</em></strong></span> <span class='ocrx_word' id='word_1_228' title='bbox 827 3108 1006 3190; x_wconf 76' lang='grc' dir='ltr'><strong><em>λαλοῦντός</em></strong></span> <span class='ocrx_word' id='word_1_229' title='bbox 1021 3131 1094 3195; x_wconf 89' lang='grc' dir='ltr'><strong><em>σου,</em></strong></span> 
     </span>
     <span class='ocr_line' id='line_1_31' title="bbox 127 3204 1135 3298; baseline 0.002 -23"><span class='ocrx_word' id='word_1_230' title='bbox 127 3209 204 3296; x_wconf 75' lang='grc' dir='ltr'><strong><em>ἐρῶ,</em></strong></span> <span class='ocrx_word' id='word_1_231' title='bbox 223 3207 299 3278; x_wconf 82' lang='grc' dir='ltr'><strong><em>ίὸοὐ</em></strong></span> <span class='ocrx_word' id='word_1_232' title='bbox 317 3204 487 3297; x_wconf 84' lang='grc' dir='ltr'><strong><em>πάρειμι.”</em></strong></span> <span class='ocrx_word' id='word_1_233' title='bbox 512 3211 568 3278; x_wconf 78' lang='grc' dir='ltr'><strong><em>καί</em></strong></span> <span class='ocrx_word' id='word_1_234' title='bbox 587 3206 628 3297; x_wconf 75' lang='grc' dir='ltr'><strong><em>δὴ</em></strong></span> <span class='ocrx_word' id='word_1_235' title='bbox 646 3206 734 3278; x_wconf 73' lang='grc' dir='ltr'><strong><em>τοῦτ’</em></strong></span> <span class='ocrx_word' id='word_1_236' title='bbox 752 3206 966 3298; x_wconf 78' lang='grc' dir='ltr'><strong><em>αἰσθόμενος,</em></strong></span> <span class='ocrx_word' id='word_1_237' title='bbox 984 3213 1041 3296; x_wconf 76' lang='grc' dir='ltr'><strong><em>τῆς</em></strong></span> <span class='ocrx_word' id='word_1_238' title='bbox 1059 3237 1094 3279; x_wconf 89' lang='grc' dir='ltr'><strong><em>τε</em></strong></span> <span class='ocrx_word' id='word_1_239' title='bbox 1108 3235 1135 3277; x_wconf 76' lang='grc' dir='ltr'><strong><em>3ο</em></strong></span> 
     </span>
    </p>
   </div>
   <div class='ocr_carea' id='block_1_4' title="bbox 195 3438 689 3505">
    <p class='ocr_par' dir='ltr' id='par_1_4' title="bbox 195 3438 689 3505">
     <span class='ocr_line' id='line_1_32' title="bbox 195 3438 689 3505; baseline 0.012 -19"><span class='ocrx_word' id='word_1_240' title='bbox 195 3440 225 3486; x_wconf 94' lang='grc'><strong><em>11</em></strong></span> <span class='ocrx_word' id='word_1_241' title='bbox 244 3438 318 3494; x_wconf 85' lang='lat' dir='ltr'><strong>Phil.</strong></span> <span class='ocrx_word' id='word_1_242' title='bbox 330 3442 356 3505; x_wconf 82' lang='lat'><strong><em>2,</em></strong></span> <span class='ocrx_word' id='word_1_243' title='bbox 370 3440 393 3488; x_wconf 88' lang='grc'><strong><em>6.</em></strong></span> <span class='ocrx_word' id='word_1_244' title='bbox 498 3440 530 3491; x_wconf 76' lang='lat'><strong><em>29</em></strong></span> <span class='ocrx_word' id='word_1_245' title='bbox 548 3440 596 3495; x_wconf 85' lang='lat' dir='ltr'><strong><em>Es.</em></strong></span> <span class='ocrx_word' id='word_1_246' title='bbox 610 3439 652 3503; x_wconf 86' lang='grc'><strong><em>58,</em></strong></span> <span class='ocrx_word' id='word_1_247' title='bbox 665 3442 689 3493; x_wconf 90' lang='grc'><strong><em>9.</em></strong></span> 
     </span>
    </p>
   </div>
   <div class='ocr_carea' id='block_1_5' title="bbox 0 0 1168 3818">
    <p class='ocr_par' dir='ltr' id='par_1_5' title="bbox 0 0 1168 3818">
     <span class='ocr_line' id='line_1_33' title="bbox 0 0 1168 3818; baseline 0 2"><span class='ocrx_word' id='word_1_248' title='bbox 0 0 1168 3818; x_wconf 95' lang='lat' dir='ltr'><strong><em> </em></strong></span> 
     </span>
    </p>
   </div>
  </div>
 </body>
</html>
