<?xml version="1.0" encoding="UTF-8"?>
<!DOCTYPE html PUBLIC "-//W3C//DTD XHTML 1.0 Transitional//EN"
    "http://www.w3.org/TR/xhtml1/DTD/xhtml1-transitional.dtd">
<html xmlns="http://www.w3.org/1999/xhtml" xml:lang="en" lang="en">
 <head>
  <title>
</title>
<meta http-equiv="Content-Type" content="text/html;charset=utf-8" />
  <meta name='ocr-system' content='tesseract 3.04.00' />
  <meta name='ocr-capabilities' content='ocr_page ocr_carea ocr_par ocr_line ocrx_word'/>
</head>
<body>
  <div class='ocr_page' id='page_1' title='image "./eusebiicaesarie01dindgoog/eusebiicaesarie01dindgoog_0201.png"; bbox 0 0 2326 3818; ppageno 0'>
   <div class='ocr_carea' id='block_1_1' title="bbox 136 112 685 177">
    <p class='ocr_par' dir='ltr' id='par_1_1' title="bbox 136 112 685 177">
     <span class='ocr_line' id='line_1_1' title="bbox 136 112 685 177; baseline -0.007 -8"><span class='ocrx_word' id='word_1_1' title='bbox 136 115 200 177; x_wconf 82' lang='lat'><strong><em>140</em></strong></span> <span class='ocrx_word' id='word_1_2' title='bbox 536 112 685 165; x_wconf 77' lang='grc' dir='ltr'><strong><em>Ευεωοιι</em></strong></span> 
     </span>
    </p>
   </div>
   <div class='ocr_carea' id='block_1_2' title="bbox 49 248 1146 3485">
    <p class='ocr_par' dir='ltr' id='par_1_2' title="bbox 136 248 1111 546">
     <span class='ocr_line' id='line_1_2' title="bbox 137 248 1111 342; baseline 0.004 -19"><span class='ocrx_word' id='word_1_3' title='bbox 137 252 242 342; x_wconf 89' lang='grc' dir='ltr'><strong><em>ριοςὸ</em></strong></span> <span class='ocrx_word' id='word_1_4' title='bbox 267 251 346 337; x_wconf 83' lang='grc' dir='ltr'><strong><em>θεός</em></strong></span> <span class='ocrx_word' id='word_1_5' title='bbox 370 278 448 341; x_wconf 90' lang='grc' dir='ltr'><strong><em>σου,</em></strong></span> <span class='ocrx_word' id='word_1_6' title='bbox 476 248 582 323; x_wconf 88' lang='grc' dir='ltr'><strong><em>αὐτοῦ</em></strong></span> <span class='ocrx_word' id='word_1_7' title='bbox 598 248 786 323; x_wconf 72' lang='grc' dir='ltr'><strong><em>ἀκούσεσθε</em></strong></span> <span class='ocrx_word' id='word_1_8' title='bbox 808 248 892 321; x_wconf 86' lang='grc' dir='ltr'><strong><em>κατά</em></strong></span> <span class='ocrx_word' id='word_1_9' title='bbox 915 248 1024 322; x_wconf 79' lang='grc' dir='ltr'><strong><em>πάντα</em></strong></span> <span class='ocrx_word' id='word_1_10' title='bbox 1042 250 1111 327; x_wconf 78' lang='grc' dir='ltr'><strong><em>ὅσα</em></strong></span> 
     </span>
     <span class='ocr_line' id='line_1_3' title="bbox 136 350 1110 447; baseline 0.004 -23"><span class='ocrx_word' id='word_1_11' title='bbox 136 354 249 445; x_wconf 77' lang='grc' dir='ltr'><strong><em>ᾐτήσω</em></strong></span> <span class='ocrx_word' id='word_1_12' title='bbox 267 353 357 442; x_wconf 79' lang='grc' dir='ltr'><strong><em>παρὰ</em></strong></span> <span class='ocrx_word' id='word_1_13' title='bbox 376 362 494 443; x_wconf 80' lang='grc' dir='ltr'><strong><em>κυρίου</em></strong></span> <span class='ocrx_word' id='word_1_14' title='bbox 508 356 569 425; x_wconf 91' lang='grc' dir='ltr'><strong><em>τοῦ</em></strong></span> <span class='ocrx_word' id='word_1_15' title='bbox 582 357 668 425; x_wconf 88' lang='grc' dir='ltr'><strong><em>θεοῦ</em></strong></span> <span class='ocrx_word' id='word_1_16' title='bbox 682 350 852 443; x_wconf 83' lang='grc' dir='ltr'><strong><em>ένΧωρῆβ</em></strong></span> <span class='ocrx_word' id='word_1_17' title='bbox 865 355 907 442; x_wconf 88' lang='grc' dir='ltr'><strong><em>τῆ</em></strong></span> <span class='ocrx_word' id='word_1_18' title='bbox 923 351 1031 447; x_wconf 82' lang='grc' dir='ltr'><strong><em>ἡμέρα</em></strong></span> <span class='ocrx_word' id='word_1_19' title='bbox 1048 361 1110 446; x_wconf 85' lang='grc' dir='ltr'><strong><em>τῆς</em></strong></span> 
     </span>
     <span class='ocr_line' id='line_1_4' title="bbox 138 452 347 546; baseline -0.005 -20"><span class='ocrx_word' id='word_1_20' title='bbox 138 452 347 546; x_wconf 84' lang='grc' dir='ltr'><strong><em>ε’κκλησίας.”</em></strong></span> 
     </span>
    </p>

    <p class='ocr_par' dir='ltr' id='par_1_3' title="bbox 135 547 1135 1155">
     <span class='ocr_line' id='line_1_5' title="bbox 212 547 1109 647; baseline 0.002 -21"><span class='ocrx_word' id='word_1_21' title='bbox 212 563 240 628; x_wconf 84' lang='grc'><strong><em>4.</em></strong></span> <span class='ocrx_word' id='word_1_22' title='bbox 260 548 333 647; x_wconf 70' lang='grc' dir='ltr'><strong><em>Ἆρ’</em></strong></span> <span class='ocrx_word' id='word_1_23' title='bbox 359 547 421 627; x_wconf 88' lang='grc' dir='ltr'><strong><em>οὐν</em></strong></span> <span class='ocrx_word' id='word_1_24' title='bbox 444 563 480 628; x_wconf 86' lang='grc' dir='ltr'><strong><em>οί</em></strong></span> <span class='ocrx_word' id='word_1_25' title='bbox 499 553 581 646; x_wconf 79' lang='grc' dir='ltr'><strong><em>μετὰ</em></strong></span> <span class='ocrx_word' id='word_1_26' title='bbox 598 556 727 625; x_wconf 89' lang='grc' dir='ltr'><strong><em>Μωσέα</em></strong></span> <span class='ocrx_word' id='word_1_27' title='bbox 750 561 935 646; x_wconf 73' lang='grc' dir='ltr'><strong><em>προφῆται,</em></strong></span> <span class='ocrx_word' id='word_1_28' title='bbox 955 549 1109 647; x_wconf 81' lang='grc' dir='ltr'><strong><em>Ἡσαΐας,</em></strong></span> 
     </span>
     <span class='ocr_line' id='line_1_6' title="bbox 136 651 1135 751; baseline 0 -23"><span class='ocrx_word' id='word_1_29' title='bbox 136 662 230 750; x_wconf 82' lang='grc' dir='ltr'><strong><em>φέρε,</em></strong></span> <span class='ocrx_word' id='word_1_30' title='bbox 249 655 452 750; x_wconf 83' lang='grc' dir='ltr'><strong><em>ῆἹερεμίας,</em></strong></span> <span class='ocrx_word' id='word_1_31' title='bbox 471 653 668 747; x_wconf 76' lang='grc' dir='ltr'><strong><em>ῆἸεζεκιῆλ,</em></strong></span> <span class='ocrx_word' id='word_1_32' title='bbox 687 651 709 745; x_wconf 88' lang='grc' dir='ltr'><strong><em>ῆ</em></strong></span> <span class='ocrx_word' id='word_1_33' title='bbox 726 653 872 745; x_wconf 89' lang='grc' dir='ltr'><strong><em>Δανιῆλ,</em></strong></span> <span class='ocrx_word' id='word_1_34' title='bbox 890 654 911 744; x_wconf 91' lang='grc' dir='ltr'><strong><em>ῆ</em></strong></span> <span class='ocrx_word' id='word_1_35' title='bbox 927 685 976 739; x_wconf 86' lang='grc' dir='ltr'><strong><em>τις</em></strong></span> <span class='ocrx_word' id='word_1_36' title='bbox 994 660 1135 751; x_wconf 75' lang='grc' dir='ltr'><strong><em>ἔτεροςι</em></strong></span> 
     </span>
     <span class='ocr_line' id='line_1_7' title="bbox 135 757 1110 851; baseline 0 -21"><span class='ocrx_word' id='word_1_37' title='bbox 135 766 204 830; x_wconf 78' lang='grc' dir='ltr'><strong><em>τῶν</em></strong></span> <span class='ocrx_word' id='word_1_38' title='bbox 218 758 361 847; x_wconf 74' lang='grc' dir='ltr'><strong><em>δώδεκα,</em></strong></span> <span class='ocrx_word' id='word_1_39' title='bbox 375 769 496 829; x_wconf 84' lang='grc' dir='ltr'><strong><em>Μωσελ</em></strong></span> <span class='ocrx_word' id='word_1_40' title='bbox 508 759 648 846; x_wconf 78' lang='grc' dir='ltr'><strong><em>κατέστη</em></strong></span> <span class='ocrx_word' id='word_1_41' title='bbox 662 757 891 846; x_wconf 87' lang='grc' dir='ltr'><strong><em>παραπλήσιος</em></strong></span> <span class='ocrx_word' id='word_1_42' title='bbox 901 762 1110 851; x_wconf 77' lang='grc' dir='ltr'><strong><em>νομοθέτης;</em></strong></span> 
     </span>
     <span class='ocr_line' id='line_1_8' title="bbox 136 855 1109 950; baseline 0.002 -18"><span class='ocrx_word' id='word_1_43' title='bbox 136 860 301 950; x_wconf 68' lang='grc' dir='ltr'><strong><em>οὐδαμοῖς.</em></strong></span> <span class='ocrx_word' id='word_1_44' title='bbox 337 859 422 929; x_wconf 86' lang='grc' dir='ltr'><strong><em>ἀλλά</em></strong></span> <span class='ocrx_word' id='word_1_45' title='bbox 445 859 485 929; x_wconf 82' lang='grc' dir='ltr'><strong><em>τὰ</em></strong></span> <span class='ocrx_word' id='word_1_46' title='bbox 509 855 605 948; x_wconf 81' lang='grc' dir='ltr'><strong><em>δμοιά</em></strong></span> <span class='ocrx_word' id='word_1_47' title='bbox 628 888 678 942; x_wconf 92' lang='grc' dir='ltr'><strong><em>τις</em></strong></span> <span class='ocrx_word' id='word_1_48' title='bbox 697 863 836 930; x_wconf 82' lang='grc' dir='ltr'><strong><em>ἐκείνων</em></strong></span> <span class='ocrx_word' id='word_1_49' title='bbox 854 869 975 930; x_wconf 85' lang='grc' dir='ltr'><strong><em>Μωσεῑ</em></strong></span> <span class='ocrx_word' id='word_1_50' title='bbox 991 866 1109 934; x_wconf 88' lang='grc' dir='ltr'><strong><em>διαπέ-</em></strong></span> 
     </span>
     <span class='ocr_line' id='line_1_9' title="bbox 137 959 1111 1050; baseline 0.003 -19"><span class='ocrx_word' id='word_1_51' title='bbox 137 990 296 1049; x_wconf 86' lang='grc' dir='ltr'><strong><em>πρακται;</em></strong></span> <span class='ocrx_word' id='word_1_52' title='bbox 315 959 378 1031; x_wconf 90' lang='grc' dir='ltr'><strong><em>οὐκ</em></strong></span> <span class='ocrx_word' id='word_1_53' title='bbox 396 969 487 1030; x_wconf 79' lang='grc' dir='ltr'><strong><em>ἔστιν</em></strong></span> <span class='ocrx_word' id='word_1_54' title='bbox 504 967 621 1031; x_wconf 83' lang='grc' dir='ltr'><strong><em>είπεῖν.</em></strong></span> <span class='ocrx_word' id='word_1_55' title='bbox 653 964 790 1043; x_wconf 78' lang='grc' dir='ltr'><strong><em>ἕκαστος</em></strong></span> <span class='ocrx_word' id='word_1_56' title='bbox 810 967 893 1050; x_wconf 92' lang='grc' dir='ltr'><strong><em>γοῦν</em></strong></span> <span class='ocrx_word' id='word_1_57' title='bbox 911 959 1023 1032; x_wconf 75' lang='grc' dir='ltr'><strong><em>αὐτῶν</em></strong></span> <span class='ocrx_word' id='word_1_58' title='bbox 1040 961 1111 1035; x_wconf 83' lang='grc' dir='ltr'><strong><em>ἀπὸ</em></strong></span> 
     </span>
     <span class='ocr_line' id='line_1_10' title="bbox 137 1058 1109 1155; baseline 0.004 -25"><span class='ocrx_word' id='word_1_59' title='bbox 137 1060 272 1151; x_wconf 77' lang='grc' dir='ltr'><strong><em>πρώτον</em></strong></span> <span class='ocrx_word' id='word_1_60' title='bbox 290 1064 345 1131; x_wconf 77' lang='grc' dir='ltr'><strong><em>καί</em></strong></span> <span class='ocrx_word' id='word_1_61' title='bbox 364 1069 411 1144; x_wconf 86' lang='grc' dir='ltr'><strong><em>είς</em></strong></span> <span class='ocrx_word' id='word_1_62' title='bbox 429 1059 488 1132; x_wconf 83' lang='grc' dir='ltr'><strong><em>τῦν</em></strong></span> <span class='ocrx_word' id='word_1_63' title='bbox 500 1069 691 1134; x_wconf 79' lang='grc' dir='ltr'><strong><em>τελευταῖον</em></strong></span> <span class='ocrx_word' id='word_1_64' title='bbox 705 1063 895 1133; x_wconf 82' lang='grc' dir='ltr'><strong><em>έπὶΜωσέα</em></strong></span> <span class='ocrx_word' id='word_1_65' title='bbox 912 1062 990 1144; x_wconf 87' lang='grc' dir='ltr'><strong><em>τοῦς</em></strong></span> <span class='ocrx_word' id='word_1_66' title='bbox 1007 1058 1109 1155; x_wconf 85' lang='grc' dir='ltr'><strong><em>ἀκρο-</em></strong></span> 
     </span>
    </p>

    <p class='ocr_par' dir='ltr' id='par_1_4' title="bbox 109 1160 1146 2369">
     <span class='ocr_line' id='line_1_11' title="bbox 109 1160 1145 1255; baseline 0.009 -25"><span class='ocrx_word' id='word_1_67' title='bbox 109 1167 286 1252; x_wconf 70' lang='grc' dir='ltr'><strong><em>(ἰωμένους</em></strong></span> <span class='ocrx_word' id='word_1_68' title='bbox 303 1161 513 1253; x_wconf 77' lang='grc' dir='ltr'><strong><em>ἀνέπεμπον,</em></strong></span> <span class='ocrx_word' id='word_1_69' title='bbox 532 1165 587 1233; x_wconf 85' lang='grc' dir='ltr'><strong><em>καὶ</em></strong></span> <span class='ocrx_word' id='word_1_70' title='bbox 604 1160 663 1234; x_wconf 89' lang='grc' dir='ltr'><strong><em>τόν</em></strong></span> <span class='ocrx_word' id='word_1_71' title='bbox 681 1191 719 1253; x_wconf 90' lang='grc' dir='ltr'><strong><em>γε</em></strong></span> <span class='ocrx_word' id='word_1_72' title='bbox 737 1162 820 1234; x_wconf 81' lang='grc' dir='ltr'><strong><em>κατὰ</em></strong></span> <span class='ocrx_word' id='word_1_73' title='bbox 837 1168 897 1233; x_wconf 89' lang='grc' dir='ltr'><strong><em>τοῦ</em></strong></span> <span class='ocrx_word' id='word_1_74' title='bbox 913 1169 997 1234; x_wconf 92' lang='grc' dir='ltr'><strong><em>λαοῦ</em></strong></span> <span class='ocrx_word' id='word_1_75' title='bbox 1016 1171 1108 1255; x_wconf 78' lang='grc' dir='ltr'><strong><em>ἔλεγ-</em></strong></span> <span class='ocrx_word' id='word_1_76' title='bbox 1120 1198 1145 1239; x_wconf 86' lang='grc' dir='ltr'><strong><em>ιι</em></strong></span> 
     </span>
     <span class='ocr_line' id='line_1_12' title="bbox 137 1262 1109 1357; baseline 0.004 -23"><span class='ocrx_word' id='word_1_77' title='bbox 137 1293 196 1354; x_wconf 87' lang='grc' dir='ltr'><strong><em>χον</em></strong></span> <span class='ocrx_word' id='word_1_78' title='bbox 211 1262 267 1334; x_wconf 86' lang='grc' dir='ltr'><strong><em>διά</em></strong></span> <span class='ocrx_word' id='word_1_79' title='bbox 279 1265 338 1346; x_wconf 81' lang='grc' dir='ltr'><strong><em>τὰς</em></strong></span> <span class='ocrx_word' id='word_1_80' title='bbox 348 1263 552 1355; x_wconf 79' lang='grc' dir='ltr'><strong><em>παραβάσεις</em></strong></span> <span class='ocrx_word' id='word_1_81' title='bbox 565 1267 627 1335; x_wconf 90' lang='grc' dir='ltr'><strong><em>τοῦ</em></strong></span> <span class='ocrx_word' id='word_1_82' title='bbox 632 1265 785 1347; x_wconf 81' lang='grc' dir='ltr'><strong><em>Μωσέως</em></strong></span> <span class='ocrx_word' id='word_1_83' title='bbox 800 1268 974 1336; x_wconf 81' lang='grc' dir='ltr'><strong><em>ἐποιοῦντο</em></strong></span> <span class='ocrx_word' id='word_1_84' title='bbox 986 1263 1109 1357; x_wconf 89' lang='grc' dir='ltr'><strong><em>νόμου,</em></strong></span> 
     </span>
     <span class='ocr_line' id='line_1_13' title="bbox 136 1362 1110 1455; baseline 0.005 -20"><span class='ocrx_word' id='word_1_85' title='bbox 136 1365 348 1455; x_wconf 84' lang='grc' dir='ltr'><strong><em>προῦπρεπόν</em></strong></span> <span class='ocrx_word' id='word_1_86' title='bbox 366 1395 401 1438; x_wconf 88' lang='grc' dir='ltr'><strong><em>τε</em></strong></span> <span class='ocrx_word' id='word_1_87' title='bbox 418 1364 521 1438; x_wconf 71' lang='grc' dir='ltr'><strong><em>οὐδὲν</em></strong></span> <span class='ocrx_word' id='word_1_88' title='bbox 539 1363 620 1437; x_wconf 87' lang='grc' dir='ltr'><strong><em>ἀλλο</em></strong></span> <span class='ocrx_word' id='word_1_89' title='bbox 637 1362 659 1455; x_wconf 88' lang='grc' dir='ltr'><strong><em>ῆ</em></strong></span> <span class='ocrx_word' id='word_1_90' title='bbox 676 1370 745 1437; x_wconf 77' lang='grc' dir='ltr'><strong><em>τῶν</em></strong></span> <span class='ocrx_word' id='word_1_91' title='bbox 762 1363 852 1455; x_wconf 90' lang='grc' dir='ltr'><strong><em>παρά</em></strong></span> <span class='ocrx_word' id='word_1_92' title='bbox 871 1377 992 1438; x_wconf 83' lang='grc' dir='ltr'><strong><em>Μωσελ</em></strong></span> <span class='ocrx_word' id='word_1_93' title='bbox 1008 1396 1110 1440; x_wconf 85' lang='grc' dir='ltr'><strong><em>νενο-</em></strong></span> 
     </span>
     <span class='ocr_line' id='line_1_14' title="bbox 135 1464 1109 1558; baseline 0.004 -20"><span class='ocrx_word' id='word_1_94' title='bbox 135 1473 376 1558; x_wconf 82' lang='grc' dir='ltr'><strong><em>μοθετημένων</em></strong></span> <span class='ocrx_word' id='word_1_95' title='bbox 408 1471 587 1558; x_wconf 77' lang='grc' dir='ltr'><strong><em>ἐξέχεσθαι.</em></strong></span> <span class='ocrx_word' id='word_1_96' title='bbox 643 1472 672 1538; x_wconf 81' lang='lat'><strong><em>5.</em></strong></span> <span class='ocrx_word' id='word_1_97' title='bbox 706 1464 830 1538; x_wconf 79' lang='grc' dir='ltr'><strong><em>οὐδένα</em></strong></span> <span class='ocrx_word' id='word_1_98' title='bbox 862 1471 945 1557; x_wconf 92' lang='grc' dir='ltr'><strong><em>γοῦν</em></strong></span> <span class='ocrx_word' id='word_1_99' title='bbox 975 1466 1109 1542; x_wconf 87' lang='grc' dir='ltr'><strong><em>τοῦτων</em></strong></span> 
     </span>
     <span class='ocr_line' id='line_1_15' title="bbox 135 1565 1106 1660; baseline 0.007 -23"><span class='ocrx_word' id='word_1_100' title='bbox 135 1565 265 1660; x_wconf 78' lang='grc' dir='ltr'><strong><em>ὅμοιον·</em></strong></span> <span class='ocrx_word' id='word_1_101' title='bbox 300 1574 428 1658; x_wconf 81' lang='grc' dir='ltr'><strong><em>Μωσῆς</em></strong></span> <span class='ocrx_word' id='word_1_102' title='bbox 455 1571 491 1640; x_wconf 66' lang='grc' dir='ltr'><strong><em>δὲ</em></strong></span> <span class='ocrx_word' id='word_1_103' title='bbox 515 1573 592 1660; x_wconf 81' lang='grc' dir='ltr'><strong><em>περὶ</em></strong></span> <span class='ocrx_word' id='word_1_104' title='bbox 613 1567 686 1650; x_wconf 84' lang='grc' dir='ltr'><strong><em>ἑνὸς</em></strong></span> <span class='ocrx_word' id='word_1_105' title='bbox 711 1567 901 1659; x_wconf 77' lang='grc' dir='ltr'><strong><em>ὡρισμένως</em></strong></span> <span class='ocrx_word' id='word_1_106' title='bbox 919 1566 1106 1658; x_wconf 78' lang='grc' dir='ltr'><strong><em>ἀναφωνεί.</em></strong></span> 
     </span>
     <span class='ocr_line' id='line_1_16' title="bbox 135 1669 1144 1762; baseline 0.006 -23"><span class='ocrx_word' id='word_1_107' title='bbox 135 1678 212 1740; x_wconf 86' lang='grc' dir='ltr'><strong><em>τίνα</em></strong></span> <span class='ocrx_word' id='word_1_108' title='bbox 229 1677 346 1741; x_wconf 86' lang='grc' dir='ltr'><strong><em>τοίνυν</em></strong></span> <span class='ocrx_word' id='word_1_109' title='bbox 363 1669 381 1740; x_wconf 85' lang='grc' dir='ltr'><em>ὁ</em></span> <span class='ocrx_word' id='word_1_110' title='bbox 399 1671 542 1760; x_wconf 88' lang='grc' dir='ltr'><strong><em>χρησμδς</em></strong></span> <span class='ocrx_word' id='word_1_111' title='bbox 564 1677 715 1755; x_wconf 77' lang='grc' dir='ltr'><strong><em>θεσπίζει</em></strong></span> <span class='ocrx_word' id='word_1_112' title='bbox 734 1680 857 1741; x_wconf 82' lang='grc' dir='ltr'><strong><em>Μωσελ</em></strong></span> <span class='ocrx_word' id='word_1_113' title='bbox 871 1670 1108 1762; x_wconf 87' lang='grc' dir='ltr'><strong><em>παραπλήσιον</em></strong></span> <span class='ocrx_word' id='word_1_114' title='bbox 1119 1702 1144 1745; x_wconf 84' lang='grc' dir='ltr'><strong><em>ιο</em></strong></span> 
     </span>
     <span class='ocr_line' id='line_1_17' title="bbox 136 1768 1108 1864; baseline 0.006 -24"><span class='ocrx_word' id='word_1_115' title='bbox 136 1777 274 1842; x_wconf 82' lang='grc' dir='ltr'><strong><em>ἔσεσθαι</em></strong></span> <span class='ocrx_word' id='word_1_116' title='bbox 298 1769 475 1861; x_wconf 81' lang='grc' dir='ltr'><strong><em>προφήτην</em></strong></span> <span class='ocrx_word' id='word_1_117' title='bbox 497 1768 518 1860; x_wconf 88' lang='grc' dir='ltr'><strong><em>ῆ</em></strong></span> <span class='ocrx_word' id='word_1_118' title='bbox 541 1769 646 1860; x_wconf 89' lang='grc' dir='ltr'><strong><em>μόνον</em></strong></span> <span class='ocrx_word' id='word_1_119' title='bbox 668 1769 728 1842; x_wconf 83' lang='grc' dir='ltr'><strong><em>τὸν</em></strong></span> <span class='ocrx_word' id='word_1_120' title='bbox 750 1775 882 1862; x_wconf 90' lang='grc' dir='ltr'><strong><em>σωτῆρα</em></strong></span> <span class='ocrx_word' id='word_1_121' title='bbox 906 1774 960 1843; x_wconf 82' lang='grc' dir='ltr'><strong><em>καὶ</em></strong></span> <span class='ocrx_word' id='word_1_122' title='bbox 986 1772 1108 1864; x_wconf 87' lang='grc' dir='ltr'><strong><em>κῦριον</em></strong></span> 
     </span>
     <span class='ocr_line' id='line_1_18' title="bbox 136 1868 1139 1965; baseline 0.004 -22"><span class='ocrx_word' id='word_1_123' title='bbox 136 1870 231 1961; x_wconf 82' lang='grc' dir='ltr'><strong><em>ῆμῦν</em></strong></span> <span class='ocrx_word' id='word_1_124' title='bbox 251 1871 382 1962; x_wconf 79' lang='grc' dir='ltr'><strong><em>Ἰησοῦν</em></strong></span> <span class='ocrx_word' id='word_1_125' title='bbox 407 1873 466 1943; x_wconf 87' lang='grc' dir='ltr'><strong><em>τὸν</em></strong></span> <span class='ocrx_word' id='word_1_126' title='bbox 485 1872 647 1963; x_wconf 84' lang='grc' dir='ltr'><strong><em>Χριστῦν;</em></strong></span> <span class='ocrx_word' id='word_1_127' title='bbox 674 1868 765 1954; x_wconf 81' lang='grc' dir='ltr'><strong><em>ὅπως</em></strong></span> <span class='ocrx_word' id='word_1_128' title='bbox 792 1872 830 1942; x_wconf 74' lang='grc' dir='ltr'><strong><em>δέ</em></strong></span> <span class='ocrx_word' id='word_1_129' title='bbox 855 1871 946 1944; x_wconf 90' lang='grc' dir='ltr'><strong><em>τοῦτ’</em></strong></span> <span class='ocrx_word' id='word_1_130' title='bbox 975 1885 1108 1965; x_wconf 77' lang='grc' dir='ltr'><strong><em>εἴρηται</em></strong></span> <span class='ocrx_word' id='word_1_131' title='bbox 1134 1870 1139 1879; x_wconf 59' lang='grc'><strong>’</strong></span> 
     </span>
     <span class='ocr_line' id='line_1_19' title="bbox 137 1971 1109 2065; baseline 0.007 -23"><span class='ocrx_word' id='word_1_132' title='bbox 137 1977 385 2057; x_wconf 77' lang='grc' dir='ltr'><strong><em>διασκέψασθαι</em></strong></span> <span class='ocrx_word' id='word_1_133' title='bbox 399 1971 591 2063; x_wconf 79' lang='grc' dir='ltr'><strong><em>ἀναγκαῖον.</em></strong></span> <span class='ocrx_word' id='word_1_134' title='bbox 624 1979 653 2044; x_wconf 87' lang='grc'><strong><em>6.</em></strong></span> <span class='ocrx_word' id='word_1_135' title='bbox 673 1977 802 2061; x_wconf 80' lang='grc' dir='ltr'><strong><em>Μωσῆς</em></strong></span> <span class='ocrx_word' id='word_1_136' title='bbox 815 1981 944 2065; x_wconf 81' lang='grc' dir='ltr'><strong><em>πρῶτος</em></strong></span> <span class='ocrx_word' id='word_1_137' title='bbox 958 1973 1109 2064; x_wconf 82' lang='grc' dir='ltr'><strong><em>ἡγήσατο</em></strong></span> 
     </span>
     <span class='ocr_line' id='line_1_20' title="bbox 136 2071 1108 2167; baseline 0.008 -25"><span class='ocrx_word' id='word_1_138' title='bbox 136 2081 196 2144; x_wconf 91' lang='grc' dir='ltr'><strong><em>τοῦ</em></strong></span> <span class='ocrx_word' id='word_1_139' title='bbox 210 2073 385 2145; x_wconf 88' lang='grc' dir='ltr'><strong><em>Ἰουδαίων</em></strong></span> <span class='ocrx_word' id='word_1_140' title='bbox 402 2083 540 2156; x_wconf 81' lang='grc' dir='ltr'><strong><em>ἔθνους·</em></strong></span> <span class='ocrx_word' id='word_1_141' title='bbox 570 2073 680 2167; x_wconf 82' lang='grc' dir='ltr'><strong><em>εῦριδν</em></strong></span> <span class='ocrx_word' id='word_1_142' title='bbox 696 2104 732 2147; x_wconf 87' lang='grc' dir='ltr'><strong><em>τε</em></strong></span> <span class='ocrx_word' id='word_1_143' title='bbox 750 2071 871 2156; x_wconf 89' lang='grc' dir='ltr'><strong><em>αὐτοῦς</em></strong></span> <span class='ocrx_word' id='word_1_144' title='bbox 889 2079 930 2165; x_wconf 84' lang='grc' dir='ltr'><strong><em>τῆ</em></strong></span> <span class='ocrx_word' id='word_1_145' title='bbox 948 2077 1030 2146; x_wconf 88' lang='grc' dir='ltr'><strong><em>κατά</em></strong></span> <span class='ocrx_word' id='word_1_146' title='bbox 1045 2085 1108 2150; x_wconf 87' lang='grc' dir='ltr'><strong><em>Αί-</em></strong></span> 
     </span>
     <span class='ocr_line' id='line_1_21' title="bbox 136 2175 1146 2270; baseline 0.008 -26"><span class='ocrx_word' id='word_1_147' title='bbox 136 2181 297 2263; x_wconf 88' lang='grc' dir='ltr'><strong><em>γυπτίους</em></strong></span> <span class='ocrx_word' id='word_1_148' title='bbox 320 2178 479 2270; x_wconf 77' lang='grc' dir='ltr'><strong><em>πολυθέςο</em></strong></span> <span class='ocrx_word' id='word_1_149' title='bbox 501 2175 612 2267; x_wconf 86' lang='grc' dir='ltr'><strong><em>πλάνη</em></strong></span> <span class='ocrx_word' id='word_1_150' title='bbox 636 2180 858 2267; x_wconf 82' lang='grc' dir='ltr'><strong><em>προσέχοντας</em></strong></span> <span class='ocrx_word' id='word_1_151' title='bbox 888 2181 1017 2264; x_wconf 76' lang='grc' dir='ltr'><strong><em>πρῶτος</em></strong></span> <span class='ocrx_word' id='word_1_152' title='bbox 1040 2180 1146 2269; x_wconf 71' lang='grc' dir='ltr'><strong><em>μὲνεο</em></strong></span> 
     </span>
     <span class='ocr_line' id='line_1_22' title="bbox 135 2274 1108 2369; baseline 0.004 -24"><span class='ocrx_word' id='word_1_153' title='bbox 135 2274 257 2367; x_wconf 81' lang='grc' dir='ltr'><strong><em>ταύτης</em></strong></span> <span class='ocrx_word' id='word_1_154' title='bbox 274 2276 498 2369; x_wconf 72' lang='grc' dir='ltr'><strong><em>ἀπέστρεψεν,</em></strong></span> <span class='ocrx_word' id='word_1_155' title='bbox 522 2276 757 2369; x_wconf 80' lang='grc' dir='ltr'><strong><em>ἀπαραιτήτοις</em></strong></span> <span class='ocrx_word' id='word_1_156' title='bbox 782 2285 953 2369; x_wconf 86' lang='grc' dir='ltr'><strong><em>τιμωρίαις</em></strong></span> <span class='ocrx_word' id='word_1_157' title='bbox 976 2277 1108 2369; x_wconf 90' lang='grc' dir='ltr'><strong><em>ἀπαγο-</em></strong></span> 
     </span>
    </p>

    <p class='ocr_par' dir='ltr' id='par_1_5' title="bbox 49 2376 1146 3284">
     <span class='ocr_line' id='line_1_23' title="bbox 49 2376 1107 2472; baseline 0.002 -23"><span class='ocrx_word' id='word_1_158' title='bbox 49 2381 53 2387; x_wconf 72' lang='grc'><strong>’</strong></span> <span class='ocrx_word' id='word_1_159' title='bbox 81 2376 259 2470; x_wconf 76' lang='grc' dir='ltr'><strong><em>(οιιρεύσας</em></strong></span> <span class='ocrx_word' id='word_1_160' title='bbox 290 2386 559 2471; x_wconf 80' lang='grc' dir='ltr'><strong><em>είδωλολατρεῑν·</em></strong></span> <span class='ocrx_word' id='word_1_161' title='bbox 600 2387 728 2472; x_wconf 79' lang='grc' dir='ltr'><strong><em>πρῶτος</em></strong></span> <span class='ocrx_word' id='word_1_162' title='bbox 758 2381 795 2450; x_wconf 75' lang='grc' dir='ltr'><strong><em>δὲ</em></strong></span> <span class='ocrx_word' id='word_1_163' title='bbox 822 2376 935 2461; x_wconf 85' lang='grc' dir='ltr'><strong><em>αὐτοῖς</em></strong></span> <span class='ocrx_word' id='word_1_164' title='bbox 961 2383 1016 2449; x_wconf 79' lang='grc' dir='ltr'><strong><em>καὶ</em></strong></span> <span class='ocrx_word' id='word_1_165' title='bbox 1041 2379 1107 2470; x_wconf 89' lang='grc' dir='ltr'><strong><em>τῆν</em></strong></span> 
     </span>
     <span class='ocr_line' id='line_1_24' title="bbox 134 2480 1108 2572; baseline 0.005 -21"><span class='ocrx_word' id='word_1_166' title='bbox 134 2485 212 2570; x_wconf 84' lang='grc' dir='ltr'><strong><em>περὶ</em></strong></span> <span class='ocrx_word' id='word_1_167' title='bbox 248 2490 429 2572; x_wconf 85' lang='grc' dir='ltr'><strong><em>μοναρχίας</em></strong></span> <span class='ocrx_word' id='word_1_168' title='bbox 463 2489 644 2571; x_wconf 81' lang='grc' dir='ltr'><strong><em>θεολογίαν</em></strong></span> <span class='ocrx_word' id='word_1_169' title='bbox 674 2480 907 2572; x_wconf 87' lang='grc' dir='ltr'><strong><em>κατήγγειλεν,</em></strong></span> <span class='ocrx_word' id='word_1_170' title='bbox 947 2480 1006 2551; x_wconf 86' lang='grc' dir='ltr'><strong><em>τὸν</em></strong></span> <span class='ocrx_word' id='word_1_171' title='bbox 1035 2487 1108 2557; x_wconf 77' lang='grc' dir='ltr'><strong><em>τῶν</em></strong></span> 
     </span>
     <span class='ocr_line' id='line_1_25' title="bbox 134 2581 1109 2674; baseline 0.005 -24"><span class='ocrx_word' id='word_1_172' title='bbox 134 2581 294 2653; x_wconf 79' lang='grc' dir='ltr'><strong><em>ἁπάντων</em></strong></span> <span class='ocrx_word' id='word_1_173' title='bbox 312 2581 518 2672; x_wconf 80' lang='grc' dir='ltr'><strong><em>δημιουργὸν</em></strong></span> <span class='ocrx_word' id='word_1_174' title='bbox 531 2585 586 2652; x_wconf 82' lang='grc' dir='ltr'><strong><em>καὶ</em></strong></span> <span class='ocrx_word' id='word_1_175' title='bbox 602 2581 744 2672; x_wconf 86' lang='grc' dir='ltr'><strong><em>ποιητήν</em></strong></span> <span class='ocrx_word' id='word_1_176' title='bbox 760 2581 865 2674; x_wconf 90' lang='grc' dir='ltr'><strong><em>μόνον</em></strong></span> <span class='ocrx_word' id='word_1_177' title='bbox 878 2590 1109 2674; x_wconf 87' lang='grc' dir='ltr'><strong><em>παραγγείλας</em></strong></span> 
     </span>
     <span class='ocr_line' id='line_1_26' title="bbox 135 2681 1146 2774; baseline 0.007 -24"><span class='ocrx_word' id='word_1_178' title='bbox 135 2685 262 2769; x_wconf 84' lang='grc' dir='ltr'><strong><em>σέβειν·</em></strong></span> <span class='ocrx_word' id='word_1_179' title='bbox 299 2686 428 2773; x_wconf 74' lang='grc' dir='ltr'><strong><em>πρῶτος</em></strong></span> <span class='ocrx_word' id='word_1_180' title='bbox 447 2684 484 2753; x_wconf 74' lang='grc' dir='ltr'><strong><em>δὲ</em></strong></span> <span class='ocrx_word' id='word_1_181' title='bbox 502 2686 557 2753; x_wconf 81' lang='grc' dir='ltr'><strong><em>καὶ</em></strong></span> <span class='ocrx_word' id='word_1_182' title='bbox 574 2681 712 2772; x_wconf 85' lang='grc' dir='ltr'><strong><em>ἀγωγήν</em></strong></span> <span class='ocrx_word' id='word_1_183' title='bbox 729 2713 804 2755; x_wconf 87' lang='grc' dir='ltr'><strong><em>τινα</em></strong></span> <span class='ocrx_word' id='word_1_184' title='bbox 820 2688 1006 2774; x_wconf 80' lang='grc' dir='ltr'><strong><em>θεοσεβοῦς</em></strong></span> <span class='ocrx_word' id='word_1_185' title='bbox 1023 2692 1106 2773; x_wconf 90' lang='grc' dir='ltr'><strong><em>βίου</em></strong></span> <span class='ocrx_word' id='word_1_186' title='bbox 1117 2714 1146 2757; x_wconf 81' lang='grc' dir='ltr'><strong><em>ιο</em></strong></span> 
     </span>
     <span class='ocr_line' id='line_1_27' title="bbox 134 2779 1105 2875; baseline 0.005 -23"><span class='ocrx_word' id='word_1_187' title='bbox 134 2799 203 2862; x_wconf 79' lang='grc' dir='ltr'><strong><em>τοις</em></strong></span> <span class='ocrx_word' id='word_1_188' title='bbox 218 2779 331 2865; x_wconf 76' lang='grc' dir='ltr'><strong><em>αὐτοῖς</em></strong></span> <span class='ocrx_word' id='word_1_189' title='bbox 346 2783 582 2873; x_wconf 79' lang='grc' dir='ltr'><strong><em>διαταξάμενος</em></strong></span> <span class='ocrx_word' id='word_1_190' title='bbox 600 2786 784 2874; x_wconf 87' lang='grc' dir='ltr'><strong><em>νομοθέτης</em></strong></span> <span class='ocrx_word' id='word_1_191' title='bbox 805 2786 922 2868; x_wconf 86' lang='grc' dir='ltr'><strong><em>αὐτοῖς</em></strong></span> <span class='ocrx_word' id='word_1_192' title='bbox 942 2784 1105 2875; x_wconf 83' lang='grc' dir='ltr'><strong><em>εὐσεβοῦς</em></strong></span> 
     </span>
     <span class='ocr_line' id='line_1_28' title="bbox 134 2882 1105 2977; baseline 0.008 -25"><span class='ocrx_word' id='word_1_193' title='bbox 134 2891 302 2966; x_wconf 89' lang='grc' dir='ltr'><strong><em>πολιτείας</em></strong></span> <span class='ocrx_word' id='word_1_194' title='bbox 320 2888 449 2977; x_wconf 74' lang='grc' dir='ltr'><strong><em>πρῶτος</em></strong></span> <span class='ocrx_word' id='word_1_195' title='bbox 467 2887 523 2956; x_wconf 85' lang='grc' dir='ltr'><strong><em>καὶ</em></strong></span> <span class='ocrx_word' id='word_1_196' title='bbox 540 2885 640 2977; x_wconf 91' lang='grc' dir='ltr'><strong><em>μόνος</em></strong></span> <span class='ocrx_word' id='word_1_197' title='bbox 658 2882 907 2958; x_wconf 87' lang='grc' dir='ltr'><strong><em>ἀποδέδεικται·</em></strong></span> <span class='ocrx_word' id='word_1_198' title='bbox 944 2885 1105 2960; x_wconf 78' lang='grc' dir='ltr'><strong><em>ἀλλὰκαὶ</em></strong></span> 
     </span>
     <span class='ocr_line' id='line_1_29' title="bbox 130 2981 1102 3080; baseline 0.006 -26"><span class='ocrx_word' id='word_1_199' title='bbox 130 2981 257 3073; x_wconf 87' lang='grc' dir='ltr'><strong><em>Ἰησοῦς</em></strong></span> <span class='ocrx_word' id='word_1_200' title='bbox 269 2984 564 3074; x_wconf 83' lang='grc' dir='ltr'><strong><em>δΧριστδςΜωσεῐ</em></strong></span> <span class='ocrx_word' id='word_1_201' title='bbox 572 2996 811 3077; x_wconf 87' lang='grc' dir='ltr'><strong><em>παραπλησίως</em></strong></span> <span class='ocrx_word' id='word_1_202' title='bbox 824 2991 880 3058; x_wconf 83' lang='grc' dir='ltr'><strong><em>καλ</em></strong></span> <span class='ocrx_word' id='word_1_203' title='bbox 893 2987 980 3059; x_wconf 90' lang='grc' dir='ltr'><strong><em>πολῦ</em></strong></span> <span class='ocrx_word' id='word_1_204' title='bbox 993 3018 1102 3080; x_wconf 89' lang='grc' dir='ltr'><strong><em>κρειτ·</em></strong></span> 
     </span>
     <span class='ocr_line' id='line_1_30' title="bbox 133 3085 1103 3178; baseline 0.005 -21"><span class='ocrx_word' id='word_1_205' title='bbox 133 3085 238 3168; x_wconf 88' lang='grc' dir='ltr'><strong><em>τόνως</em></strong></span> <span class='ocrx_word' id='word_1_206' title='bbox 262 3093 392 3178; x_wconf 76' lang='grc' dir='ltr'><strong><em>πρῶτος</em></strong></span> <span class='ocrx_word' id='word_1_207' title='bbox 413 3091 471 3177; x_wconf 90' lang='grc' dir='ltr'><strong><em>τῆς</em></strong></span> <span class='ocrx_word' id='word_1_208' title='bbox 495 3086 568 3160; x_wconf 89' lang='grc' dir='ltr'><strong><em>κατ’</em></strong></span> <span class='ocrx_word' id='word_1_209' title='bbox 595 3085 773 3177; x_wconf 85' lang='grc' dir='ltr'><strong><em>εὐσέβειαν</em></strong></span> <span class='ocrx_word' id='word_1_210' title='bbox 798 3096 1014 3172; x_wconf 89' lang='grc' dir='ltr'><strong><em>διδασκαλίας</em></strong></span> <span class='ocrx_word' id='word_1_211' title='bbox 1031 3106 1103 3173; x_wconf 71' lang='grc' dir='ltr'><strong><em>τοῖς</em></strong></span> 
     </span>
     <span class='ocr_line' id='line_1_31' title="bbox 134 3188 1144 3284; baseline 0.004 -25"><span class='ocrx_word' id='word_1_212' title='bbox 134 3198 261 3271; x_wconf 85' lang='grc' dir='ltr'><strong><em>λοιποῖς</em></strong></span> <span class='ocrx_word' id='word_1_213' title='bbox 280 3198 395 3260; x_wconf 80' lang='grc' dir='ltr'><strong><em>ἔθνεσι</em></strong></span> <span class='ocrx_word' id='word_1_214' title='bbox 418 3189 650 3282; x_wconf 86' lang='grc' dir='ltr'><strong><em>καθηγήσατο,</em></strong></span> <span class='ocrx_word' id='word_1_215' title='bbox 676 3194 731 3262; x_wconf 82' lang='grc' dir='ltr'><strong><em>καὶ</em></strong></span> <span class='ocrx_word' id='word_1_216' title='bbox 754 3198 885 3284; x_wconf 76' lang='grc' dir='ltr'><strong><em>πρῶτος</em></strong></span> <span class='ocrx_word' id='word_1_217' title='bbox 908 3188 1144 3284; x_wconf 82' lang='grc' dir='ltr'><strong><em>ἀνατροπῆνοο</em></strong></span> 
     </span>
    </p>

    <p class='ocr_par' dir='ltr' id='par_1_6' title="bbox 106 3288 1103 3485">
     <span class='ocr_line' id='line_1_32' title="bbox 106 3288 1101 3385; baseline 0.006 -27"><span class='ocrx_word' id='word_1_218' title='bbox 106 3292 190 3378; x_wconf 83' lang='grc' dir='ltr'><strong><em>ιτῆς</em></strong></span> <span class='ocrx_word' id='word_1_219' title='bbox 209 3288 289 3361; x_wconf 86' lang='grc' dir='ltr'><strong><em>καθ’</em></strong></span> <span class='ocrx_word' id='word_1_220' title='bbox 314 3291 397 3381; x_wconf 83' lang='grc' dir='ltr'><strong><em>ὅλην</em></strong></span> <span class='ocrx_word' id='word_1_221' title='bbox 419 3290 481 3381; x_wconf 88' lang='grc' dir='ltr'><strong><em>τῆν</em></strong></span> <span class='ocrx_word' id='word_1_222' title='bbox 499 3296 698 3383; x_wconf 84' lang='grc' dir='ltr'><strong><em>οίκουμὲνην</em></strong></span> <span class='ocrx_word' id='word_1_223' title='bbox 718 3299 973 3382; x_wconf 80' lang='grc' dir='ltr'><strong><em>εἰδωλολατρίας</em></strong></span> <span class='ocrx_word' id='word_1_224' title='bbox 991 3293 1101 3385; x_wconf 86' lang='grc' dir='ltr'><strong><em>είργά·</em></strong></span> 
     </span>
     <span class='ocr_line' id='line_1_33' title="bbox 134 3391 1103 3485; baseline 0.008 -26"><span class='ocrx_word' id='word_1_225' title='bbox 134 3411 228 3460; x_wconf 90' lang='grc' dir='ltr'><strong><em>σατο’</em></strong></span> <span class='ocrx_word' id='word_1_226' title='bbox 267 3391 396 3484; x_wconf 81' lang='grc' dir='ltr'><strong><em>πρῶτός</em></strong></span> <span class='ocrx_word' id='word_1_227' title='bbox 419 3423 454 3465; x_wconf 87' lang='grc' dir='ltr'><strong><em>τε</em></strong></span> <span class='ocrx_word' id='word_1_228' title='bbox 477 3394 538 3482; x_wconf 88' lang='grc' dir='ltr'><strong><em>τῆν</em></strong></span> <span class='ocrx_word' id='word_1_229' title='bbox 563 3393 637 3477; x_wconf 84' lang='grc' dir='ltr'><strong><em>ένός</em></strong></span> <span class='ocrx_word' id='word_1_230' title='bbox 666 3402 726 3466; x_wconf 92' lang='grc' dir='ltr'><strong><em>τοῦ</em></strong></span> <span class='ocrx_word' id='word_1_231' title='bbox 756 3398 990 3485; x_wconf 82' lang='grc' dir='ltr'><strong><em>παμβασιλέως</em></strong></span> <span class='ocrx_word' id='word_1_232' title='bbox 1014 3403 1103 3467; x_wconf 86' lang='grc' dir='ltr'><strong><em>θεοῦ</em></strong></span> 
     </span>
    </p>
   </div>
   <div class='ocr_carea' id='block_1_3' title="bbox 0 0 1168 3818">
    <p class='ocr_par' dir='ltr' id='par_1_7' title="bbox 0 0 1168 3818">
     <span class='ocr_line' id='line_1_34' title="bbox 0 0 1168 3818; baseline 0 0"><span class='ocrx_word' id='word_1_233' title='bbox 0 0 1168 3818; x_wconf 95' lang='lat' dir='ltr'><strong><em> </em></strong></span> 
     </span>
    </p>
   </div>
  </div>
 </body>
</html>
