<?xml version="1.0" encoding="UTF-8"?>
<!DOCTYPE html PUBLIC "-//W3C//DTD XHTML 1.0 Transitional//EN"
    "http://www.w3.org/TR/xhtml1/DTD/xhtml1-transitional.dtd">
<html xmlns="http://www.w3.org/1999/xhtml" xml:lang="en" lang="en">
 <head>
  <title>
</title>
<meta http-equiv="Content-Type" content="text/html;charset=utf-8" />
  <meta name='ocr-system' content='tesseract 3.04.00' />
  <meta name='ocr-capabilities' content='ocr_page ocr_carea ocr_par ocr_line ocrx_word'/>
</head>
<body>
  <div class='ocr_page' id='page_1' title='image "./eusebiicaesarie01dindgoog/eusebiicaesarie01dindgoog_0497.png"; bbox 0 0 2326 3818; ppageno 0'>
   <div class='ocr_carea' id='block_1_1' title="bbox 137 131 691 196">
    <p class='ocr_par' dir='ltr' id='par_1_1' title="bbox 137 131 691 196">
     <span class='ocr_line' id='line_1_1' title="bbox 137 131 691 196; baseline 0.002 -17"><span class='ocrx_word' id='word_1_1' title='bbox 137 133 200 196; x_wconf 80' lang='lat'><strong><em>430</em></strong></span> <span class='ocrx_word' id='word_1_2' title='bbox 542 131 691 182; x_wconf 78' lang='lat' dir='ltr'>EUSEBII</span> 
     </span>
    </p>
   </div>
   <div class='ocr_carea' id='block_1_2' title="bbox 61 266 1148 3299">
    <p class='ocr_par' dir='ltr' id='par_1_2' title="bbox 61 266 1148 3299">
     <span class='ocr_line' id='line_1_2' title="bbox 139 266 1112 362; baseline -0.002 -20"><span class='ocrx_word' id='word_1_3' title='bbox 139 271 213 353; x_wconf 85' lang='grc' dir='ltr'><strong><em>ἑνός</em></strong></span> <span class='ocrx_word' id='word_1_4' title='bbox 230 271 293 361; x_wconf 81' lang='grc' dir='ltr'><strong><em>γάρ</em></strong></span> <span class='ocrx_word' id='word_1_5' title='bbox 312 276 458 362; x_wconf 79' lang='grc' dir='ltr'><strong><em>Χριστοῦ</em></strong></span> <span class='ocrx_word' id='word_1_6' title='bbox 483 273 538 339; x_wconf 86' lang='grc' dir='ltr'><strong><em>καλ</em></strong></span> <span class='ocrx_word' id='word_1_7' title='bbox 564 274 624 340; x_wconf 91' lang='grc' dir='ltr'><strong><em>τοῦ</em></strong></span> <span class='ocrx_word' id='word_1_8' title='bbox 641 271 923 359; x_wconf 88' lang='grc' dir='ltr'><strong><em>καταγγελθέντος</em></strong></span> <span class='ocrx_word' id='word_1_9' title='bbox 942 266 1026 358; x_wconf 85' lang='grc' dir='ltr'><strong><em>πρός</em></strong></span> <span class='ocrx_word' id='word_1_10' title='bbox 1046 274 1112 340; x_wconf 85' lang='grc' dir='ltr'><strong><em>αῦ-</em></strong></span> 
     </span>
     <span class='ocr_line' id='line_1_3' title="bbox 137 369 1113 462; baseline -0.002 -18"><span class='ocrx_word' id='word_1_11' title='bbox 137 378 197 444; x_wconf 89' lang='grc' dir='ltr'><strong><em>τοῦ</em></strong></span> <span class='ocrx_word' id='word_1_12' title='bbox 222 371 323 461; x_wconf 80' lang='grc' dir='ltr'><em>λόγου</em></span> <span class='ocrx_word' id='word_1_13' title='bbox 347 376 403 460; x_wconf 83' lang='grc' dir='ltr'><strong><em>της</em></strong></span> <span class='ocrx_word' id='word_1_14' title='bbox 428 376 495 440; x_wconf 88' lang='grc' dir='ltr'><strong><em>τῶν</em></strong></span> <span class='ocrx_word' id='word_1_15' title='bbox 519 369 713 462; x_wconf 89' lang='grc' dir='ltr'><strong><em>άνθρῶπων</em></strong></span> <span class='ocrx_word' id='word_1_16' title='bbox 738 375 846 462; x_wconf 77' lang='grc' dir='ltr'><strong><em>ψυχῆς</em></strong></span> <span class='ocrx_word' id='word_1_17' title='bbox 870 369 1113 458; x_wconf 72' lang='grc' dir='ltr'><strong><em>βασιλεύοντος</em></strong></span> 
     </span>
     <span class='ocr_line' id='line_1_4' title="bbox 137 470 1113 564; baseline 0.001 -19"><span class='ocrx_word' id='word_1_18' title='bbox 137 482 171 545; x_wconf 90' lang='grc' dir='ltr'><strong><em>οί</em></strong></span> <span class='ocrx_word' id='word_1_19' title='bbox 187 478 267 564; x_wconf 82' lang='grc' dir='ltr'><strong><em>πρὶν</em></strong></span> <span class='ocrx_word' id='word_1_20' title='bbox 290 471 542 563; x_wconf 79' lang='grc' dir='ltr'><strong><em>ἀποπεφεύγασι</em></strong></span> <span class='ocrx_word' id='word_1_21' title='bbox 566 475 732 562; x_wconf 83' lang='grc' dir='ltr'><strong><em>πολέμιοι,</em></strong></span> <span class='ocrx_word' id='word_1_22' title='bbox 759 471 819 543; x_wconf 90' lang='grc' dir='ltr'><strong><em>δύο</em></strong></span> <span class='ocrx_word' id='word_1_23' title='bbox 843 470 958 561; x_wconf 79' lang='grc' dir='ltr'><strong><em>τρόποι</em></strong></span> <span class='ocrx_word' id='word_1_24' title='bbox 984 478 1113 546; x_wconf 87' lang='grc' dir='ltr'><strong><em>δυσσε-</em></strong></span> 
     </span>
     <span class='ocr_line' id='line_1_5' title="bbox 137 572 1112 666; baseline -0.002 -20"><span class='ocrx_word' id='word_1_25' title='bbox 137 585 248 666; x_wconf 89' lang='grc' dir='ltr'><strong><em>βείας,</em></strong></span> <span class='ocrx_word' id='word_1_26' title='bbox 273 574 292 645; x_wconf 85' lang='grc' dir='ltr'><strong><em>ό</em></strong></span> <span class='ocrx_word' id='word_1_27' title='bbox 315 604 350 646; x_wconf 92' lang='grc' dir='ltr'><strong><em>τε</em></strong></span> <span class='ocrx_word' id='word_1_28' title='bbox 373 573 435 663; x_wconf 89' lang='grc' dir='ltr'><strong><em>τήν</em></strong></span> <span class='ocrx_word' id='word_1_29' title='bbox 454 580 714 665; x_wconf 86' lang='grc' dir='ltr'><strong><em>ελδωλολατρίαν</em></strong></span> <span class='ocrx_word' id='word_1_30' title='bbox 732 577 788 643; x_wconf 84' lang='grc' dir='ltr'><strong><em>καὶ</em></strong></span> <span class='ocrx_word' id='word_1_31' title='bbox 806 572 869 662; x_wconf 87' lang='grc' dir='ltr'><strong><em>τήν</em></strong></span> <span class='ocrx_word' id='word_1_32' title='bbox 887 577 924 642; x_wconf 91' lang='grc' dir='ltr'><strong><em>έν</em></strong></span> <span class='ocrx_word' id='word_1_33' title='bbox 941 573 1112 664; x_wconf 88' lang='grc' dir='ltr'><strong><em>πολυτρό-</em></strong></span> 
     </span>
     <span class='ocr_line' id='line_1_6' title="bbox 137 672 1135 767; baseline -0.001 -18"><span class='ocrx_word' id='word_1_34' title='bbox 137 706 210 761; x_wconf 83' lang='grc' dir='ltr'><strong><em>ποις</em></strong></span> <span class='ocrx_word' id='word_1_35' title='bbox 243 675 405 767; x_wconf 75' lang='grc' dir='ltr'><strong><em>δόγμασιν</em></strong></span> <span class='ocrx_word' id='word_1_36' title='bbox 439 678 649 766; x_wconf 84' lang='grc' dir='ltr'><strong><em>ἕτεροδοξίαν</em></strong></span> <span class='ocrx_word' id='word_1_37' title='bbox 679 673 882 763; x_wconf 88' lang='grc' dir='ltr'><strong><em>ῦποβάλλων</em></strong></span> <span class='ocrx_word' id='word_1_38' title='bbox 911 672 1135 762; x_wconf 84' lang='grc' dir='ltr'><strong><em>ιἰνθρῶποιςε</em></strong></span> 
     </span>
     <span class='ocr_line' id='line_1_7' title="bbox 136 775 1111 868; baseline 0 -18"><span class='ocrx_word' id='word_1_39' title='bbox 136 784 191 850; x_wconf 82' lang='grc' dir='ltr'><strong><em>καὶ</em></strong></span> <span class='ocrx_word' id='word_1_40' title='bbox 209 778 226 849; x_wconf 90' lang='grc' dir='ltr'><strong><em>ό</em></strong></span> <span class='ocrx_word' id='word_1_41' title='bbox 245 777 306 866; x_wconf 89' lang='grc' dir='ltr'><strong><em>τήν</em></strong></span> <span class='ocrx_word' id='word_1_42' title='bbox 326 783 362 848; x_wconf 90' lang='grc' dir='ltr'><strong><em>έν</em></strong></span> <span class='ocrx_word' id='word_1_43' title='bbox 380 775 480 866; x_wconf 90' lang='grc' dir='ltr'><strong><em>ήθεσι</em></strong></span> <span class='ocrx_word' id='word_1_44' title='bbox 495 776 701 867; x_wconf 85' lang='grc' dir='ltr'><strong><em>διαστροφήν</em></strong></span> <span class='ocrx_word' id='word_1_45' title='bbox 715 780 868 868; x_wconf 81' lang='grc' dir='ltr'><strong><em>ἐνεργῶν.</em></strong></span> <span class='ocrx_word' id='word_1_46' title='bbox 905 782 955 846; x_wconf 76' lang='grc'><strong><em>52.</em></strong></span> <span class='ocrx_word' id='word_1_47' title='bbox 977 775 1111 850; x_wconf 81' lang='grc' dir='ltr'><strong><em>τούτων</em></strong></span> 
     </span>
     <span class='ocr_line' id='line_1_8' title="bbox 136 871 1111 969; baseline -0.002 -17"><span class='ocrx_word' id='word_1_48' title='bbox 136 879 168 952; x_wconf 90' lang='grc' dir='ltr'><strong><em>δ’</em></strong></span> <span class='ocrx_word' id='word_1_49' title='bbox 189 871 252 951; x_wconf 87' lang='grc' dir='ltr'><strong><em>οῦν</em></strong></span> <span class='ocrx_word' id='word_1_50' title='bbox 270 887 391 969; x_wconf 76' lang='grc' dir='ltr'><strong><em>ἔφερον</em></strong></span> <span class='ocrx_word' id='word_1_51' title='bbox 414 885 449 948; x_wconf 87' lang='grc' dir='ltr'><strong><em>οί</em></strong></span> <span class='ocrx_word' id='word_1_52' title='bbox 470 877 571 948; x_wconf 88' lang='grc' dir='ltr'><strong><em>πάλαι</em></strong></span> <span class='ocrx_word' id='word_1_53' title='bbox 591 876 791 968; x_wconf 85' lang='grc' dir='ltr'><strong><em>δηλοῦμενοι</em></strong></span> <span class='ocrx_word' id='word_1_54' title='bbox 809 881 990 967; x_wconf 87' lang='grc' dir='ltr'><strong><em>σωματικολ</em></strong></span> <span class='ocrx_word' id='word_1_55' title='bbox 1008 886 1111 966; x_wconf 88' lang='grc' dir='ltr'><strong><em>βασι-</em></strong></span> 
     </span>
     <span class='ocr_line' id='line_1_9' title="bbox 135 971 1110 1069; baseline 0.001 -19"><span class='ocrx_word' id='word_1_56' title='bbox 135 992 203 1061; x_wconf 78' lang='grc' dir='ltr'><strong><em>λεῖς</em></strong></span> <span class='ocrx_word' id='word_1_57' title='bbox 227 977 266 1050; x_wconf 82' lang='grc' dir='ltr'><strong><em>τῶ</em></strong></span> <span class='ocrx_word' id='word_1_58' title='bbox 291 979 456 1069; x_wconf 88' lang='grc' dir='ltr'><strong><em>σύμβολα·</em></strong></span> <span class='ocrx_word' id='word_1_59' title='bbox 496 971 544 1051; x_wconf 88' lang='grc' dir='ltr'><strong><em>ῶν</em></strong></span> <span class='ocrx_word' id='word_1_60' title='bbox 568 975 585 1049; x_wconf 88' lang='grc' dir='ltr'><strong><em>ό</em></strong></span> <span class='ocrx_word' id='word_1_61' title='bbox 609 981 671 1068; x_wconf 72' lang='grc' dir='ltr'><strong><em>μὲν</em></strong></span> <span class='ocrx_word' id='word_1_62' title='bbox 695 983 932 1069; x_wconf 73' lang='grc' dir='ltr'><strong><em>Δαμασκηνῶν</em></strong></span> <span class='ocrx_word' id='word_1_63' title='bbox 956 985 1014 1068; x_wconf 86' lang='grc' dir='ltr'><strong><em>τής</em></strong></span> <span class='ocrx_word' id='word_1_64' title='bbox 1039 985 1110 1051; x_wconf 87' lang='grc' dir='ltr'><strong><em>τῶν</em></strong></span> 
     </span>
     <span class='ocr_line' id='line_1_10' title="bbox 84 1071 1110 1173; baseline -0.002 -19"><span class='ocrx_word' id='word_1_65' title='bbox 84 1150 87 1154; x_wconf 78' lang='grc'><strong><em>,</em></strong></span> <span class='ocrx_word' id='word_1_66' title='bbox 136 1085 249 1151; x_wconf 89' lang='grc' dir='ltr'><strong><em>έθνῶν</em></strong></span> <span class='ocrx_word' id='word_1_67' title='bbox 267 1085 343 1168; x_wconf 84' lang='grc' dir='ltr'><strong><em>περὶ</em></strong></span> <span class='ocrx_word' id='word_1_68' title='bbox 360 1079 399 1151; x_wconf 83' lang='grc' dir='ltr'><strong><em>τό</em></strong></span> <span class='ocrx_word' id='word_1_69' title='bbox 420 1089 541 1152; x_wconf 82' lang='grc' dir='ltr'><strong><em>είδωλα</em></strong></span> <span class='ocrx_word' id='word_1_70' title='bbox 562 1081 689 1170; x_wconf 88' lang='grc' dir='ltr'><strong><em>πλάνης</em></strong></span> <span class='ocrx_word' id='word_1_71' title='bbox 710 1081 809 1152; x_wconf 83' lang='grc' dir='ltr'><strong><em>είκῶν</em></strong></span> <span class='ocrx_word' id='word_1_72' title='bbox 826 1071 887 1169; x_wconf 88' lang='grc' dir='ltr'><strong><em>ήν,</em></strong></span> <span class='ocrx_word' id='word_1_73' title='bbox 905 1080 922 1150; x_wconf 89' lang='grc' dir='ltr'>ὁ</span> <span class='ocrx_word' id='word_1_74' title='bbox 942 1078 974 1151; x_wconf 91' lang='grc' dir='ltr'><strong><em>δ’</em></strong></span> <span class='ocrx_word' id='word_1_75' title='bbox 996 1085 1110 1173; x_wconf 77' lang='grc' dir='ltr'><strong><em>ἕτερος</em></strong></span> 
     </span>
     <span class='ocr_line' id='line_1_11' title="bbox 135 1179 1146 1273; baseline 0.007 -21"><span class='ocrx_word' id='word_1_76' title='bbox 135 1189 203 1253; x_wconf 91' lang='grc' dir='ltr'><strong><em>τῶν</em></strong></span> <span class='ocrx_word' id='word_1_77' title='bbox 221 1180 437 1253; x_wconf 78' lang='grc' dir='ltr'><strong><em>ἀποστάντων</em></strong></span> <span class='ocrx_word' id='word_1_78' title='bbox 460 1191 518 1272; x_wconf 79' lang='grc' dir='ltr'><strong><em>τῆς</em></strong></span> <span class='ocrx_word' id='word_1_79' title='bbox 532 1181 763 1273; x_wconf 80' lang='grc' dir='ltr'><strong><em>Ἰερουσαλήμ,</em></strong></span> <span class='ocrx_word' id='word_1_80' title='bbox 789 1181 919 1271; x_wconf 90' lang='grc' dir='ltr'><strong><em>δηλαδή</em></strong></span> <span class='ocrx_word' id='word_1_81' title='bbox 937 1185 1006 1253; x_wconf 90' lang='grc' dir='ltr'><strong><em>τῶν</em></strong></span> <span class='ocrx_word' id='word_1_82' title='bbox 1024 1179 1107 1255; x_wconf 86' lang='grc' dir='ltr'><strong><em>άπο-</em></strong></span> <span class='ocrx_word' id='word_1_83' title='bbox 1121 1214 1146 1259; x_wconf 80' lang='grc' dir='ltr'><strong><em>ιο</em></strong></span> 
     </span>
     <span class='ocr_line' id='line_1_12' title="bbox 135 1283 1107 1375; baseline 0.004 -22"><span class='ocrx_word' id='word_1_84' title='bbox 135 1283 356 1354; x_wconf 83' lang='grc' dir='ltr'><strong><em>πεπτωκότων</em></strong></span> <span class='ocrx_word' id='word_1_85' title='bbox 373 1290 432 1372; x_wconf 88' lang='grc' dir='ltr'><strong><em>τής</em></strong></span> <span class='ocrx_word' id='word_1_86' title='bbox 456 1283 538 1354; x_wconf 83' lang='grc' dir='ltr'><strong><em>κατολ</em></strong></span> <span class='ocrx_word' id='word_1_87' title='bbox 556 1284 615 1354; x_wconf 84' lang='grc' dir='ltr'><strong><em>τὸν</em></strong></span> <span class='ocrx_word' id='word_1_88' title='bbox 632 1284 737 1375; x_wconf 91' lang='grc' dir='ltr'><strong><em>νόμον</em></strong></span> <span class='ocrx_word' id='word_1_89' title='bbox 759 1289 820 1354; x_wconf 89' lang='grc' dir='ltr'><strong><em>τοῦ</em></strong></span> <span class='ocrx_word' id='word_1_90' title='bbox 839 1291 923 1354; x_wconf 88' lang='grc' dir='ltr'><strong><em>θεοῦ</em></strong></span> <span class='ocrx_word' id='word_1_91' title='bbox 942 1294 1107 1375; x_wconf 90' lang='grc' dir='ltr'><strong><em>λατρείας.</em></strong></span> 
     </span>
     <span class='ocr_line' id='line_1_13' title="bbox 67 1382 1110 1475; baseline 0.004 -21"><span class='ocrx_word' id='word_1_92' title='bbox 67 1413 122 1465; x_wconf 77' lang='grc' dir='ltr'><strong><em>ιοεο)</em></strong></span> <span class='ocrx_word' id='word_1_93' title='bbox 136 1390 186 1456; x_wconf 85' lang='lat'><strong><em>53.</em></strong></span> <span class='ocrx_word' id='word_1_94' title='bbox 206 1384 256 1456; x_wconf 85' lang='grc' dir='ltr'><strong><em>ότι</em></strong></span> <span class='ocrx_word' id='word_1_95' title='bbox 267 1387 303 1455; x_wconf 75' lang='grc' dir='ltr'><strong><em>δέ</em></strong></span> <span class='ocrx_word' id='word_1_96' title='bbox 321 1391 425 1455; x_wconf 89' lang='grc' dir='ltr'><strong><em>ταῦτα</em></strong></span> <span class='ocrx_word' id='word_1_97' title='bbox 439 1384 521 1455; x_wconf 80' lang='grc' dir='ltr'><strong><em>κατολ</em></strong></span> <span class='ocrx_word' id='word_1_98' title='bbox 536 1385 688 1456; x_wconf 89' lang='grc' dir='ltr'><strong><em>διάνοιαν</em></strong></span> <span class='ocrx_word' id='word_1_99' title='bbox 701 1390 864 1473; x_wconf 90' lang='grc' dir='ltr'><strong><em>τροπικῶς</em></strong></span> <span class='ocrx_word' id='word_1_100' title='bbox 879 1382 1110 1475; x_wconf 81' lang='grc' dir='ltr'><strong><em>άποδέχεσθαι</em></strong></span> 
     </span>
     <span class='ocr_line' id='line_1_14' title="bbox 134 1484 1110 1577; baseline 0.002 -20"><span class='ocrx_word' id='word_1_101' title='bbox 134 1485 292 1577; x_wconf 91' lang='grc' dir='ltr'><strong><em>προσήκει</em></strong></span> <span class='ocrx_word' id='word_1_102' title='bbox 322 1484 426 1575; x_wconf 93' lang='grc' dir='ltr'><strong><em>μάθοι</em></strong></span> <span class='ocrx_word' id='word_1_103' title='bbox 457 1485 501 1557; x_wconf 89' lang='grc' dir='ltr'><strong><em>άν</em></strong></span> <span class='ocrx_word' id='word_1_104' title='bbox 524 1515 573 1568; x_wconf 90' lang='grc' dir='ltr'><strong><em>τις</em></strong></span> <span class='ocrx_word' id='word_1_105' title='bbox 596 1491 652 1558; x_wconf 83' lang='grc' dir='ltr'><strong><em>καὶ</em></strong></span> <span class='ocrx_word' id='word_1_106' title='bbox 677 1486 742 1556; x_wconf 86' lang='grc' dir='ltr'><strong><em>ιἰπδ</em></strong></span> <span class='ocrx_word' id='word_1_107' title='bbox 766 1491 834 1557; x_wconf 89' lang='grc' dir='ltr'><strong><em>τῶν</em></strong></span> <span class='ocrx_word' id='word_1_108' title='bbox 853 1490 926 1575; x_wconf 83' lang='grc' dir='ltr'><strong><em>ἑξης</em></strong></span> <span class='ocrx_word' id='word_1_109' title='bbox 955 1490 1110 1576; x_wconf 81' lang='grc' dir='ltr'><strong><em>ἐπιλεγο-</em></strong></span> 
     </span>
     <span class='ocr_line' id='line_1_15' title="bbox 134 1579 1109 1683; baseline 0.002 -25"><span class='ocrx_word' id='word_1_110' title='bbox 134 1594 261 1683; x_wconf 80' lang='grc' dir='ltr'><strong><em>μένων,</em></strong></span> <span class='ocrx_word' id='word_1_111' title='bbox 295 1584 343 1657; x_wconf 88' lang='grc' dir='ltr'><strong><em>δι’</em></strong></span> <span class='ocrx_word' id='word_1_112' title='bbox 371 1579 419 1658; x_wconf 88' lang='grc' dir='ltr'><strong><em>ῶν</em></strong></span> <span class='ocrx_word' id='word_1_113' title='bbox 444 1591 480 1659; x_wconf 85' lang='grc' dir='ltr'><strong><em>έν</em></strong></span> <span class='ocrx_word' id='word_1_114' title='bbox 502 1595 544 1678; x_wconf 79' lang='grc' dir='ltr'><strong><em>τῇ</em></strong></span> <span class='ocrx_word' id='word_1_115' title='bbox 566 1586 674 1681; x_wconf 87' lang='grc' dir='ltr'><strong><em>ήμέρηι</em></strong></span> <span class='ocrx_word' id='word_1_116' title='bbox 697 1595 757 1658; x_wconf 94' lang='grc' dir='ltr'><strong><em>τοῦ</em></strong></span> <span class='ocrx_word' id='word_1_117' title='bbox 772 1586 979 1677; x_wconf 78' lang='grc' dir='ltr'><strong><em>Ἐμμανουήλ</em></strong></span> <span class='ocrx_word' id='word_1_118' title='bbox 1004 1597 1109 1677; x_wconf 82' lang='grc' dir='ltr'><strong><em>μυίας</em></strong></span> 
     </span>
     <span class='ocr_line' id='line_1_16' title="bbox 134 1686 1147 1782; baseline 0.007 -24"><span class='ocrx_word' id='word_1_119' title='bbox 134 1689 226 1770; x_wconf 82' lang='grc' dir='ltr'><strong><em>τινάς</em></strong></span> <span class='ocrx_word' id='word_1_120' title='bbox 244 1691 299 1759; x_wconf 88' lang='grc' dir='ltr'><strong><em>καλ</em></strong></span> <span class='ocrx_word' id='word_1_121' title='bbox 318 1697 475 1777; x_wconf 83' lang='grc' dir='ltr'><strong><em>μελίσσας</em></strong></span> <span class='ocrx_word' id='word_1_122' title='bbox 495 1688 732 1761; x_wconf 78' lang='grc' dir='ltr'><strong><em>ἐπελεύσεσθαι</em></strong></span> <span class='ocrx_word' id='word_1_123' title='bbox 758 1697 804 1782; x_wconf 81' lang='grc' dir='ltr'><strong><em>τῶ</em></strong></span> <span class='ocrx_word' id='word_1_124' title='bbox 819 1686 991 1762; x_wconf 74' lang='grc' dir='ltr'><strong><em>Ἰουδαίων</em></strong></span> <span class='ocrx_word' id='word_1_125' title='bbox 1010 1699 1147 1766; x_wconf 81' lang='grc' dir='ltr'><strong><em>έθνειιλ</em></strong></span> 
     </span>
     <span class='ocr_line' id='line_1_17' title="bbox 133 1788 1109 1879; baseline 0.004 -20"><span class='ocrx_word' id='word_1_126' title='bbox 133 1793 189 1859; x_wconf 87' lang='grc' dir='ltr'><strong><em>καλ</em></strong></span> <span class='ocrx_word' id='word_1_127' title='bbox 207 1788 224 1860; x_wconf 89' lang='grc' dir='ltr'>ὁ</span> <span class='ocrx_word' id='word_1_128' title='bbox 244 1789 339 1878; x_wconf 88' lang='grc' dir='ltr'><strong><em>λόγος</em></strong></span> <span class='ocrx_word' id='word_1_129' title='bbox 356 1800 525 1879; x_wconf 82' lang='grc' dir='ltr'><strong><em>θεσπίζει,</em></strong></span> <span class='ocrx_word' id='word_1_130' title='bbox 543 1790 601 1870; x_wconf 85' lang='grc' dir='ltr'><strong><em>τόις</em></strong></span> <span class='ocrx_word' id='word_1_131' title='bbox 618 1791 680 1879; x_wconf 73' lang='grc' dir='ltr'><strong><em>μέν</em></strong></span> <span class='ocrx_word' id='word_1_132' title='bbox 698 1789 756 1861; x_wconf 78' lang='grc' dir='ltr'><strong><em>ἀπ’</em></strong></span> <span class='ocrx_word' id='word_1_133' title='bbox 778 1789 972 1879; x_wconf 77' lang='grc' dir='ltr'><strong><em>Αἰγύπτου,</em></strong></span> <span class='ocrx_word' id='word_1_134' title='bbox 990 1789 1049 1873; x_wconf 82' lang='grc' dir='ltr'><strong><em>τάς</em></strong></span> <span class='ocrx_word' id='word_1_135' title='bbox 1069 1794 1109 1863; x_wconf 71' lang='grc' dir='ltr'><strong><em>δέ</em></strong></span> 
     </span>
     <span class='ocr_line' id='line_1_18' title="bbox 132 1888 1108 1981; baseline 0.004 -20"><span class='ocrx_word' id='word_1_136' title='bbox 132 1888 197 1962; x_wconf 87' lang='grc' dir='ltr'><strong><em>άπδ</em></strong></span> <span class='ocrx_word' id='word_1_137' title='bbox 215 1898 283 1962; x_wconf 89' lang='grc' dir='ltr'><strong><em>τῶν</em></strong></span> <span class='ocrx_word' id='word_1_138' title='bbox 297 1889 498 1981; x_wconf 89' lang='grc' dir='ltr'><strong><em>Ἀσσυρίων,</em></strong></span> <span class='ocrx_word' id='word_1_139' title='bbox 517 1889 577 1980; x_wconf 87' lang='grc' dir='ltr'><strong><em>τήν</em></strong></span> <span class='ocrx_word' id='word_1_140' title='bbox 595 1891 746 1980; x_wconf 81' lang='grc' dir='ltr'><strong><em>κεφαλήν</em></strong></span> <span class='ocrx_word' id='word_1_141' title='bbox 764 1896 819 1961; x_wconf 85' lang='grc' dir='ltr'><strong><em>καὶ</em></strong></span> <span class='ocrx_word' id='word_1_142' title='bbox 832 1890 910 1974; x_wconf 86' lang='grc' dir='ltr'><strong><em>τοῦς</em></strong></span> <span class='ocrx_word' id='word_1_143' title='bbox 924 1891 1030 1973; x_wconf 89' lang='grc' dir='ltr'><strong><em>πόδας</em></strong></span> <span class='ocrx_word' id='word_1_144' title='bbox 1048 1897 1108 1965; x_wconf 84' lang='grc' dir='ltr'><strong><em>καὶ</em></strong></span> 
     </span>
     <span class='ocr_line' id='line_1_19' title="bbox 132 1990 1109 2122; baseline 0.005 -62"><span class='ocrx_word' id='word_1_145' title='bbox 132 1991 191 2062; x_wconf 85' lang='grc' dir='ltr'><strong><em>τόν</em></strong></span> <span class='ocrx_word' id='word_1_146' title='bbox 204 1991 350 2080; x_wconf 89' lang='grc' dir='ltr'><strong><em>πῶγωυα</em></strong></span> <span class='ocrx_word' id='word_1_147' title='bbox 362 1990 596 2082; x_wconf 84' lang='grc' dir='ltr'><strong><em>άποξνρήσειυ,</em></strong></span> <span class='ocrx_word' id='word_1_148' title='bbox 612 1990 843 2084; x_wconf 79' lang='grc' dir='ltr'><strong><em>άνθρωπονδλ</em></strong></span> <span class='ocrx_word' id='word_1_149' title='bbox 859 1992 1000 2082; x_wconf 77' lang='grc' dir='ltr'><strong><em>δάμαλιν</em></strong></span> <span class='ocrx_word' id='word_1_150' title='bbox 1014 1998 1109 2122; x_wconf 83' lang='grc' dir='ltr'><strong><em>βοῶν</em></strong></span> 
     </span>
     <span class='ocr_line' id='line_1_20' title="bbox 133 2091 1108 2224; baseline 0.007 -64"><span class='ocrx_word' id='word_1_151' title='bbox 133 2092 271 2162; x_wconf 81' lang='grc' dir='ltr'><strong><em>καὶδύο</em></strong></span> <span class='ocrx_word' id='word_1_152' title='bbox 297 2092 446 2224; x_wconf 82' lang='grc' dir='ltr'><strong><em>πρόβατα</em></strong></span> <span class='ocrx_word' id='word_1_153' title='bbox 473 2096 633 2186; x_wconf 79' lang='grc' dir='ltr'><strong><em>θρέψειν,</em></strong></span> <span class='ocrx_word' id='word_1_154' title='bbox 660 2098 716 2164; x_wconf 85' lang='grc' dir='ltr'><strong><em>καλ</em></strong></span> <span class='ocrx_word' id='word_1_155' title='bbox 742 2091 827 2164; x_wconf 84' lang='grc' dir='ltr'><strong><em>όιλλα</em></strong></span> <span class='ocrx_word' id='word_1_156' title='bbox 851 2123 925 2165; x_wconf 94' lang='grc' dir='ltr'><strong><em>τινα</em></strong></span> <span class='ocrx_word' id='word_1_157' title='bbox 942 2091 1023 2165; x_wconf 86' lang='grc' dir='ltr'><strong><em>καθ’</em></strong></span> <span class='ocrx_word' id='word_1_158' title='bbox 1045 2099 1108 2167; x_wconf 76' lang='grc' dir='ltr'><strong><em>ἕνα</em></strong></span> 
     </span>
     <span class='ocr_line' id='line_1_21' title="bbox 106 2192 1148 2287; baseline 0.007 -26"><span class='ocrx_word' id='word_1_159' title='bbox 106 2192 244 2262; x_wconf 82' lang='grc' dir='ltr'><strong><em>ικαὶ</em></strong></span> <span class='ocrx_word' id='word_1_160' title='bbox 211 2222 270 2264; x_wconf 90' lang='grc' dir='ltr'><strong><em>τον</em></strong></span> <span class='ocrx_word' id='word_1_161' title='bbox 295 2194 398 2265; x_wconf 79' lang='grc' dir='ltr'><strong><em>αὐτόν</em></strong></span> <span class='ocrx_word' id='word_1_162' title='bbox 420 2196 541 2286; x_wconf 83' lang='grc' dir='ltr'><strong><em>χρόνον</em></strong></span> <span class='ocrx_word' id='word_1_163' title='bbox 565 2205 703 2267; x_wconf 87' lang='grc' dir='ltr'><strong><em>έσεσθαι</em></strong></span> <span class='ocrx_word' id='word_1_164' title='bbox 727 2192 881 2286; x_wconf 82' lang='grc' dir='ltr'><strong><em>οὐδαμῶς</em></strong></span> <span class='ocrx_word' id='word_1_165' title='bbox 905 2195 986 2287; x_wconf 89' lang='grc' dir='ltr'><strong><em>πρὸς</em></strong></span> <span class='ocrx_word' id='word_1_166' title='bbox 1013 2199 1107 2280; x_wconf 87' lang='grc' dir='ltr'><strong><em>λέξιν</em></strong></span> <span class='ocrx_word' id='word_1_167' title='bbox 1121 2232 1148 2274; x_wconf 73' lang='grc' dir='ltr'><strong><em>κο</em></strong></span> 
     </span>
     <span class='ocr_line' id='line_1_22' title="bbox 134 2293 1019 2387; baseline 0.005 -23"><span class='ocrx_word' id='word_1_168' title='bbox 134 2293 318 2384; x_wconf 88' lang='grc' dir='ltr'><strong><em>νοούμενα,</em></strong></span> <span class='ocrx_word' id='word_1_169' title='bbox 338 2294 420 2368; x_wconf 83' lang='grc' dir='ltr'><strong><em>κατολ</em></strong></span> <span class='ocrx_word' id='word_1_170' title='bbox 438 2297 544 2386; x_wconf 90' lang='grc' dir='ltr'><strong><em>μόνην</em></strong></span> <span class='ocrx_word' id='word_1_171' title='bbox 563 2299 600 2368; x_wconf 71' lang='grc' dir='ltr'><strong><em>δέ</em></strong></span> <span class='ocrx_word' id='word_1_172' title='bbox 620 2296 774 2368; x_wconf 89' lang='grc' dir='ltr'><strong><em>διάνοιαν</em></strong></span> <span class='ocrx_word' id='word_1_173' title='bbox 790 2299 1019 2387; x_wconf 88' lang='grc' dir='ltr'><strong><em>θεωρούμενα.</em></strong></span> 
     </span>
     <span class='ocr_line' id='line_1_23' title="bbox 210 2390 1106 2489; baseline 0.003 -23"><span class='ocrx_word' id='word_1_174' title='bbox 210 2401 261 2466; x_wconf 79' lang='grc'><strong><em>54.</em></strong></span> <span class='ocrx_word' id='word_1_175' title='bbox 286 2405 397 2468; x_wconf 83' lang='grc' dir='ltr'><strong><em>Ταῦτα</em></strong></span> <span class='ocrx_word' id='word_1_176' title='bbox 414 2401 476 2487; x_wconf 77' lang='grc' dir='ltr'><strong><em>μέν</em></strong></span> <span class='ocrx_word' id='word_1_177' title='bbox 494 2390 557 2470; x_wconf 87' lang='grc' dir='ltr'><strong><em>οῦν</em></strong></span> <span class='ocrx_word' id='word_1_178' title='bbox 574 2406 726 2470; x_wconf 89' lang='grc' dir='ltr'><strong><em>τοιαῦτα·</em></strong></span> <span class='ocrx_word' id='word_1_179' title='bbox 755 2395 844 2479; x_wconf 83' lang='grc' dir='ltr'><strong><em>ὅπως</em></strong></span> <span class='ocrx_word' id='word_1_180' title='bbox 859 2394 930 2486; x_wconf 77' lang='grc' dir='ltr'><strong><em>δέή</em></strong></span> <span class='ocrx_word' id='word_1_181' title='bbox 950 2405 1106 2489; x_wconf 86' lang='grc' dir='ltr'><strong><em>παροῦσα</em></strong></span> 
     </span>
     <span class='ocr_line' id='line_1_24' title="bbox 61 2498 1105 2622; baseline 0.002 -54"><span class='ocrx_word' id='word_1_182' title='bbox 61 2536 119 2589; x_wconf 66' lang='lat'>[193]</span> <span class='ocrx_word' id='word_1_183' title='bbox 135 2498 247 2589; x_wconf 84' lang='grc' dir='ltr'><strong><em>γραφή</em></strong></span> <span class='ocrx_word' id='word_1_184' title='bbox 271 2503 328 2588; x_wconf 86' lang='grc' dir='ltr'><strong><em>τής</em></strong></span> <span class='ocrx_word' id='word_1_185' title='bbox 352 2507 412 2570; x_wconf 89' lang='grc' dir='ltr'><strong><em>τοῦ</em></strong></span> <span class='ocrx_word' id='word_1_186' title='bbox 436 2505 582 2622; x_wconf 84' lang='grc' dir='ltr'><strong><em>σωτήρος</em></strong></span> <span class='ocrx_word' id='word_1_187' title='bbox 606 2499 702 2589; x_wconf 89' lang='grc' dir='ltr'><strong><em>ήμῶν</em></strong></span> <span class='ocrx_word' id='word_1_188' title='bbox 715 2498 824 2587; x_wconf 81' lang='grc' dir='ltr'><strong><em>Ἰησοῦ</em></strong></span> <span class='ocrx_word' id='word_1_189' title='bbox 842 2503 989 2589; x_wconf 89' lang='grc' dir='ltr'><strong><em>Χριστοῦ</em></strong></span> <span class='ocrx_word' id='word_1_190' title='bbox 1011 2502 1105 2588; x_wconf 86' lang='grc' dir='ltr'><strong><em>γενέ-</em></strong></span> 
     </span>
     <span class='ocr_line' id='line_1_25' title="bbox 132 2592 1104 2722; baseline 0.001 -54"><span class='ocrx_word' id='word_1_191' title='bbox 132 2622 217 2680; x_wconf 89' lang='grc' dir='ltr'><strong><em>σεως</em></strong></span> <span class='ocrx_word' id='word_1_192' title='bbox 241 2599 465 2688; x_wconf 85' lang='grc' dir='ltr'><strong><em>προεσήμαινε</em></strong></span> <span class='ocrx_word' id='word_1_193' title='bbox 488 2599 546 2670; x_wconf 87' lang='grc' dir='ltr'><strong><em>τόν</em></strong></span> <span class='ocrx_word' id='word_1_194' title='bbox 569 2599 692 2722; x_wconf 87' lang='grc' dir='ltr'><strong><em>τρόπον</em></strong></span> <span class='ocrx_word' id='word_1_195' title='bbox 716 2599 924 2690; x_wconf 79' lang='grc' dir='ltr'><strong><em>μαρτυρήσει</em></strong></span> <span class='ocrx_word' id='word_1_196' title='bbox 942 2592 1012 2669; x_wconf 82' lang='grc' dir='ltr'><strong><em>ῶδέ</em></strong></span> <span class='ocrx_word' id='word_1_197' title='bbox 1031 2626 1104 2683; x_wconf 90' lang='grc' dir='ltr'><strong><em>πως</em></strong></span> 
     </span>
     <span class='ocr_line' id='line_1_26' title="bbox 131 2694 1147 2825; baseline 0.004 -55"><span class='ocrx_word' id='word_1_198' title='bbox 131 2698 148 2770; x_wconf 88' lang='grc' dir='ltr'><strong><em>ό</em></strong></span> <span class='ocrx_word' id='word_1_199' title='bbox 169 2699 407 2788; x_wconf 87' lang='grc' dir='ltr'><strong><em>εῦαγγελιστής</em></strong></span> <span class='ocrx_word' id='word_1_200' title='bbox 424 2697 586 2791; x_wconf 85' lang='grc' dir='ltr'><strong><em>γράφων</em></strong></span> <span class='ocrx_word' id='word_1_201' title='bbox 601 2731 660 2771; x_wconf 89' lang='grc' dir='ltr'><strong><em>του</em></strong></span> <span class='ocrx_word' id='word_1_202' title='bbox 645 2701 737 2771; x_wconf 82' lang='grc' dir='ltr'><strong><em>δέ’</em></strong></span> <span class='ocrx_word' id='word_1_203' title='bbox 734 2707 838 2825; x_wconf 83' lang='grc' dir='ltr'><strong><em>Ιησοῦ</em></strong></span> <span class='ocrx_word' id='word_1_204' title='bbox 852 2703 996 2794; x_wconf 88' lang='grc' dir='ltr'><strong><em>Χριστοῦ</em></strong></span> <span class='ocrx_word' id='word_1_205' title='bbox 1013 2727 1035 2786; x_wconf 93' lang='grc' dir='ltr'><strong><em>η</em></strong></span> <span class='ocrx_word' id='word_1_206' title='bbox 1024 2694 1103 2786; x_wconf 91' lang='grc' dir='ltr'><strong><em>γέ</em></strong></span> <span class='ocrx_word' id='word_1_207' title='bbox 1118 2735 1147 2778; x_wconf 75' lang='grc' dir='ltr'><strong><em>οε</em></strong></span> 
     </span>
     <span class='ocr_line' id='line_1_27' title="bbox 132 2792 1105 2894; baseline 0.003 -25"><span class='ocrx_word' id='word_1_208' title='bbox 132 2823 222 2880; x_wconf 91' lang='grc' dir='ltr'><strong><em>νεσις</em></strong></span> <span class='ocrx_word' id='word_1_209' title='bbox 241 2799 344 2882; x_wconf 86' lang='grc' dir='ltr'><strong><em>οῦτως</em></strong></span> <span class='ocrx_word' id='word_1_210' title='bbox 363 2792 420 2889; x_wconf 85' lang='grc' dir='ltr'><strong><em>ήν</em></strong></span> <span class='ocrx_word' id='word_1_211' title='bbox 454 2811 720 2892; x_wconf 91' lang='grc' dir='ltr'><strong><em>μνηστευθείσης</em></strong></span> <span class='ocrx_word' id='word_1_212' title='bbox 737 2832 802 2894; x_wconf 95' lang='grc' dir='ltr'><strong><em>γαρ</em></strong></span> <span class='ocrx_word' id='word_1_213' title='bbox 826 2807 884 2892; x_wconf 86' lang='grc' dir='ltr'><strong><em>τής</em></strong></span> <span class='ocrx_word' id='word_1_214' title='bbox 901 2797 1022 2892; x_wconf 87' lang='grc' dir='ltr'><strong><em>μητρός</em></strong></span> <span class='ocrx_word' id='word_1_215' title='bbox 1040 2799 1105 2872; x_wconf 88' lang='grc' dir='ltr'><strong><em>αῦ-</em></strong></span> 
     </span>
     <span class='ocr_line' id='line_1_28' title="bbox 131 2899 1104 3028; baseline 0.006 -60"><span class='ocrx_word' id='word_1_216' title='bbox 131 2905 191 2969; x_wconf 93' lang='grc' dir='ltr'><strong><em>τοῦ</em></strong></span> <span class='ocrx_word' id='word_1_217' title='bbox 216 2909 352 2993; x_wconf 88' lang='grc' dir='ltr'><strong><em>Μαρίας</em></strong></span> <span class='ocrx_word' id='word_1_218' title='bbox 377 2907 421 2998; x_wconf 81' lang='grc' dir='ltr'><strong><em>τῶ</em></strong></span> <span class='ocrx_word' id='word_1_219' title='bbox 442 2900 584 2992; x_wconf 84' lang='grc' dir='ltr'><strong><em>Ἰωσήφ,</em></strong></span> <span class='ocrx_word' id='word_1_220' title='bbox 608 2899 733 2995; x_wconf 74' lang='grc' dir='ltr'><strong><em>πρλν”</em></strong></span> <span class='ocrx_word' id='word_1_221' title='bbox 712 2934 734 3028; x_wconf 86' lang='grc' dir='ltr'><strong><em>η</em></strong></span> <span class='ocrx_word' id='word_1_222' title='bbox 760 2915 943 2975; x_wconf 76' lang='grc' dir='ltr'><strong><em>συνελθεῖν</em></strong></span> <span class='ocrx_word' id='word_1_223' title='bbox 967 2901 1104 2992; x_wconf 82' lang='grc' dir='ltr'><strong><em>αὐτούς,</em></strong></span> 
     </span>
     <span class='ocr_line' id='line_1_29' title="bbox 132 2999 1105 3095; baseline 0.006 -25"><span class='ocrx_word' id='word_1_224' title='bbox 132 2999 258 3091; x_wconf 82' lang='grc' dir='ltr'><strong><em>εὑρέθη</em></strong></span> <span class='ocrx_word' id='word_1_225' title='bbox 278 3006 314 3072; x_wconf 92' lang='grc' dir='ltr'><strong><em>έν</em></strong></span> <span class='ocrx_word' id='word_1_226' title='bbox 328 3008 447 3095; x_wconf 83' lang='grc' dir='ltr'><strong><em>γαστρὶ</em></strong></span> <span class='ocrx_word' id='word_1_227' title='bbox 461 3013 583 3094; x_wconf 80' lang='grc' dir='ltr'><strong><em>ἔχουσα</em></strong></span> <span class='ocrx_word' id='word_1_228' title='bbox 599 3010 635 3076; x_wconf 86' lang='grc' dir='ltr'><strong><em>έκ</em></strong></span> <span class='ocrx_word' id='word_1_229' title='bbox 648 3004 836 3095; x_wconf 86' lang='grc' dir='ltr'><strong><em>πνεύματος</em></strong></span> <span class='ocrx_word' id='word_1_230' title='bbox 850 3003 959 3094; x_wconf 85' lang='grc' dir='ltr'><strong><em>ἆγίον.</em></strong></span> <span class='ocrx_word' id='word_1_231' title='bbox 979 3002 1105 3095; x_wconf 86' lang='grc' dir='ltr'><strong><em>Ἰωσήφ</em></strong></span> 
     </span>
     <span class='ocr_line' id='line_1_30' title="bbox 133 3100 1105 3197; baseline 0.004 -24"><span class='ocrx_word' id='word_1_232' title='bbox 133 3102 204 3174; x_wconf 71' lang='grc' dir='ltr'><strong><em>δέό</em></strong></span> <span class='ocrx_word' id='word_1_233' title='bbox 230 3100 315 3193; x_wconf 75' lang='grc' dir='ltr'><strong><em>ἀνὴρ</em></strong></span> <span class='ocrx_word' id='word_1_234' title='bbox 342 3104 460 3196; x_wconf 88' lang='grc' dir='ltr'><strong><em>αῦτής,</em></strong></span> <span class='ocrx_word' id='word_1_235' title='bbox 487 3113 614 3188; x_wconf 88' lang='grc' dir='ltr'><strong><em>δίκαιος</em></strong></span> <span class='ocrx_word' id='word_1_236' title='bbox 642 3102 690 3177; x_wconf 84' lang='grc' dir='ltr'><strong><em>ῶν</em></strong></span> <span class='ocrx_word' id='word_1_237' title='bbox 713 3110 769 3176; x_wconf 83' lang='grc' dir='ltr'><strong><em>καὶ</em></strong></span> <span class='ocrx_word' id='word_1_238' title='bbox 786 3105 831 3195; x_wconf 87' lang='grc' dir='ltr'><strong><em>μή</em></strong></span> <span class='ocrx_word' id='word_1_239' title='bbox 856 3108 969 3178; x_wconf 89' lang='grc' dir='ltr'><strong><em>θέλων</em></strong></span> <span class='ocrx_word' id='word_1_240' title='bbox 992 3133 1105 3197; x_wconf 90' lang='grc' dir='ltr'><strong><em>παρα-</em></strong></span> 
     </span>
     <span class='ocr_line' id='line_1_31' title="bbox 133 3205 1142 3299; baseline 0.01 -28"><span class='ocrx_word' id='word_1_241' title='bbox 133 3210 339 3295; x_wconf 89' lang='grc' dir='ltr'><strong><em>δειγματίσαι</em></strong></span> <span class='ocrx_word' id='word_1_242' title='bbox 357 3205 474 3296; x_wconf 85' lang='grc' dir='ltr'><strong><em>αῦτήυ,</em></strong></span> <span class='ocrx_word' id='word_1_243' title='bbox 490 3207 659 3296; x_wconf 80' lang='grc' dir='ltr'><strong><em>ἐβουλήθη</em></strong></span> <span class='ocrx_word' id='word_1_244' title='bbox 673 3205 784 3299; x_wconf 90' lang='grc' dir='ltr'><strong><em>λάθρα</em></strong></span> <span class='ocrx_word' id='word_1_245' title='bbox 801 3207 967 3278; x_wconf 86' lang='grc' dir='ltr'><strong><em>άπολῦσαι</em></strong></span> <span class='ocrx_word' id='word_1_246' title='bbox 983 3205 1098 3296; x_wconf 87' lang='grc' dir='ltr'><strong><em>αῦτήν.</em></strong></span> <span class='ocrx_word' id='word_1_247' title='bbox 1114 3239 1142 3282; x_wconf 80' lang='grc' dir='ltr'><strong><em>ιο</em></strong></span> 
     </span>
    </p>
   </div>
   <div class='ocr_carea' id='block_1_3' title="bbox 132 3349 334 3364">
    <p class='ocr_par' dir='ltr' id='par_1_3' title="bbox 132 3349 334 3364">
     <span class='ocr_line' id='line_1_32' title="bbox 132 3349 334 3364; baseline 0 0"><span class='ocrx_word' id='word_1_248' title='bbox 132 3349 334 3364; x_wconf 37' lang='lat' dir='ltr'><strong><em>ffi-</em></strong></span> 
     </span>
    </p>
   </div>
   <div class='ocr_carea' id='block_1_4' title="bbox 198 3437 452 3501">
    <p class='ocr_par' dir='ltr' id='par_1_4' title="bbox 198 3437 452 3501">
     <span class='ocr_line' id='line_1_33' title="bbox 198 3437 452 3501; baseline 0.008 -15"><span class='ocrx_word' id='word_1_249' title='bbox 198 3439 230 3488; x_wconf 73' lang='lat'><strong><em>‘26</em></strong></span> <span class='ocrx_word' id='word_1_250' title='bbox 248 3437 348 3487; x_wconf 78' lang='lat' dir='ltr'>Matth.</span> <span class='ocrx_word' id='word_1_251' title='bbox 363 3441 386 3501; x_wconf 87' lang='lat'><strong><em>1,</em></strong></span> <span class='ocrx_word' id='word_1_252' title='bbox 402 3439 452 3488; x_wconf 65' lang='grc' dir='ltr'><strong><em>18.ο</em></strong></span> 
     </span>
    </p>
   </div>
   <div class='ocr_carea' id='block_1_5' title="bbox 0 0 1168 3818">
    <p class='ocr_par' dir='ltr' id='par_1_5' title="bbox 0 0 1168 3818">
     <span class='ocr_line' id='line_1_34' title="bbox 0 0 1168 3818; baseline 0 0"><span class='ocrx_word' id='word_1_253' title='bbox 0 0 1168 3818; x_wconf 95' lang='lat' dir='ltr'><strong><em> </em></strong></span> 
     </span>
    </p>
   </div>
  </div>
 </body>
</html>
