2326 3818
128 156 170 222 68
538 151 709 206 εοεεοιι·

127 293 177 366 ὅτι
202 292 308 384 ὅνομά
330 323 386 384 μοι
411 292 533 386 κύριος.
574 291 719 383 ἁμαρτία
738 290 847 364 Ἰοάδα
873 294 1094 382 ἐγγέγραπται

130 401 166 467 ἐν
184 401 297 488 γραφή
315 399 352 467 ἐν
376 394 472 485 ὄνυχι
495 392 721 488 ἀδαμαντίνην,
746 399 1012 484 ἐγκεκολαμμένη
1039 397 1093 465 ἐπὶ

128 504 188 570 τοῦ
219 497 366 588 στήθους
390 503 447 587 τῆς
477 502 617 585 καρδίας
653 494 782 584 αὐτῶν,
813 494 911 584 ἡνίκα
934 492 977 567 ἀν
1008 525 1093 584 μνη-

130 603 260 672 σθωσιν
278 597 320 670 τά
334 597 420 689 ἀλση
447 596 560 670 αὐτῶν
584 600 637 668 ἐπὶ
662 595 765 681 ξύλου
793 601 928 685 δασέος,
959 600 1094 668 καὶέπὶ

103 708 263 791 εβουνῶν
280 701 476 792 μετεώρων,
495 701 550 770 καὶ
568 696 674 789 ὀρέων
700 701 736 768 ἐν
759 695 860 794 ἀγρῷ.
906 698 1005 790 ίσχάν
1031 722 1093 770 σου
1120 728 1135 770 ι

128 808 184 875 καὶ
182 801 396 924 ιδησαυροής
410 825 472 872 σου
491 808 538 884 είς
556 797 728 891 προνομήν
748 799 862 890 δώσω,
886 804 942 871 καλ
960 800 999 870 τά
1017 799 1094 883 ὕψι-

128 905 189 976 στά
225 931 287 976 σου
324 901 379 973 διά
405 904 461 985 τάς
487 897 648 1024 ἁμαρτίας
671 923 733 972 σου
764 900 822 984 τάς
850 908 887 973 ἐν
917 910 999 973 πᾶσι
1024 920 1094 984 τοῖς
1139 913 1157 937 “”

128 1003 232 1095 ὁρίοις
264 1027 334 1076 σου.
377 1007 433 1092 και
457 1000 614 1097 ἀφεθήσῃ
637 1002 735 1094 μόνη,
767 1007 821 1075 καὶ
855 1003 1095 1095 ταπεινωθήση

129 1106 194 1177 ἀπό
212 1111 269 1196 τῆς
282 1114 503 1197 κληρονομίας
522 1130 595 1195 σου,
609 1096 648 1196 ής
663 1105 771 1176 ἔδωκά
786 1129 847 1177 σοι.
878 1111 908 1176 4.
926 1109 982 1229 ηαὶ
994 1135 1096 1176 κατα-

132 1207 292 1279 δουλωσω
311 1232 349 1279 σε
366 1225 434 1291 τοῖς
453 1213 587 1301 ἐχθροις
605 1233 667 1280 σου
690 1211 783 1278 ἐν
743 1236 784 1298 τη
802 1212 846 1299 γή
862 1197 884 1299 6
901 1204 963 1278 οὐκ
974 1215 1093 1296 ἔγνως·
1109 1235 1137 1275 ιο

130 1307 181 1381 ὅτι
206 1318 274 1433 666
300 1312 495 1381 ἐκκέκαυται
514 1315 550 1381 ἐν
573 1315 619 1405 τῷ
642 1316 743 1404 θυμῷ
768 1339 851 1399 μου,
883 1312 944 1392 ἕως
975 1314 1125 1426 αἰῶνος.

130 1408 365 1503 κανθήσεταιῩ

427 1546 485 1601 κς
519 1527 599 1601 Ἀπό
617 1534 677 1601 τοῦ
693 1525 807 1619 Ἀμώς.

133 1671 176 1729 T6
194 1675 331 1745 περὶτῆς
355 1672 396 1736 είς
412 1673 508 1730 ποίντα
525 1670 561 1728 τά
568 1673 666 1756 ἔθνη
691 1675 852 1741 διασπορᾶς
875 1677 926 1729 τοῦ
944 1669 1098 1730 Ἰουδαίων

103 1742 246 1810 Ιίἔθνους,
259 1743 309 1798 κοιλ
321 1743 434 1811 περὶ
400 1763 451 1823 της
463 1737 647 1825 ἀνανεώσεως
659 1743 710 1811 τῆς
726 1745 849 1826 Χριστοῦ
862 1745 1022 1824 παρουσίας
1046 1743 1096 1797 καλ
1110 1765 1148 1808 15,

130 1783 291 1881 βασιλείας,
314 1811 365 1865 καλ
387 1811 438 1880 τής
461 1805 508 1864 ἐπ’
522 1803 605 1895 αὐτῇ
627 1808 820 1895 γεγενημένης
844 1812 895 1881 τῆς
920 1811 975 1866 τῶν
999 1805 1097 1865 ἐθνῶν

468 1873 605 1932 ἀπάντων
622 1875 755 1947 κλήσεως.

205 1984 266 2055 5.‘
269 1981 372 2057 ’Ἰδοὺ
391 1983 454 2074 ἐγω
480 1987 690 2076 ἐντέλλομαι,
709 1989 765 2057 καὶ
789 1984 938 2076 λικμήσω
954 1989 991 2057 ἐν
1014 1990 1097 2058 πάσι

130 2104 199 2168 τοῖς
232 2095 350 2158 ἔθνεσι
374 2083 434 2157 τὸν
451 2087 546 2159 οἷκον
560 2083 707 2180 Ἰσραήλ,
732 2083 772 2158 δν
796 2087 920 2178 τρόπον
943 2092 1096 2177 λικμᾶται

132 2193 168 2258 ἐν
185 2193 233 2283 τῷ
250 2194 367 2282 λικμῷ,
387 2191 443 2259 καλ
460 2188 501 2260 06
514 2188 559 2279 μή
577 2194 662 2282 πέση
681 2188 868 2279 σύντριμμα
884 2192 938 2260 ἐπὶ
945 2189 1008 2279 τήν
1016 2192 1095 2279 γῆν·
1110 2222 1138 2262 εο

78 2322 117 2374 [τι]
134 2294 283 2384 ῥομφαίᾳ
293 2289 550 2381 τελευτήσουσιν
564 2289 687 2374 πάντες
699 2297 734 2362 ολ
745 2286 935 2384 ἀμαρτωλοὶ
942 2296 1002 2362 τοῦ
1010 2295 1097 2362 λαοά

130 2421 212 2481 μου,
237 2398 273 2463 ολ
287 2395 450 2482 λέγοντες,
476 2391 518 2465 06
540 2391 585 2483 μή
610 2397 728 2486 ἐγγίση
752 2390 834 2463 οὐδὲ
851 2391 896 2482 μή
921 2401 1007 2484 ἔλθη
1033 2388 1090 2482 ἐφ’

130 2493 215 2584 ἡμᾶς
234 2493 274 2564 τά
298 2493 399 2566 κακά·
432 2501 469 2566 ἐν
497 2502 538 2586 τῇ
563 2491 669 2589 ἡμέρᾳ
694 2500 805 2586 ἐκείνη
828 2491 1006 2583 ἀναστήσω
1036 2492 1099 2584 τήν

130 2594 258 2685 σκηνήν
276 2600 390 2686 Δαβλδ
406 2595 470 2684 τήν
488 2615 724 2685 πεπτωκυῖαν,
757 2597 813 2665 καλ
845 2593 1098 2686 ἀνοικοδομήσω

130 2695 171 2765 τὰ
188 2695 384 2767 πεπτωκότα
401 2695 523 2785 αὐτῆς,
562 2703 591 2766 6.
617 2700 673 2768 καλ
696 2696 737 2768 τά
761 2701 1013 2788 κατεσκαμμένα
1035 2694 1098 2768 αὖ·
1111 2729 1138 2771 ει

130 2803 188 2885 τῆς
206 2796 398 2888 ἀναστήσω,
417 2800 474 2868 καλ
491 2793 743 2890 ἀνοικοδομήσω
767 2797 893 2890 αὐτὴν,
918 2796 1033 2880 καθάς
1063 2805 1102 2870 αλ

131 2896 251 2988 ἡμέραι
264 2904 325 2970 τοῦ
343 2905 476 2988 αίῶνος,
494 2895 584 2982 ὅπως
608 2898 813 2990 ἐκζητήσωσί
832 2929 872 2990 με
890 2905 925 2972 oc
944 2899 1099 2973 κατάλοι-

131 3026 187 3070 ποι
206 3005 274 3072 τῶν
291 2998 496 3092 ἀνθρώπων,
515 3005 571 3072 καὶ
589 3000 698 3075 πάντα
721 2999 763 3073 τά
785 3009 888 3092 ἔθνη,
907 3000 960 3091 ἐφ’
981 2999 1003 3072 6
1030 3005 1099 3075 ἐπι·

131 3104 285 3190 κέκληται
323 3101 361 3174 τὸ
390 3101 495 3194 ὄνομά
525 3133 591 3195 μου
619 3100 673 3176 ἐπ’
698 3102 799 3194 αὐτα,
827 3107 915 3193 λέγει
938 3102 1052 3194 κάριος
1079 3097 1100 3173 6

131 3230 238 3275 ποιων
254 3233 359 3276 ταυτα
376 3203 512 3278 παντα.”

200 3473 232 3522 17
244 3471 327 3522 Amos
340 3476 368 3534 9,
386 3475 410 3522 9.
