2326 3818
317 126 501 177 υυαοοωυ.
518 125 653 178 EVANG.
673 128 749 179 v111.
771 130 793 179 1.
965 126 1031 191 495

61 269 186 335 λοιπῶν
204 268 323 353 φυλῶν
343 270 619 352 διανεμηθείσης,
644 263 810 353 ἀκληρωτὶ
838 269 893 335 καὶ
911 271 1029 338 πασων

60 363 173 456 πρώτη
197 363 218 453 ῆ
244 369 305 435 τοῦ
318 362 428 435 Ἰούδα
452 364 543 453 φυλῆ
566 362 602 435 τό
621 371 747 436 οἰκεῖον
770 370 868 454 μέρος
890 371 950 455 τῆς
968 375 1028 456 γῆς

59 463 296 555 ἀπολαμβάνει,
341 471 390 537 12,
410 464 494 535 ἀλλά
518 468 573 536 καὶ
587 463 690 555 “μετά
709 467 770 554 τῆν
793 466 951 556 τελευτῆν
967 467 1029 558 Ἰη-

59 572 122 638 σού
146 566 325 656 ἐπηρώτων
349 573 384 637 οί
404 571 472 638 υέολ
498 565 628 657 Ἰσραῆλ
652 572 690 638 ἐν
713 576 837 661 κυρίῳ,
863 572 1027 657 λέγοντες,

33 677 107 749 ιτίς
131 665 333 759 ἀναβήσεται
357 667 439 757 ῆμῐν
461 666 543 757 πρός
569 669 628 738 τὸν
646 679 856 756 Χαναναίου,
876 668 1027 758 ἀφηγού-

58 798 156 859 μενος
173 775 232 840 τοῦ
251 776 435 860 πολεμῆσαι
454 773 490 840 έν
509 767 616 863 αύτῷ;
635 773 690 840 καλ
710 771 783 840 εἶπε
800 768 931 860 κύριος,
947 768 1029 840 Ἰού-

60 877 119 953 δας
142 868 356 960 ἀναβήσεται.
408 870 483 941 ίδού
509 875 639 942 δέδωκα
669 869 731 960 τῆν
754 877 819 961 γῆν
843 880 889 953 εἰς
916 890 1028 960 χεῖρας

58 969 194 1042 αὐτοῦ.”
228 978 343 1062 σαφῶς
361 963 423 1043 οὖν
440 977 500 1043 τού
512 971 635 1054 παντὸς
649 971 779 1061 Ἰσραῆλ
794 969 953 1061 ῆχείσθαι
966 973 1028 1061 τῆν

57 1078 116 1144 τοῦ
130 1072 240 1144 Ἰούδα
255 1072 367 1163 φυλῆν
381 1073 398 1144 ὁ
412 1072 490 1154 θεός
511 1074 567 1143 διὰ
579 1073 707 1144 τούτων
721 1072 927 1165 προστάττει,
945 1071 1028 1144 ὅθεν
1042 1104 1056 1144 b

18 1205 43 1243 10
57 1177 130 1263 ἑξῆς
153 1178 336 1264 γέγραπται
354 1173 433 1244 “nal
465 1171 569 1264 ἀνέβη
595 1171 739 1262 Ἰούδας,
772 1178 828 1245 καὶ
854 1179 1028 1264 παρέδωκε

57 1275 170 1365 κύριος
195 1274 252 1346 τόν
276 1287 489 1364 Χαναναίου,
514 1278 570 1346 καλ
592 1273 651 1347 τόν
678 1285 857 1365 Φερεζαῖον
882 1281 918 1346 ἐν
943 1280 1028 1366 χειρὶ

57 1372 195 1446 αύτού.”
227 1382 275 1446 13.
296 1380 351 1446 καλ
365 1376 466 1447 πόλιν
478 1374 559 1447 “nal
574 1380 782 1465 ἐπολέμησαν
794 1383 829 1447 οί
840 1380 909 1447 υίοὶ
920 1374 1028 1446 Ἰούδα

58 1481 94 1547 ἐν
112 1473 343 1568 Ἱερουσαλῆμ,
369 1481 423 1548 καὶ
449 1476 669 1565 κατελάβοντο
696 1473 823 1567 αύτῆν,
849 1480 904 1547 καὶ
931 1481 1027 1547 κατέ-

56 1589 165 1667 βησαν
182 1581 251 1648 υίολ
266 1575 374 1651 Ἰούδα
392 1586 576 1669 πολεμῆσαι
595 1583 632 1651 έν
655 1584 701 1673 τῷ
720 1575 932 1672 Χαναυαι’φ.”
972 1582 1027 1648 καλ

17 1709 41 1749 15
57 1672 157 1761 αὖθις
171 1676 250 1750 “nal
269 1679 440 1771 ἐπορεύθη
455 1677 579 1763 Ἰούδας
597 1678 679 1769 μετὰ
692 1679 838 1769 Συμεολν
850 1683 910 1750 τού
927 1679 1027 1749 ἀδελ-

55 1789 124 1870 φοῦ
149 1780 284 1852 αὑτού.”
332 1786 387 1853 καὶ
413 1784 487 1870 ἑξῆς
501 1777 582 1852 “nal
605 1775 649 1870 ῆν
671 1780 785 1870 κύριος
809 1779 889 1872 μεταλ
905 1778 1026 1868 Ἰούδα,

55 1886 111 1953 καλ
141 1882 384 1974 ἐκληρονόμησε
407 1884 444 1953 τό
468 1879 578 1972 όρος.”
629 1887 685 1952 καὶ
708 1882 790 1972 μετδι
820 1888 924 1953 ταύτα
947 1879 1027 1952 “nab

54 1981 226 2073 ἀνέβησαν
249 1990 284 2056 ol
305 1989 374 2057 υίολ
393 1983 532 2074 Ἰωσῆφ,
565 1995 623 2057 καί
646 2013 684 2072 χε
709 1982 804 2055 αὐτοὶ
830 1989 866 2054 ἐν
883 1982 1026 2072 Βαιθῆλ,

55 2089 111 2155 καὶ
126 2084 256 2167 Ἰούδας
273 2085 343 2174 μετ’
365 2083 514 2157 αύτῶν.”
544 2092 590 2156 14.
600 2090 657 2155 καὶ
676 2091 713 2156 έν
730 2090 773 2175 τῆ
786 2093 893 2179 βίβλῳ
910 2086 946 2155 δὲ
960 2089 1029 2156 των

18 2214 43 2253 νο
57 2190 180 2277 κριτῶν
206 2186 374 2276 διαφόρως
404 2184 486 2256 κατολ
519 2186 659 2275 χρόνους
687 2191 939 2275 προϊσταμένων
969 2191 1057 2256 τούι

57 2291 157 2374 λαού,
186 2287 295 2356 &final
320 2291 356 2356 ἐκ
381 2286 554 2375 διαφόρων
578 2287 718 2357 ἐδόκουν
747 2287 833 2356 εἶναι
857 2291 978 2376 φυλων
996 2293 1031 2356 οί

56 2390 183 2480 κριταὶ,
201 2385 288 2477 ὅμως
308 2389 345 2456 δὲ
363 2387 512 2459 καθόλου
531 2385 623 2475 ῆτοῦ
638 2386 747 2458 Ἰούδα
761 2387 851 2476 φυλῆ
866 2396 926 2456 τού
944 2414 1026 2456 παν-

56 2489 111 2571 τὸς
129 2498 252 2569 ε”θνους
271 2483 400 2577 ῆχεῑτο,
424 2491 537 2581 πολλςό
556 2489 592 2558 δὲ
611 2491 711 2558 πλέον
738 2491 878 2558 ἐπὶτῶν
896 2485 1026 2576 χρόνων

55 2595 114 2661 τοῦ
133 2593 247 2678 Δαβὶδ
270 2594 325 2660 καὶ
350 2596 418 2661 τῶν
441 2590 560 2661 τούτου
587 2587 754 2678 διαδόχων
778 2593 814 2658 ἐκ
837 2596 946 2678 φυλῆς
964 2589 1027 2676 μὲν

15 2698 115 2763 αυτοῦ
134 2691 244 2763 Ἰούδα
268 2691 473 2782 γεγονότων,
498 2695 593 2782 μέχρι
621 2695 658 2761 δὲ
684 2698 743 2780 τῆς
768 2697 815 2771 είς
838 2694 1027 2779 Βαβυλῶνα

55 2801 279 2883 αἰχμαλωσίας
303 2792 365 2883 τῆν
389 2801 564 2883 βασιλείαν
589 2792 852 2881 διευεχκάντωυ,
874 2790 951 2882 μεθ’
984 2789 1028 2879 ῆν

53 2901 121 2965 τῶν
140 2898 176 2963 έκ
194 2899 251 2983 τῆς
277 2901 502 2984 αἰχμαλωσίας
522 2897 574 2964 ἐπὶ
593 2893 654 2982 τῆν
678 2901 806 2965 οίκείαν
828 2901 893 2982 γῆν
912 2899 1028 2963 ἐπανι-

54 2994 163 3068 όντων
181 2986 281 3078 αύθις
299 2994 429 3084 ῆχείται
447 2994 659 3087 Ζοροβάβελ,
677 2991 694 3066 ὁ
713 3002 773 3067 τοῦ
793 2992 973 3082 Σαλαθιῆλ
992 2999 1027 3063 ἐκ

55 3103 163 3189 φυλῆς
178 3094 305 3186 Ἰούδα,
324 3093 341 3167 ὁ
361 3101 417 3167 καὶ
434 3097 493 3168 τόν
510 3097 599 3168 νεών
614 3101 752 3187 ἐγείρας.
787 3102 835 3166 15.
857 3105 958 3166 ἔνθεν
971 3098 1027 3164 καλ

16 3199 75 3289 ωῆ
99 3205 167 3270 τῶν
191 3202 499 3290 Παραλειπομένων
530 3199 643 3290 χραφῆ
670 3199 728 3280 τὰς
758 3197 889 3269 διόδεκα
917 3195 1027 3284 φυλὰς

125 3439 140 3486 3
159 3436 222 3485 Jud.
237 3437 259 3499 1,
277 3437 299 3485 1.
