2326 3818
315 170 500 223 DEMONST.
517 172 652 224 EVANG.
664 173 741 227 vm,
755 175 778 222 1.
971 173 1032 236 507

65 318 112 392 είς
138 307 196 380 τόν
219 315 327 380 αίῶνα
343 305 481 398 φυλάξω
500 305 590 402 αύτῷ
607 305 644 380 τό
663 308 753 390 ἔλεός
770 307 868 399 μον.”
906 317 957 382 56.
977 316 1033 383 καλ

64 408 165 481 πόλιν
177 405 236 481 “τδ
260 412 391 500 σπέρμα
414 408 518 480 αὐτοῦ
537 417 583 491 είς
601 406 659 480 τόν
683 413 790 480 αίῶνα
807 429 919 500 μενεῖ,
938 415 993 483 καλ
1012 413 1029 484 ὁ
1047 441 1099 494 [τοι]

63 510 187 597 θρόνος
204 509 308 581 αὐτοῦ
327 510 371 591 ῶς
388 508 406 580 ό
424 509 516 601 ἥλιος
532 514 686 581 ἐναντίον
703 540 786 600 μου,
805 515 861 583 καλ
880 509 924 593 ῶς
940 512 961 601 ἡ
981 537 1035 585 σε·

63 610 148 701 λήνη
167 612 408 702 κατηρτισμένα
428 618 474 694 είς
491 608 550 682 τόν
568 606 706 683 αίῶνα.”
750 609 855 695 οὕτως
873 604 936 683 οὖν
952 613 1035 703 μετά

38 720 194 803 ῖμυρίων
218 710 330 782 ἀλλων
360 719 420 783 τοῦ
444 719 590 802 Χριστοῦ
618 718 871 804 προσηγοριῶν,
905 710 953 783 δι’
986 705 1034 784 ῶν

63 811 166 885 αὐτὸν
183 821 218 885 οί
232 808 323 885 θεῖοι
346 812 438 902 λόγοι
455 823 673 904 σημαίνουσι,
698 818 753 884 καλ
767 812 894 897 Ἰούδας
911 813 1033 904 ὁμοίως

65 914 120 985 διά
136 920 205 987 τῶν
222 917 452 1007 προκειμένων
468 913 668 1004 ἀνειρησθαι
683 914 841 1005 δύναται,
859 913 909 986 ότι
923 919 979 986 καὶ
998 920 1034 987 ἐκ

63 1021 120 1105 τῆς
134 1015 243 1089 Ἰούδα
259 1020 377 1107 γέγονε
394 1018 513 1106 φυλῆς.
546 1022 596 1086 57.
615 1015 785 1106 πρόδηλον
801 1016 865 1108 γὰρ
879 1017 962 1088 κατὰ
976 1015 1034 1089 τόν
1141 1025 1143 1030 ’

63 1114 286 1189 ἀπόστολον“
266 1148 317 1188 οτι
335 1121 372 1188 ἐκ
389 1124 498 1207 φυλης
512 1109 624 1188 Ἰούδα
647 1113 901 1189 ἀυατέταλκεν’
887 1149 904 1188 ο
923 1118 1033 1209 σωτηρ

24 1241 50 1280 10
63 1221 119 1289 καὶ
141 1219 256 1308 κύριος
279 1220 383 1308 ἡμῶν.
415 1216 531 1341 τούτῳ
558 1209 659 1307 δη
621 1247 683 1288 ονυ
706 1219 789 1287 κατὰ
814 1219 967 1290 διάνοιαν
985 1224 1059 1289 τῶι

57 1317 170 1410 Ἰούδᾳ
187 1309 428 1408 ἀποκείμενα
409 1347 452 1407 ην
464 1317 505 1389 τά
518 1317 805 1410 προφητευόμενα.
830 1325 881 1390 58.
901 1327 977 1391 τίνα
996 1290 1033 1399 δε

62 1413 117 1539 ἦν.
121 1423 242 1504 ταῦτα;
250 1423 394 1538 ,πρῶτον
411 1448 473 1508 μεν
485 1447 522 1522 το
509 1418 785 1509 ἐπαινεθηναι’
767 1418 833 1490 υπὸ
846 1427 915 1492 τῶν
932 1419 1032 1490 ἀδελ-

62 1525 139 1609 φῶν
156 1519 275 1592 αὐτου
297 1518 456 1611 δεύτερον
469 1518 552 1591 κατὰ
570 1520 680 1592 υῶτου
694 1527 762 1591 τῶν
776 1523 908 1611 ἐχθρῶν
927 1520 1031 1592 αὐτοῦ

61 1621 119 1704 τὰς
148 1639 200 1712 χεῖ
200 1651 260 1713 ρας
285 1625 472 1710 ἐπιβαλεῖν·
511 1623 625 1713 τρίτον
655 1627 934 1711 προσκυνηθηυαι
964 1621 1031 1693 ύπδ

24 1742 48 1783 1⁵
61 1726 129 1793 τῶν
147 1727 232 1796 υἱῶν
249 1730 309 1793 τοῦ
327 1720 450 1814 πατρὸς
468 1721 588 1794 αὐτοῦ·
616 1753 637 1793 α
621 1719 708 1793 “nal
720 1726 835 1804 τέλους
851 1721 1033 1813 ἐτύγχανεν

61 1822 205 1914 ὁπηνίκα
228 1827 310 1906 τέως
332 1826 395 1914 μὲν
416 1823 476 1906 τὰς
499 1823 707 1913 παραδόξους
732 1821 893 1913 δυνάμεις
919 1826 1033 1895 καὶτὰ

61 1923 217 2015 τεράστια
234 1923 392 2015 θαύματα
411 1929 571 1997 ἐπιτελῶν
585 1923 788 2016 ἐθαυμάζετο
802 1926 855 1995 καλ
877 1929 1032 2017 ἐπῃνεῖτο

61 2030 117 2095 καὶ
140 2044 378 2116 προσεκυνεττο
403 2027 486 2116 πρός
510 2029 578 2097 τῶν
606 2030 728 2098 ἑαυτοῦ
744 2029 906 2117 μαθητῶν
923 2055 959 2097 τε
976 2030 1033 2097 καὶ

62 2125 273 2215 ἀποστόλων,
292 2122 351 2208 ούς
369 2130 426 2196 καλ
443 2125 612 2216 ἀδελφούς
636 2126 822 2198 ἀποκαλεῖν
839 2127 901 2199 οὐκ
920 2126 1030 2216 ῶκνει,

23 2247 48 2286 ²0
64 2225 119 2296 διὰ
136 2228 198 2314 μὲν
215 2230 276 2296 τοῦ
298 2231 440 2316 Ψαλμοῦ
456 2230 565 2315 λέγων
578 2223 778 2316 “ἀπαγγελῶ
791 2226 827 2298 τό
846 2226 951 2319 όνομά
969 2252 1031 2300 σου

61 2344 129 2407 τοῖς
146 2324 305 2416 ἀδελφοῖς
323 2357 404 2416 μου,
431 2330 467 2399 ἐν
490 2330 580 2421 μέσφ
600 2331 774 2415 ἐκκλησίας
797 2327 936 2416 ὑμνήσω
956 2327 1027 2418 σε,”

60 2445 132 2509 ταῖς
152 2428 189 2497 δέ
206 2425 293 2517 ἀμφὶ
309 2427 519 2519 τὴνΜαρίαυ
532 2426 745 2519 προστάττων
758 2427 1031 2516 εὐαγγελίζεσθαι

61 2525 175 2610 αὐτοῖς
201 2523 248 2609 ῶς
273 2524 433 2619 ἀδελφοῖς
452 2524 696 2619 ’ἀπαγγείλατε
722 2526 804 2620 γάρ,
832 2532 932 2619 φησὶ,
962 2547 1030 2613 τοῖς
1042 2554 1098 2605 θῖῖ)

62 2627 220 2719 ἀδελφοῖς
244 2659 310 2720 μου
332 2629 384 2702 ὅτι
406 2630 586 2722 ἀνέρχομαι
615 2627 699 2721 πρός
721 2629 781 2701 τόν
810 2633 935 2719 πατέρα
965 2635 1031 2720 μον

23 2733 117 2802 2ὁκαὶ
148 2734 274 2824 πατέρα
297 2729 394 2822 ὑμῶν
424 2734 481 2802 καλ
504 2730 588 2803 θεόν
610 2761 676 2821 μου
706 2735 762 2802 καλ
791 2729 875 2803 θεόν
897 2727 1028 2822 ύμῶν.”

62 2839 113 2904 59.
133 2829 220 2904 οὕτω
246 2838 330 2922 δῆτα
353 2830 457 2904 αύτὸν
480 2839 515 2903 οί
535 2832 677 2922 ἀδελφοὶ
699 2830 740 2903 τά
757 2833 819 2922 μὲν
844 2841 958 2923 πρῶτα
977 2837 1031 2904 ἐπὶ

61 2950 130 3017 τοῖς
148 2933 347 3023 παραδόξοις
365 2929 410 3016 ῶς
426 2932 619 3024 θαυμάσιον
631 2930 739 3022 ἀνδρα
752 2931 855 3023 μόνον
871 2933 1031 3025 ἐπῄνουν,

64 3039 122 3107 ἕνα
138 3035 232 3124 τινὰ,
257 3034 301 3116 ῶς
319 3034 423 3124 είκδς,
447 3039 516 3106 τῶν
539 3038 721 3124 προφητῶν
740 3033 827 3107 εἶναι
844 3031 1030 3124 ἀπειληφό-

62 3157 129 3219 τες·
159 3138 230 3208 ἐπελ
250 3139 287 3208 δέ
301 3141 338 3207 ἐν
350 3140 397 3230 τῶ
410 3133 533 3226 μεταξύ
545 3134 604 3216 τὰς
616 3137 828 3225 θαυμασίους
845 3140 1028 3227 παραδοξο-

23 3249 49 3290 ³⁰
63 3246 173 3322 ποιίας
190 3234 294 3308 αύτοῦ
307 3235 463 3328 δρῶντες,
482 3240 538 3307 καὶ
552 3235 596 3319 ῶς
610 3247 768 3307 καθεῖλεν
783 3236 907 3327 ἐχθρόν
924 3264 959 3307 τε
973 3238 1029 3307 καὶ

130 3473 163 3522 20
180 3471 226 3526 Ps.
239 3473 281 3535 21,
294 3473 336 3520 22.
441 3472 473 3521 23
492 3469 592 3523 Matth.
605 3471 647 3532 28,
661 3471 703 3522 10.
