2326 3818
146 116 189 179 34
545 117 694 167 ευεεεω

144 257 313 345 θάνατον,
343 261 491 337 τοιοῦτος
524 257 558 327 δὲ
591 259 645 325 καὶ
675 246 771 338 οῦτος
801 253 946 345 γεγονεῦς
975 253 1053 327 οῦτε
1076 257 1118 329 τὸ

143 365 238 447 σῶμα
263 361 476 447 περιτέτμητο
507 355 577 427 οὔτ’
600 367 647 428 ἔτι
671 362 728 446 τῆς
756 362 905 439 Μωσέως
922 356 1037 447 μετῆει
1053 388 1117 432 vo-

114 468 322 550 ιμοθεσίας,
341 456 497 548 ἄντικρυς
516 461 555 530 δὲ
573 463 826 548 Χριστιανικως,
844 456 920 529 ἀλλ’
939 457 1013 548 οῦχὶ
1029 456 1117 532 ’Jov-

33 618 35 622 .
143 565 264 644 δαϊκως
283 565 347 649 ζων
364 558 569 650 ἀναπέφηνε.
601 563 657 630 καὶ
670 557 769 643 αὐτὸς
787 556 850 631 δ’ὁ
866 557 1014 649 Ἀβραῦμ
1031 560 1118 651 μετὰ

139 662 218 745 τοῦς
242 667 565 753 προωνομασμένους
588 660 733 750 γεγονῦς
762 666 818 732 καὶ
841 661 1002 750 νεώτερος
1027 660 1145 756 παρέ

140 761 262 847 αῦτοῦς
279 782 348 846 τοῖς
366 764 518 853 χρόνοις,
536 761 725 854 πρεσβύτης
751 765 789 834 δέ
813 763 867 833 διὰ
886 764 948 851 τῆν
966 760 1116 856 ἡλικίαν,

141 864 197 936 διδ
203 864 281 949 τοῦς
295 870 476 954 μέλλοντας
491 870 523 949 έξ
538 862 643 936 αῦτοῦ
654 869 772 954 φῦναι,
791 864 903 954 ὥσπερ
915 864 990 936 τινὰ
1005 888 1116 955 σφρα·

139 974 221 1056 γῑδα
239 965 301 1057 τῆν
324 965 506 1056 περιτομὴν
529 972 657 1052 πρῶτος
681 965 841 1056 ὑπέμεινε
863 971 924 1038 τοῦ
947 966 1116 1058 σώματος,

140 1067 314 1157 γνώρισμα
336 1073 393 1158 τῆς
417 1065 520 1139 αῦτοῦ
545 1073 719 1159 διαδοχῆς,
750 1087 818 1150 τοῖς
843 1073 875 1152 ἐξ
899 1067 1005 1139 αῦιοῦ
1028 1071 1116 1142 κατὰ

142 1168 249 1258 σάρκα
267 1173 502 1259 γενησομένοις
515 1174 607 1241 τουτὶ
624 1168 660 1240 τῦ
674 1187 813 1259 σημεῖον
827 1168 1034 1259 παραδιδοῦς
1051 1175 1115 1262 φέ·
1128 1204 1155 1245 ιο

141 1291 229 1363 ρειυ’
275 1278 303 1341 6.
330 1270 394 1363 πρὸ
418 1274 459 1341 δέ
484 1301 523 1361 γε
545 1276 603 1362 τῆς
629 1277 841 1354 παιδοποιίας
878 1276 934 1342 καλ
965 1269 1029 1360 πρὸ
1054 1279 1116 1363 τῆς

141 1378 317 1464 περιτομῆς
342 1377 404 1444 καλ
416 1370 515 1455 αῦτδς
534 1372 590 1444 διδ
609 1378 667 1462 τῆς
688 1377 756 1443 των
770 1372 921 1444 εἰδώλων
935 1370 1115 1467 ἆναχωρῆ-

140 1497 242 1562 σεως,
262 1478 317 1547 καὶ
340 1481 398 1564 τῆς
417 1475 491 1560 ἑνδς
508 1480 569 1547 τοῦ
587 1479 640 1546 ἐπὶ
659 1473 795 1547 πάντων
818 1479 905 1548 θεοῦ
922 1474 1114 1567 ὁμολογίας,

111 1618 121 1645 c
139 1579 195 1646 καὶ
215 1577 270 1646 διὰ
287 1576 392 1666 μόνον
415 1581 477 1648 τοῦ
494 1574 569 1648 κατ’
596 1574 717 1667 ιἰρετῆν
741 1586 819 1664 βίον
839 1585 1010 1649 δείκνυται
1028 1588 1116 1669 Χρι-

140 1683 329 1767 στιαυικώς,
344 1675 418 1748 ἀλλ’
438 1677 512 1768 οῦχλ
528 1675 716 1760 Ἰουδαϊκῶς
727 1677 907 1767 βεβιωκώς.
941 1685 968 1749 7.
983 1708 1116 1771 μεμαρ-
1128 1709 1155 1753 ετ

139 1775 278 1867 τῦρηται
296 1787 381 1868 γοῦν
397 1777 438 1850 τὰ
456 1779 691 1871 προστάγματα
709 1784 765 1851 καὶ
787 1780 845 1861 τὰς
864 1778 999 1862 έντολδς
1016 1780 1057 1852 τά
1076 1811 1115 1854 τε

142 1880 348 1971 δικαιώματα
360 1885 416 1952 καὶ
429 1882 469 1951 τὰ
482 1882 606 1972 νόμιμα
625 1887 684 1953 τοῦ
698 1888 783 1952 θεοῦ
800 1882 864 1967 πρὸ
881 1886 939 1970 τῆς
958 1886 1115 1969 Μωσέως

141 1987 299 2071 διαταγῆς
314 1988 576 2072 πεφυλαγμένος.
601 1987 691 2072 λέγει
705 1983 736 2055 δ’
753 1974 817 2054 οῦν
828 1983 910 2072 πρὸς
927 1981 986 2055 τῦν
999 1981 1115 2057 Ἰσαὰκ

139 2082 157 2153 ὁ
177 2093 384 2174 χρηματίζων
395 2086 474 2166 θεός
482 2081 561 2156 “nal
576 2085 675 2157 δώσω
687 2093 733 2180 τῷ
746 2091 913 2175 σπέρματί
922 2107 985 2156 σου
998 2089 1114 2159 πᾶσαν

139 2184 202 2274 τῆν
219 2190 283 2276 γῆν
301 2186 442 2276 ταύτην,
469 2190 526 2257 καὶ
544 2185 869 2277 ένευλογηθῆσονται
889 2190 925 2257 έν
942 2192 988 2279 τῷ
1007 2194 1113 2276 σπὲρ-
1125 2220 1153 2263 τε

139 2294 221 2377 ματί
237 2313 300 2359 σου
318 2288 424 2359 πάντα
438 2286 478 2359 τδι
492 2297 577 2379 ἔθνη
591 2297 648 2378 τῆς
661 2295 733 2377 γῆς,
753 2285 833 2360 ἄνθ’
855 2278 904 2358 δν
917 2284 1115 2377 ὑπήκουσεν

137 2385 321 2480 Ἀβραδιμὸ
344 2389 452 2480 πατῆρ
471 2413 533 2463 σου
558 2399 617 2480 τῆς
636 2395 714 2482 ἐμῆς
732 2395 865 2479 φωνῆς,
890 2394 947 2461 καὶ
965 2388 1113 2477 ἐφύλαξε

137 2492 195 2575 τδις
220 2492 355 2576 ἐντολάς
379 2523 463 2583 μον,
490 2495 546 2563 καὶ
570 2493 610 2563 τὰ
628 2491 864 2582 προστάγματα
887 2521 970 2582 μον,
995 2495 1050 2562 καὶ
1070 2493 1112 2565 τὰ

113 2593 346 2680 οδικαιωματά
363 2625 446 2682 μου,
465 2597 520 2664 καὶ
537 2592 579 2663 τὰ
596 2592 720 2683 νόμιμα
737 2624 811 2682 μου.

218 2701 246 2764 8,
259 2685 322 2765 Ἠν
339 2695 403 2783 γδιρ
427 2698 483 2764 καὶ
509 2695 573 2785 πρὸ
591 2701 650 2765 τοῦ
671 2699 820 2777 Μωσέως
837 2693 943 2785 νόμον
961 2695 1110 2784 προστᾶ-
1122 2727 1150 2771 τι

139 2826 248 2885 γματα
271 2802 356 2868 θεοῦ
380 2800 491 2886 ἕτερα,
517 2800 572 2869 καὶ
599 2796 804 2887 δικαιώματα
827 2794 888 2886 οῦχ
917 2794 1015 2887 ὅμοια
1039 2817 1127 2882 τοῖς.

140 2896 230 2986 παρὰ
251 2909 386 2987 Μωσεῖ,
412 2897 535 2988 νόμιμοί
559 2928 595 2969 τε
617 2897 701 2970 ἅλλα
726 2902 781 2969 καὶ
799 2902 930 2970 ἐντολαὶ
948 2905 1109 2990 Χριστοῦ,
1147 2954 1151 2959 -

142 2996 187 3069 δι’
214 2989 263 3070 ὦν
287 2999 543 3088 έδικαιωθησαν.
590 2998 640 3071 ὅτι
671 3009 691 3071 δ
730 3031 770 3072 ου
796 3032 836 3072 τα
860 3031 944 3072 αυτα
973 2993 1109 3091 ῆντοῑς

141 3099 196 3172 διῦ
216 3105 366 3184 Μωσέως
389 3115 649 3193 νομοθετηθεῖσι
672 3099 828 3190 σαφῶςῦ
858 3107 984 3194 Μωσῆς
1007 3111 1110 3189 παρί-

139 3227 257 3293 στησιν
284 3209 320 3276 ἐν
343 3201 403 3286 οἷςΙ
416 3229 521 3294 φησιν
544 3202 627 3294 πρὸς
650 3205 708 3276 τὸν
731 3203 814 3277 λαόν
832 3203 958 3276 ’Ἥκουε
979 3201 1150 3294 Ἰσραῆλον

139 3305 179 3374 τῦ
200 3306 403 3396 δικαιώματα
422 3310 477 3377 καὶ
495 3304 535 3378 τῦ
553 3315 707 3397 κρίματα,
725 3305 787 3378 ὅσα
802 3307 866 3397 ἐγω
881 3311 971 3379 λαλοῦ
985 3311 1021 3378 έν
1038 3323 1109 3389 τοῖς

209 3457 242 3505 19
261 3455 331 3507 Gen.
345 3457 386 3521 26,
399 3458 423 3507 4.
528 3460 562 3510 30
577 3458 661 3509 Dent.
675 3459 700 3521 ὅ,
715 3458 737 3508 1.
