2326 3818
137 144 201 208 408
324 126 329 135 '
541 145 690 196 Ευεοοιι

35 331 46 347 .
128 281 264 370 ,Σαρῦν
286 281 381 354 τόποι
404 288 471 354 των
500 280 702 372 ἀλλοφύλων
727 278 879 372 ὑπῆρχον
909 288 1029 354 ἐθνῶν.
1075 290 1104 353 7.

137 385 319 472 ταῦταμὲν
338 377 399 454 οῦν
413 378 494 470 πρὸς
512 390 616 468 λέξιν·
636 387 692 454 ναὶ
710 385 794 454 κατὰ
807 383 961 454 ὃιάνοιαν
980 385 1015 453 δὲ
1035 392 1067 454 εί
1090 429 1107 437 -

139 489 187 557 έτι
213 484 358 573 σήμερον
390 493 425 556 oc
451 490 532 572 πρὶν
560 487 616 566 τάς
641 483 749 575 ψυχάς
774 489 1025 574 πεπηρωμένοι,
1060 485 1107 567 ὡς

71 616 123 668 μοι]
140 587 221 671 ξύλα
249 590 302 656 καὶ
328 595 445 668 λίθους
470 592 525 656 καὶ
548 587 609 675 την
633 587 753 674 λοιπὴν
776 583 906 676 ἀψυχον
923 584 1009 673 ῦλην
1030 593 1108 657 θαί-

109 689 239 779 ομονάς
263 717 300 759 τε
324 697 512 776 περιμείους
535 692 591 757 καὶ
615 687 787 776 πνεύματα
805 686 935 776 πονηρά
952 686 1027 756 ἀντὶ
1045 693 1135 760 τοῦε

138 796 223 861 θεοῦ
244 798 312 859 τῶν
336 787 424 858 ὅλων
442 806 662 877 προσκυνεῖν,
687 797 778 859 οἵτε
800 788 841 858 τά
866 781 933 858 ὦτα
956 794 1013 877 της
1032 795 1104 859 δια-

138 902 232 972 νοίας
264 893 500 978 αεκωφωμένοι
536 895 591 959 καὶ
623 889 794 974 σκάζοντες
828 894 884 960 καὶ
912 894 1109 979 παρειμένοι

138 992 196 1061 τόν
220 990 329 1063 πάντα
356 994 485 1063 ἕαντων
515 1000 591 1078 βίον
613 989 740 1064 τούτων
768 991 927 1063 ἁπάντων
957 995 1012 1061 καὶ
1036 996 1109 1062 τῶν

137 1090 249 1161 ἀλλων
266 1098 389 1163 παθῶν
406 1122 441 1163 τε
459 1097 514 1163 ναὶ
532 1090 799 1181 ἀρρωστημάτων
817 1092 872 1162 ὃιά
889 1099 947 1181 της
964 1098 1024 1163 τοῦ
1043 1114 1107 1163 σω-

138 1199 237 1282 τῆρος
263 1192 357 1283 ἡμων
376 1191 485 1281 Ἰησοῦ
508 1200 654 1280 Χριστοῦ
679 1200 896 1274 διδασκαλίας
926 1197 1026 1264 εἰσέτι
1049 1199 1147 1264 ααὶω

137 1301 204 1365 νῦν
228 1291 508 1383 ἀπαλλάττονται,
539 1295 625 1365 πολύ
648 1301 835 1381 κρείττονος
858 1290 879 1383 ἢ
904 1293 987 1364 πατά
1011 1300 1108 1385 στῦμα

140 1396 258 1477 ίάσεως
276 1400 332 1466 καὶ
350 1393 513 1484 ἀφελείας
531 1395 737 1486 ἀξιούμενοι,
756 1400 888 1484 καὶτῆς
907 1404 954 1476 είς
972 1393 1108 1486 ἀνθρώ-

138 1526 221 1581 πους
239 1505 299 1569 τοῦ
324 1505 409 1569 θεοῦ
436 1498 537 1587 λόγου
563 1505 747 1584 παρουσίας
775 1503 898 1586 ἐναργῆ
921 1495 984 1586 τὴν
1005 1506 1109 1569 θείαν

139 1604 194 1670 καὶ
211 1598 297 1688 ὑπὲρ
316 1597 500 1687 ἀνθρωπον
519 1599 664 1688 δύναμιν
683 1598 959 1687 ἐπιδεικνύμενοι.

71 1857 124 1907 (ωε)
477 1817 557 1889 Ἀπὸ
575 1821 635 1886 τοῦ
652 1815 765 1887 αὐτοῦ.
1121 1853 1147 1896 1⁶

109 1991 123 2027 b
226 1968 315 2026 XXII.
337 1948 480 2023 “''Auovs'
501 1981 565 2041 μον
587 1948 704 2039 Ἰααῦβ
727 1955 782 2021 ναὶ
802 1950 950 2041 Ἰσραὴλ,
976 1949 1015 2021 ὃν
1043 1952 1107 2041 ἐμοὶ

139 2058 229 2122 καλοῖ
239 2074 244 2084 ·
275 2051 338 2141 ἐμοί
359 2060 424 2140 εἰμι
443 2059 591 2141 πρῶτος,
611 2056 665 2122 καὶ
685 2050 750 2141 ἐγώ
766 2060 831 2142 είμι
846 2061 893 2134 είς
910 2052 969 2124 τὸν
987 2059 1105 2144 αἰῶνα,

139 2157 194 2223 καὶ
217 2152 237 2242 η
262 2162 332 2244 χείρ
364 2183 429 2243 μου
461 2160 661 2244 έθεμελίωσε
683 2155 745 2241 τὴν
768 2161 850 2242 γῆν,
882 2152 902 2242 ἡ
929 2154 1019 2237 δεξιά
1041 2185 1107 2244 μου

120 2259 317 2344 ·ἐστερέωσε
340 2258 398 2326 τὸν
421 2254 600 2345 οῦρανόν.”
645 2258 700 2324 καὶ
726 2258 875 2345 ἐπιφέρει
900 2258 1007 2343 λέγων
1028 2252 1104 2325 “uod

138 2363 204 2427 νῦν
221 2356 334 2449 κύριος
352 2356 464 2448 κύριος
482 2357 668 2428 ἀπέσταλκέ
683 2384 724 2445 με
746 2361 802 2425 καὶ
826 2356 862 2426 τὸ
887 2361 1019 2446 πνεῦμα
1044 2355 1106 2426 αῦ-
1120 2385 1148 2426 20

139 2456 234 2530 τοῦ.”

207 2559 314 2649 Ἔχεις
337 2559 513 2629 κάνταῦθα
536 2558 653 2644 κύριον
671 2559 728 2628 τὸν
747 2557 1032 2647 ἀποστελλόμενον
1050 2563 1107 2628 καλ

138 2660 196 2732 τὸν
213 2659 474 2748 ἀποστέλλοντα,
501 2657 629 2748 δηλαδὴ
647 2660 706 2732 τὸν
723 2662 848 2748 πατέρα
866 2656 921 2727 aaz
938 2658 1020 2727 θεὸν
1037 2661 1106 2727 των

140 2760 246 2850 ὅλων,
266 2759 424 2848 συνήθως
443 2765 494 2842 θὶς
513 2760 630 2849 κύριον
647 2757 898 2849 ὀνομαζόμενον.
1108 2754 1116 2761 ’
1147 2770 1149 2775 ’

480 2977 558 3050 Ἀπό
576 2985 636 3050 τοῦ
655 2976 767 3049 αύτοῦ.
1118 3006 1146 3047 εε

228 3130 327 3190 xxm.
352 3111 473 3185 ’Ὁῦτω
498 3119 586 3203 λέγει
604 3113 735 3203 κύριος,
763 3131 861 3184 ποῖον
877 3121 974 3184 τοῦτο
997 3109 1034 3182 τὸ
1053 3120 1106 3200 βι-

112 3225 237 3305 οβλίον
260 3223 318 3288 τοῦ
341 3216 545 3287 ἀποστασίου
568 3221 625 3305 της
648 3213 770 3304 μητρός
792 3210 909 3303 ῦμοῦν,
937 3203 964 3308 ᾦ
990 3217 1107 3296 έξαπέ-

210 3451 241 3498 16
259 3451 304 3498 Es.
318 3450 359 3504 48,
376 3452 414 3496 α.
518 3450 550 3497 ει
569 3449 709 3510 ουτοι.
