2326 3818
441 96 657 148 PRAEFATIO.

62 232 149 296 3224).
167 232 245 296 332(1
267 255 318 293 555
338 237 411 292 laudi
432 238 456 292 ei
479 237 547 292 verti
563 243 655 310 potest
677 237 751 308 quod
772 239 799 291 15
826 236 895 292 15515
921 233 1030 290 51511515

61 339 144 378 unum
160 323 331 396 alterumque
346 320 521 382 vocabulum,
544 320 766 394 quodcirciderat
782 321 809 375 in
826 321 918 376 codice
933 318 1027 376 arche·
1100 393 1103 397 ι

61 418 142 481 typo,
171 424 203 462 ex
223 406 342 480 vulgatis
367 405 467 462 veteris
494 406 659 462 Testamenti
685 404 883 477 exemplaribus
910 403 1025 478 supple·

61 501 119 548 tum
140 501 197 554 551,
225 491 298 566 quod
318 507 373 546 non
395 489 555 562 infrequens
575 490 657 545 etiam
678 491 706 544 in
728 489 842 546 aliorum
864 491 1030 562 scriptorum

61 577 308 644 ecclesiasticorum
323 574 462 632 codicibus
477 574 677 631 recentioribus
699 574 918 648 interpolationis
940 591 1030 646 genus

61 669 112 723 551,
129 660 200 735 quod
218 678 298 734 saepe
313 659 401 716 fraudi
417 660 469 714 iuit
483 661 629 732 utriusque
640 659 807 715 Testamenti
823 658 974 715 editoribus
990 659 1030 713 di·

60 761 157 802 versas
173 762 205 801 ex
220 745 330 801 Patrum
348 743 477 818 operibns
494 745 645 817 scripturas
661 743 837 800 afferentibus
851 743 950 817 quibus
966 743 1030 799 illos

60 846 114 885 555
131 846 191 886 5555
205 847 272 886 5555
288 829 472 903 antiquiorum
488 829 612 885 codicum
628 830 795 901 comparatio
812 829 900 884 docet.

146 915 272 970 Eiusdem
296 916 405 988 generis
428 921 559 987 quattuor
580 912 631 968 alin
655 922 719 969 5551
735 912 893 986 apographa
907 912 1030 968 Parisino

62 1000 203 1054 chartacea
220 999 305 1055 seculi
322 998 391 1055 senti
407 996 502 1054 decimi
519 1001 637 1052 uulneris
654 1004 748 1052 notata
769 999 795 1052 in
812 997 939 1069 Catalogo
964 993 1027 1070 (551.

63 1082 92 1138 2.
109 1101 134 1156 p.
153 1083 201 1144 65,
219 1081 270 1154 66)
285 1083 357 1145 470,
372 1081 444 1144 471,
460 1081 532 1143 472,
549 1080 620 1144 473,
637 1099 754 1155 qnorum
771 1091 947 1154 postremum,
964 1081 1028 1136 olhn

62 1168 219 1230 llediceum,
235 1169 299 1224 5551
315 1175 406 1224 notam
423 1168 494 1238 gerit
511 1165 591 1222 1543
608 1165 675 1236 (sive
693 1165 774 1223 1533
790 1166 938 1221 secundum
953 1165 1029 1220 blon-

64 1252 237 1307 telalconiuna
259 1252 286 1306 15
302 1253 391 1308 015515
408 1251 502 1308 1151155
517 1268 545 1323 p.
563 1249 646 1322 408),
662 1253 794 1323 scriptum
813 1251 932 1306 Venetiis
948 1267 1029 1305 nrann

63 1336 194 1392 Valeriani
209 1336 412 1392 Poroliviensis.
458 1335 561 1390 Horum
577 1336 795 1407 apographorum
811 1351 867 1389 uno
889 1334 957 1389 haud
981 1333 1030 1389 dn·

63 1421 105 1475 bie
123 1437 189 1474 5555
206 1429 248 1475 551
262 1418 398 1476 liobertus
415 1419 578 1492 Stephanus,
596 1435 678 1490 quum
695 1420 748 1474 hoc
762 1418 872 1473 Eusebii
889 1435 958 1490 opus
975 1418 1030 1491 pri·

64 1521 136 1559 cuum
152 1505 246 1560 ederet
261 1503 370 1560 Parisiis
385 1521 408 1559 5.
427 1501 518 1559 1545.
563 1502 674 1558 Sextum
697 1502 817 1559 eiusdem
839 1504 948 1574 generis
964 1519 1031 1575 apo·

65 1589 199 1662 graphnm
215 1587 300 1644 seculi
322 1589 411 1662 quinti
432 1588 528 1644 decimi
550 1588 577 1643 15
593 1587 758 1644 Bibliotheca
779 1597 901 1643 servatur
916 1586 1030 1642 Ambro-

63 1675 138 1728 51555
158 1673 377 1735 Mediolanensi„
395 1679 576 1728 memoratum
597 1671 630 1727 ab
651 1672 860 1728 blonteialconio
884 1673 911 1726 in
931 1670 1030 1727 Biblio-

63 1758 140 1814 theca
157 1757 384 1814 bibliothecarum
401 1757 453 1812 vol.
472 1757 498 1818 1,
519 1774 544 1829 p.
562 1755 632 1812 527.
672 1755 745 1823 0555
761 1756 918 1830 apographa
940 1758 1029 1811 omnia

63 1841 96 1896 ab
112 1842 206 1897 iisdem
224 1841 322 1914 quibus
340 1842 423 1897 codex
434 1840 572 1896 Parisinus
588 1839 649 1897 469
667 1841 755 1896 555515
771 1841 906 1913 155151551
921 1840 1030 1895 iisdem·

63 1943 116 1999 que
133 1927 230 1999 quibus
246 1925 292 1980 ille
308 1925 398 1981 verbis
415 1927 602 1987 terminantur,
625 1933 655 1980 51
670 1925 812 1981 manifesta
829 1927 865 1981 511
879 1924 1030 1980 communis

63 2027 157 2066 eorum
167 2013 256 2084 origo.
283 2009 337 2065 Nee
350 2010 561 2066 ineliorisnotne
571 2010 623 2064 1511
633 2011 822 2083 apographum
836 2009 909 2082 quod
917 2009 1030 2064 1555555

62 2094 223 2150 Franciscus
256 2093 464 2150 iliranciulensis
496 2095 624 2167 princeps
652 2094 817 2149 bernardino
848 2095 952 2148 055515
981 2093 1030 2147 Ve-

62 2179 175 2234 ronensi
201 2179 397 2251 suppeditavit,
427 2178 538 2234 Latinae
569 2178 803 2251 interpretationis
830 2177 1030 2251 praeparandae

62 2279 173 2323 caussa,
193 2278 261 2334 quae
277 2262 512 2334 primunrprodiit
528 2263 627 2317 Rornae
644 2279 666 2316 5.
685 2261 781 2323 1498,
804 2262 913 2334 5555155
935 2262 1030 2317 deinde

62 2348 188 2420 55551115,
207 2345 327 2400 Rasileae
350 2363 374 2402 a.
393 2345 484 2411 1542,
509 2346 600 2411 1549,
619 2345 710 2407 1559,
729 2346 811 2403 1570
832 2352 858 2399 51
875 2363 934 2400 cum
952 2348 1040 2400 55115

62 2430 105 2486 1115
121 2431 159 2485 15.
173 2431 225 2485 155.
239 2429 353 2502 Grynaei
369 2430 480 2486 Parisiis
496 2447 518 2484 a.
537 2429 628 2491 1587,
645 2430 714 2484 etin
731 2429 897 2485 editionibus
914 2430 1029 2485 Graeco-

61 2515 176 2583 Lutinis‚
189 2513 309 2569 Parisino
323 2513 446 2576 51628,
462 2531 558 2570 555555
568 2513 695 2569 Coloniae
708 2513 764 2569 sive
774 2515 881 2588 Lipsiae
898 2531 922 2570 5.
938 2514 1028 2575 1688.

62 2608 90 2654 51
112 2599 259 2655 [laoniensi
276 2598 427 2654 Gaislordi:
450 2598 477 2653 in
499 2617 552 2671 qua
573 2598 800 2671 interpretatione
827 2599 904 2672 plura
926 2608 1029 2653 temere

62 2692 126 2738 sunt
142 2682 321 2756 interpolata,
342 2701 376 2739 ne
392 2682 525 2739 Eusebius
542 2681 575 2737 ab
591 2683 742 2738 orthodoxa
759 2681 810 2738 fide
826 2683 980 2756 discrepare
1001 2692 1028 2738 ct

60 2769 162 2822 Ariane
179 2768 299 2840 dogmati
317 2769 403 2842 magis
426 2768 516 2823 lavere
538 2767 674 2823 videretur
696 2767 903 2840 5551565551111
920 2767 1027 2822 Nicaeni

60 2852 191 2906 decretis:
216 2867 284 2923 quae
311 2854 416 2908 notavit
443 2851 495 2907 155.
523 2851 617 2907 Billins
639 2851 863 2911 Observationum
891 2868 1028 2908 sacrarunt

60 2935 129 2990 libro
148 2936 174 2990 1.
190 2952 212 2990 5.
231 2935 279 2990 27.
879 2948 882 2953 ’

146 3025 265 3093 Apparet
282 3036 312 3074 cx
330 3020 372 3075 his
389 3021 462 3092 quod
479 3037 560 3094 snpra
578 3020 708 3082 dicebam,
725 3037 779 3076 555
797 3029 901 3075 tantum
917 3037 966 3075 555
979 3021 1027 3074 ho-

60 3104 103 3158 die
120 3106 159 3159 uti
174 3103 419 3160 Demonstrationis
432 3104 607 3176 Evarrgelicae
621 3105 714 3160 codice
726 3105 847 3160 Parisino
864 3104 933 3162 460.
951 3104 1027 3159 55115

60 3187 193 3243 lectorum
210 3188 397 3248 incommodo.
421 3205 505 3261 quum
528 3189 579 3244 hoc
596 3206 665 3261 5555
681 3189 791 3245 Eusebii
807 3188 923 3244 lectores
939 3188 1026 3243 multo

60 3289 140 3345 quarn
168 3271 272 3344 relique
302 3274 361 3328 eins
382 3274 485 3346 scripta
506 3275 650 3345 pauciores
671 3273 796 3329 habuerit
816 3275 959 3345 rariusque
983 3273 1028 3327 ‹ic-

58 3357 192 3429 scriptum
216 3356 273 3412 1555
288 3358 427 3414 ‘intactum
450 3357 580 3412 manserit
603 3357 635 3413 ab
658 3357 828 3430 gravioribus
854 3356 1033 3412 librariorum
