2326 3818
127 113 191 176 280
532 114 681 166 υυεεοιε

128 251 288 341 ἀληθείας
308 249 352 322 δι’
372 251 485 323 αὐτῶν
504 257 796 343 ἐπενηνεγμένους.
835 260 884 325 14.
904 253 980 327 ἀλλ’
1004 257 1025 329 ὁ
1044 262 1114 351 μὶν

123 353 268 443 Ἀαρῶν,
287 350 304 424 ό
324 351 414 444 παρά
432 364 555 425 Μωσεί
571 353 730 446 Χριστός,
750 358 807 444 της
825 354 915 444 παρά
934 364 1112 447 Αἰγυπτί-

128 485 176 537 οις
195 452 382 539 ἀπαλλάξας
407 455 465 526 τόν
488 454 571 527 λαόν
595 462 767 545 δουλείας,
793 453 845 527 ἐπ’
867 461 1056 555 ἐλευθερίᾳ
1073 493 1112 537 τε

128 559 182 626 καὶ
207 566 371 651 θεραπείᾳ
393 565 453 627 τοῦ
476 562 534 646 της
556 555 616 627 ἀπ’
638 557 811 646 Αἰγύπτου
829 566 968 649 πορείας
986 560 1112 637 αὐτῶν

127 657 345 748 ἡγησάμενος,
364 657 426 747 την
439 657 551 729 εἰκόνα
565 657 660 743 σῶζοι
673 656 715 729 ἀν
727 663 787 730 τοῶ
799 657 949 748 ἀληθοῦς
964 672 1134 756 κυρίου,ε

59 785 112 838 μοι]
127 756 161 842 ός
179 767 236 851 της
252 764 481 848 Αἰγυπτιακῆς
500 766 754 852 εἰδωλολατρίας
772 758 899 843 πάντας
915 757 1005 851 ἡμᾶς
1024 765 1110 851 τούς

96 866 159 945 οέξ
179 866 293 932 ἐθνῶν
312 859 535 949 ἑλντρῶσατο·
557 861 637 932 15.‹‘›
658 859 690 931 δ’
704 868 741 933 ἐν
751 865 798 955 τῶ
807 860 962 952 προφήτῃ
972 861 1108 954 Ἰησοῦς

126 962 143 1032 ό
164 957 307 1052 ίερεύςὸ
332 965 432 1051 μέγας
450 967 506 1052 της
525 960 589 1033 ἀπό
608 969 810 1050 Βαβυλῶνος
832 966 886 1033 ἐπὶ
903 964 965 1053 τὴν
978 961 1106 1058 Ἰερου-

127 1061 235 1151 σαλημ
261 1062 426 1134 ἐπανόδου
450 1068 611 1155 προέστη,
638 1071 756 1154 δεῖγμα
778 1067 893 1152 φέρων
918 1067 974 1135 καὶ
997 1066 1104 1153 αάτός

125 1161 231 1252 Ἰησοῦ
254 1168 314 1234 ποῶ
336 1170 483 1255 σωτῆρος
513 1161 624 1255 ἡμῶν,
655 1163 695 1236 δν
727 1174 844 1255 ἔχομεν
875 1171 967 1255 ίερέα
991 1173 1100 1259 μέγαν
1110 1198 1137 1241 ιο

127 1265 349 1353 διεληλυθότα
366 1265 444 1349 τούς
462 1265 645 1355 οὐρανοῦς,
667 1263 713 1337 δι’
733 1257 774 1337 οὗ
795 1270 851 1336 καί
869 1263 965 1337 αὐτοὶ
983 1267 1100 1361 ῶσπερ

127 1369 163 1436 εἰι
181 1373 382 1455 Βαβυλῶνος
400 1374 458 1458 τῆς
472 1367 554 1438 κατά
566 1367 626 1439 τὸν
640 1372 802 1440 ἐνεστῶτα
815 1375 891 1455 βίον
902 1369 1100 1459 συγχύσεώς

125 1497 161 1538 τε
179 1473 233 1539 καί
252 1478 477 1560 αἰχμαλωσίας
495 1466 790 1560 ἀπολυτρωθίντες
809 1477 855 1552 εἰς
872 1468 935 1559 την
952 1467 1101 1563 οὐρανό-

125 1580 234 1659 πολιν,
253 1572 315 1662 την
332 1570 467 1659 ἀληθῶς
482 1566 712 1660 Ἰερουσαλὴμ,
733 1569 894 1642 σπεύδειν
912 1573 1100 1663 ἐδιδάχθη-

124 1701 195 1761 μεν.
237 1679 283 1741 16.
305 1671 441 1752 εἰκότως
467 1673 503 1741 δὲ
521 1670 538 1741 ὁ
557 1672 619 1760 τὴν
642 1671 754 1742 εἰκόνα
780 1675 838 1760 της
864 1668 1026 1762 ἀληθείας
1046 1673 1094 1746 δι’
1110 1700 1133 1743 ιι

96 1776 246 1847 ιὲαντοῦ
275 1776 389 1863 φέρων
409 1772 534 1862 Ἰησοῦς
564 1775 619 1842 καί
646 1772 781 1864 ῥυπαρὰ
804 1772 915 1863 ἰμάτια
940 1780 1100 1864 περιεβέ-

125 1883 246 1963 βλητο,
271 1873 367 1945 καλό
394 1872 548 1961 διάβολος
572 1878 608 1944 ἐκ
633 1876 753 1958 δεξιῶν
776 1873 880 1945 αὐτοῦ
905 1873 1008 1956 ἕστῶς
1039 1881 1100 1949 καί

124 1973 350 2064 ἀντικείμενος
368 1972 460 2068 αὐτῷ
477 1978 618 2065 λέγεται,
639 1979 710 2047 ἐπεὶ
724 1975 809 2047 καὶὸ
827 1973 963 2065 ἀληθῶς
982 1977 1098 2069 σωτὴρ

125 2079 181 2144 καὶ
208 2075 323 2164 κύριος
346 2071 441 2165 ἡμῶν
461 2075 588 2165 Ἰησοῦς
614 2085 660 2159 εἰς
678 2078 741 2167 τὴν
766 2076 930 2167 ἡμετέραν
947 2078 1099 2168 καταβάς

125 2184 354 2266 αἰχμαλωσίαν
371 2177 428 2260 τάς
445 2175 605 2269 ἀμαρτίας
623 2175 719 2268 ἡμῶν
737 2176 936 2267 ἀνείληφεν,
961 2182 1017 2249 καί
1035 2180 1133 2252 τὸν»

125 2275 340 2367 ἀνθρώπειον
364 2278 472 2370 ῥύπον
490 2279 691 2370 ἀνεμάξατο,
716 2279 756 2350 τά
774 2308 810 2350 τε
827 2279 910 2350 κατά
928 2277 964 2350 τό
982 2281 1097 2365 πάθος

124 2391 222 2470 αἰσχη
247 2381 302 2450 διά
326 2380 387 2472 τὴν
409 2380 491 2472 πρός
515 2381 599 2472 ἡμᾶς
617 2389 880 2472 φιλανθρωπίαν
901 2379 1095 2470 ὑπέμεινεν.

125 2489 172 2553 17.
199 2481 251 2553 διό
274 2505 380 2572 φησιν
403 2481 571 2566 ὁἩσαΐας
585 2473 704 2566 “οῶτος
731 2482 788 2565 τάς
812 2479 973 2572 ἀμαρτίας
996 2481 1095 2574 ἡμῶν

97 2590 236 2673 οφέρει,
260 2589 316 2654 καὶ
340 2588 417 2672 περὶ
440 2582 535 2672 ἡμῶν
552 2582 731 2673 όδυνάται,
757 2588 813 2656 καί
830 2580 924 2674 ἡμεῖς
943 2586 1094 2674 ἐλογισά·

123 2699 213 2774 μεθα
231 2682 334 2756 αὐτόν
358 2687 443 2756 εἰναι
470 2689 506 2755 ἐν
524 2683 618 2779 πόνφ
636 2690 693 2755 καί
711 2690 747 2757 ἐν
771 2689 881 2777 πληγῇ
904 2688 960 2755 καὶ
978 2691 1016 2756 ἐν
1033 2716 1091 2758 κα-
1103 2714 1130 2757 ιε

123 2785 239 2856 κῶσει·
286 2784 385 2868 αὐτὸς
416 2787 453 2856 δὲ
484 2791 733 2876 ἐτραοματίσθη
759 2785 814 2857 διά
843 2787 901 2867 τὰς
930 2783 1093 2878 ἁμαρτίας

123 2882 235 2975 ἡμῶν,
266 2890 322 2957 καί
353 2886 593 2981 μεμαλοίκισται
627 2886 683 2958 διά
711 2886 768 2969 τάς
799 2884 938 2977 ἀνομίας
960 2883 1089 2978 ἡμῶν.”

124 2985 208 3056 ἀλλά
226 2991 281 3058 καί
296 2986 449 3076 Ἰωάννης
468 2983 485 3058 ό
504 2987 684 3077 βαπτιστὴς
699 2988 783 3060 ἰδῶν
796 2987 855 3060 τόν
866 2988 984 3079 κύριον
997 2989 1091 3061 εἶπεν

119 3084 195 3160 “ms
220 3085 237 3159 ὁ
262 3086 364 3178 ἀμνὸς
387 3094 448 3159 τοῶ
470 3096 572 3178 θεοῦ,
598 3089 616 3161 ὁ
641 3103 748 3179 αἰρων
770 3088 828 3172 τάς
847 3087 1007 3180 ἁμαρτίας
1031 3095 1089 3163 τοῦ

124 3189 256 3280 κόσμον.
296 3196 344 3260 18.
365 3186 447 3261 καὶὸ
462 3195 598 3274 Πανλος
614 3191 744 3274 τούτοις
757 3201 995 3282 παραπλησίως
1014 3193 1089 3282 περὶ
1101 3220 1129 3264 ιο

192 3425 224 3473 23
242 3424 287 3476 Εε.
302 3426 343 3485 53,
357 3428 381 3473 4.
487 3427 519 3475 29
537 3425 580 3474 Jo.
593 3426 618 3485 1,
630 3425 672 3476 29.
