2326 3818
144 115 209 179 374
552 114 700 166 υυεωοω

143 259 201 342 τῆς
219 253 393 325 Ἰουδαίων
410 252 519 344 χώρας
542 251 845 344 προελευσόμενον,
869 261 916 336 είς
940 253 1052 326 πάντα
1077 258 1116 328 δδ

142 354 183 424 τά
213 363 298 446 ἔθνη
331 353 637 445 διαδοθησόμενον,
669 351 754 444 ἅπερ
784 350 902 426 όπολον
931 358 1025 439 τέλος
1057 362 1115 429 καλ

143 451 264 528 ὁποίαν
289 465 429 546 ἔκβασιν
452 464 522 529 τόν
546 455 656 545 λόγων
678 455 760 546 μετά
783 453 845 545 τὴν
874 461 935 526 τοῦ
964 464 1115 551 σωτῆρος

115 553 237 648 ιὴμων
250 557 358 649 Ἰησοῦ
372 562 519 648 Χριστοὺ
535 566 723 648 παρουσίαν
741 560 961 646 ἐπιδέδεκται,
980 563 1034 630 σολ
1053 590 1115 632 κα-

142 668 288 731 ταλείπω
307 677 456 731 σκοπεῖν,
1125 688 1137 729 τ

481 927 561 999 Ἀπό
574 926 774 1018 Ἀμβακοόμ.

114 1104 126 1132 ε
218 1076 292 1138 xlv.
319 1057 408 1134 “Kal
431 1060 601 1152 ἀπεκρίθη
626 1061 739 1151 κύριος
764 1060 846 1150 πρός
864 1091 921 1151 με,
946 1067 1002 1134 καλ
1028 1065 1114 1154 εἶπε,

141 1160 273 1254 γράψον
290 1161 409 1255 ὅρασιν
426 1169 543 1255 σαφῶς
567 1168 604 1234 έν
620 1167 745 1256 πυξίω,
763 1162 852 1246 ὅπως
872 1161 1010 1255 διτόκηό
1029 1164 1114 1237 άνα-

141 1263 318 1354 γινώσκων
336 1265 432 1354 αὐτὰ,
454 1264 537 1336 διότι
556 1272 604 1336 ἐτι
621 1262 736 1353 ὅρασις
754 1272 801 1347 είς
815 1263 943 1354 καιρόν,
957 1268 1014 1336 καὶ
1026 1264 1114 1341 άνα-

141 1378 233 1439 τελεῖ
248 1375 295 1451 είς
318 1370 438 1457 πέρας,
458 1370 514 1438 καλ
536 1365 599 1437 οὐκ
623 1373 669 1448 είς
693 1364 801 1438 κενόν.
847 1365 907 1436 ἐάν
929 1363 1113 1460 ὑστερήση,
1126 1395 1150 1435 ιο

142 1467 326 1559 ὑπόμεινον
356 1469 475 1558 αὐτὸν,
507 1463 599 1538 ότιό
631 1465 804 1559 ἐρχόμενος
827 1466 898 1555 ἥξει
921 1472 978 1539 καλ
1002 1467 1043 1540 οὑ
1067 1468 1114 1560 μὴ

143 1579 291 1662 χρονίση.
329 1571 388 1641 ἐάν
405 1569 652 1658 ὑποστείληται,
670 1565 733 1640 οὑκ
752 1566 888 1640 εὐδοκεῖ
903 1565 924 1658 ἡ
942 1570 1035 1660 ψυχή
1046 1600 1112 1662 μου

144 1676 181 1742 ἐν
199 1669 301 1765 αὑτῷ,
319 1670 337 1741 ό
359 1673 395 1742 δέ
415 1678 540 1754 δίκαιος
560 1674 595 1740 ἐκ
613 1669 754 1751 πίστεως
771 1700 837 1760 μου
855 1669 1019 1760 ζήσεται.”

219 1778 249 1843 2.
277 1775 345 1843 Καὶ
370 1778 520 1844 ἐνταῦθα
545 1770 731 1863 διαρρήδην
749 1770 928 1861 ἐρχόμενον
945 1770 1037 1862 ἥξειν
1052 1772 1112 1844 τὸν

143 1874 437 1964 προφητευόμενον
454 1880 614 1957 θεσπίζει.
650 1879 700 1954 τίς
719 1869 752 1942 δ’
772 1864 816 1961 ἦν
833 1864 929 1956 οὗτος
947 1869 968 1963 ἢ
984 1869 1001 1942 ό
1017 1869 1107 1943 άνω-
1122 1897 1148 1938 ιτ

142 1978 226 2063 τέρω
246 1978 411 2064 δηλωδελς
429 1975 512 2044 κατδι
528 1973 565 2044 τὸ
584 1969 827 2063 “εὐλογημένος
845 1970 863 2044 ὁ
881 1975 1054 2064 ἐρχόμενος
1074 1978 1111 2044 ἐν

115 2072 280 2164 οὐνόματι
307 2085 444 2164 κυρίου,
468 2074 549 2158 θεὸς
572 2073 687 2165 κύριος
712 2078 767 2146 καὶ
792 2079 960 2165 ἐπίφανεν
986 2072 1109 2166 ἡμλν;”

142 2180 261 2247 τοῦτον
281 2177 318 2246 δὲ
335 2173 390 2246 οἷα
414 2180 485 2267 φως
508 2176 715 2267 τυγχάνοντα
739 2182 913 2265 είςπέρας
937 2174 1113 2249 άνατελεϊν

143 2300 257 2367 φησιν,
278 2282 330 2348 ἐπὶ
349 2285 525 2372 συντελείᾳ
545 2277 674 2368 δηλαδὴ
692 2282 759 2348 των
776 2277 918 2349 αίτόνων.
961 2268 989 2372 ᾦ
1006 2278 1113 2372 συνά-

144 2387 194 2452 δει
209 2383 264 2451 καὶ
278 2377 296 2451 ό
311 2389 476 2473 Ζαχαρίας
495 2383 603 2469 λέγων
616 2375 714 2450 “ίδοὺ
732 2375 829 2470 άνὴρ,
848 2377 991 2469 ἀνατολὴ
1005 2377 1111 2470 όνομα
1124 2405 1148 2445 νο

142 2479 250 2577 αὐτῷ,
269 2487 324 2554 καὶ
341 2481 564 2554 ὑποκάτωθεν
582 2480 688 2552 αὐτοῦ
704 2478 883 2551 άνατελει.”
929 2487 959 2550 3.
978 2483 1035 2550 καὶ
1052 2481 1113 2552 τὸν

142 2582 263 2672 χρόνον
281 2582 522 2673 ὑποσημαίνων
540 2578 672 2662 ὑαὺτδς
687 2585 828 2671 ἐπιλέγει
844 2578 901 2652 “τδ
914 2580 997 2670 πρός
1011 2585 1113 2652 ἕσπέ-

143 2714 207 2771 ραν
231 2691 323 2754 ἐσται
347 2691 428 2772 φῶς.
475 2683 534 2753 ἐάν
555 2679 740 2772 ὑστερήση,
763 2682 945 2772 ὑπόμεινον
974 2677 1110 2751 αὑτόν.”

142 2783 224 2853 ἀνθ’
246 2775 288 2853 οὑ
305 2780 476 2866 δἈκόλας
490 2792 672 2874 πεποίηκεν
684 2782 768 2854 “ἐάν
783 2786 820 2854 δὲ
834 2781 993 2876 μελλήση,
1006 2809 1110 2872 προσ-

143 2887 243 2973 δέχου
262 2882 381 2974 αὑτὸν,
407 2884 457 2956 ότι
476 2883 650 2976 ἐρχόμενος
673 2882 743 2975 ἥξει
766 2889 822 2956 καλ
846 2884 885 2956 οὑ
910 2881 1108 2974 βραδυνεϊ.”
1124 2919 1150 2959 ει

140 2984 264 3056 τούτου
288 2987 325 3056 δὲ
348 2990 509 3077 μέμνηται
534 2986 632 3076 καὶὴ
659 2985 930 3077 πρόςῈβραίους
955 2985 1111 3076 ἐπιστολὴ

142 3083 189 3157 δι’
206 3078 254 3159 τόν
267 3110 349 3177 φησι
363 3084 431 3178 ’μὴ
444 3087 634 3178 ἀποβάλητε
647 3081 709 3159 οὑν
723 3086 784 3179 τὴν
797 3096 990 3225 παρρησξαν
1002 3089 1110 3179 ὑμῶν,

211 3356 225 3401 7
244 3355 315 3406 Hab.
329 3359 354 3420 2,
368 3359 391 3406 2.
525 3357 557 3404 16
575 3356 648 3409 Hab,
662 3359 687 3420 9,
701 3357 743 3404 26.
875 3357 909 3406 λδ
927 3355 1012 3407 Zach.
1027 3355 1053 3418 6,
1069 3357 1111 3404 12.

140 3421 175 3469 22
193 3420 276 3469 Zach.
291 3424 330 3483 14,
345 3426 369 3472 7.
474 3424 507 3472 27
524 3423 596 3473 Heb.
612 3426 651 3485 10,
665 3425 705 3473 35.
