2326 3818
124 114 187 178 268
545 113 693 164 ιευεεοιι

124 252 265 342 σόμενος
283 254 462 341 μονονουχὶ
480 247 707 340 ἀπελογήσατο
733 247 869 322 είπων“
874 249 1103 349 Ἰερουσαλήμ

119 351 380 475 Ἰερουσαλήμ,
362 382 383 441 η
401 351 643 424 ἀποκτείνουσα
656 381 733 433 τους
745 350 915 442 προφήτας
928 357 987 424 καὶ
1002 367 1103 431 λιθο-

125 459 272 545 βολονσα
289 452 367 537 τούς
391 450 659 543 ἀπεσταλμένους
682 451 763 542 πρὸς
782 449 904 542 αὑτήν·
915 458 1103 582 πολλάκις

125 558 187 647 γὰρ
205 554 356 647 ήθέλησα
384 554 578 639 ἐπισυνάξαι
604 553 644 624 τὰ
670 557 771 624 τέκνα
796 576 875 644 σου,
903 552 944 626 ὃν
968 558 1103 647 τρόπον

125 656 216 749 ὅρνις
239 659 279 728 τὰ
303 664 422 728 νοσσία
447 651 590 744 αὐτῆς
571 683 638 725 υπο
661 655 718 738 τὰς
742 659 923 744 πτέρυγας,
951 663 1010 728 καὶ
1036 658 1126 734 οόκτ

102 757 327 850 εήθελήσατε,
348 755 422 828 ίθού
441 755 575 844 ἀφίεται
593 752 675 845 ὑμῖν
693 755 711 827 ὁ
729 756 818 838 οἶκος
829 752 925 846 ὑμῶν
944 760 1102 850 ἔρημος.”

419 1023 499 1096 Ἀπὸ
517 1030 576 1096 τοῦ
590 1023 790 1115 Ἀμβακοόμ

126 1141 250 1211 Χριστός
262 1139 425 1214 ὀνομαστὶ
410 1164 467 1198 υπο
459 1141 619 1231 κυρίου
593 1164 644 1199 του
653 1142 760 1225 πατρὸς
773 1142 928 1213 σωζόμενος
938 1146 991 1200 καὶ
1001 1145 1102 1214 σοόζων

440 1232 504 1275 τους
518 1214 621 1268 εαυτοῦ
634 1212 782 1278 Χριστούς.

199 1321 379 1418 ΜΕξήλθες
399 1337 446 1410 είς
464 1337 634 1418 σωτηρίαν
648 1332 730 1400 λαου
744 1353 816 1417 σου,
830 1333 890 1399 τοὺ
903 1332 1011 1400 σῷσαι
1020 1330 1101 1417 τούς
1113 1358 1137 1401 ω

127 1431 291 1520 Χριστούς
310 1451 387 1501 σου·
417 1438 533 1518 ἔβαλες
545 1437 591 1509 είς
604 1428 752 1517 κεφαλὰς
767 1426 902 1520 ἀνόμων
914 1429 1100 1504 θοίνατον.”

203 1538 253 1601 35.
270 1529 409 1614 Ἀκόλας
423 1530 440 1556 “
447 1535 584 1619 ἐξῆλθες
603 1538 650 1612 είς
669 1541 836 1620 σωτηρίαν
855 1536 938 1602 λαοῦ
955 1553 1032 1621 σου,
1053 1542 1102 1617 είς

127 1640 295 1720 σωτηρίαν
314 1637 397 1701 λαου
414 1653 475 1703 σου
494 1631 697 1725 σόυΧριστῷ
716 1630 810 1701 σου.”
839 1631 953 1720 ἐπειδή
966 1627 984 1701 ὃ
999 1631 1103 1706 Ἀκό-

127 1742 186 1813 λας
204 1729 278 1803 ἀντὶ
296 1737 356 1804 τοῦ
373 1735 607 1822 πληθυντικοῦ
624 1735 741 1814 ἑνικῷς
760 1736 911 1819 ἐξέδωκε,
930 1730 996 1803 σόν
1015 1746 1102 1826 Χρι-

100 1856 114 1895 <1
128 1840 195 1927 στῷ
213 1832 321 1922 φήσας
333 1832 394 1922 τήν
406 1840 574 1924 σωτηρίαν
586 1837 633 1926 τῷ
646 1838 715 1925 λαῷ
730 1841 935 1921 πεποιῆσθαι
952 1830 1017 1904 τόν·
1030 1842 1103 1909 τῷν
1113 1860 1137 1903 ιτ

127 1933 215 2005 ὅλων
238 1933 338 2019 θεόν,
364 1933 499 2013 εἰκότως
528 1937 747 2022 παρεθέμεθα
769 1933 832 2021 τήν
860 1937 949 2016 λέξιν
980 1943 1103 2025 σαφῶς

127 2039 174 2128 τῷ
197 2032 404 2123 προβλήματι
429 2038 686 2124 παρισταμένην.
728 2040 779 2107 36.
800 2034 868 2105 εἷεν
892 2036 929 2104 δὲ
953 2030 997 2106 ἂν
1015 2038 1103 2109 κατὰ

127 2134 189 2222 τήν
206 2139 274 2204 τῷν
294 2134 522 2225 ἑβδομήκοντα
541 2139 720 2225 ἑρμηνείαν
738 2143 872 2216 πλείους
891 2143 926 2206 οί
941 2139 974 2218 ἐξ
993 2135 1103 2209 αὐτοῦ

128 2239 184 2305 καὶ
204 2238 247 2306 δι’
269 2235 372 2307 αὐτόν
390 2240 527 2328 Χριστοὶ
545 2245 815 2327 χρηματίζοντες,
841 2239 919 2326 περὶ
938 2226 986 2306 οἷν
1005 2249 1104 2329 είρη-

127 2367 181 2407 ται
200 2333 266 2428 “μή
290 2337 425 2427 ὄψησθε
443 2342 511 2410 τῷν
528 2346 684 2428 Χριστῷν
700 2368 783 2428 μου,
802 2341 858 2408 καὶ
877 2342 913 2408 ἐν
930 2355 999 2420 τοῖς
1017 2365 1102 2427 προ·
1113 2367 1140 2408 ιο

128 2438 249 2528 φήταις
267 2471 331 2529 μου
349 2439 394 2530 μή
418 2437 683 2530 πουηρεόεσθε,”
705 2446 789 2510 οἵτε
807 2447 854 2521 είς
872 2436 975 2510 αὐτὸν
998 2467 1103 2511 πεπι-

129 2541 313 2627 στευκότες,
332 2544 387 2610 καὶ
405 2549 465 2610 τοῦ
483 2538 581 2628 ἁγίου
599 2547 657 2628 της
676 2545 713 2611 ἐν
726 2544 773 2634 τῷ
790 2545 925 2633 Χριστῷ
941 2550 1102 2630 παλιγγε-

129 2649 243 2721 νεσίας
275 2648 452 2729 χρίσματος
480 2645 735 2730 κατηξιωμένοι,
765 2644 820 2711 καλ
851 2647 887 2712 οί
915 2640 1101 2731 δυνάμενοι

129 2743 239 2825 λέγειν
256 2736 377 2828 ὁμοίως
395 2747 440 2831 τῷ
465 2745 544 2834 ἱερῷ
567 2739 741 2834 ἀποστόλῷ
762 2738 915 2833 “με’τοχοι
939 2747 1000 2812 τοῦ
1018 2754 1101 2834 Χρι-

129 2845 210 2908 στοῦ
229 2837 447 2930 χεχόναμευ.”
1113 2870 1139 2912 ω

199 3075 210 3121 1
230 3073 330 3123 Matth
343 3075 440 3135 23,37.
537 3077 569 3126 10
587 3075 679 3125 Habb
694 3078 775 3138 3,13
873 3078 907 3126 20
924 3075 1101 3143 Ps.105,15.

128 3143 161 3190 24
180 3142 291 3204 Heb.3‚
307 3144 347 3190 14.
