2326 3818
318 113 504 163 DEMONST.
522 113 656 190 Ενιαο.
679 115 729 164 111.
750 117 773 163 ι.
963 112 1023 175 207

59 256 248 341 βουθυσίας
265 253 320 321 καλ
340 250 504 339 σπονδάς,
522 249 566 332 ὡς
584 247 626 322 άν
643 249 710 341 ἤδη
723 264 816 333 θεοῖς
830 243 938 341 οὖσιν,
957 270 1025 335 τοις

58 359 117 422 τοῦ
133 349 243 442 Ἰησοῦ
266 354 544 442 προσαγηοχὲναι·
579 356 634 422 καλ
657 351 732 423 τινά
758 355 819 442 μὲν
837 350 950 424 αῦτῦν
967 353 1053 423 τόυι

54 452 176 542 Ἑρμῆν
195 455 292 543 εἶναι,
310 451 385 523 τινά
404 454 442 523 δὲ
459 453 517 523 τὸν
535 461 604 523 Δία
621 456 848 542 νενομικέναι,
866 460 1025 526 τοσοῦτον

59 550 172 626 αῦτῶν
201 554 259 635 τὰς
292 561 440 636 διανοίας
467 551 705 642 ἑξέπληττενη
736 559 803 624 τεόν
827 555 1025 645 παραδόξων

31 664 167 746 εέργων
186 660 350 740 ἐπίδειξις.
377 662 429 725 27.
449 659 505 726 καὶ
525 653 564 744 δὴ
578 653 665 726 οὕτω
679 659 898 746 διακειμένοις
917 655 1021 725 πάνθ’

57 754 120 826 ὅσα
143 760 221 849 περὶ
245 761 306 828 τοῦ
325 755 434 845 Ἰησοῦ
461 756 686 847 κατήγγελλον
713 754 778 846 ἤδη
803 757 919 827 λοιπόν
943 754 1024 845 άλη-

56 857 175 929 θεῦειν
193 855 338 948 εὐλόγως
353 864 551 949 ἐνομίζοντο,
569 862 623 930 καὶ
643 862 685 949 τη
700 856 782 949 μετά
799 858 858 929 τὸν
875 856 1025 929 θάνατον

57 959 238 1047 άναβιοόσει
249 959 352 1031 αὐτοῦ
366 957 427 1050 οῦχ
439 959 556 1042 ἁπλοῖς
567 957 644 1031 οὐδ’
660 959 912 1040 ἀναποδείκτοις
927 966 1023 1050 ἐμαρ-

56 1059 182 1152 τῦρουν
200 1053 326 1150 λόγοις,
347 1061 392 1131 δι’
415 1059 517 1150 αὐτῆς
537 1059 568 1131 δ’
590 1067 757 1150 ἐνεργείας
774 1069 922 1149 ἔπειθον,
942 1065 1025 1146 ζων-

19 1195 43 1233 ιο
58 1191 111 1243 τος
131 1170 210 1252 ἔργα
229 1167 462 1253 παριστάντες.
498 1169 548 1232 28.
570 1171 601 1232 εί
619 1165 655 1232 δὲ
673 1166 729 1232 καὶ
746 1161 830 1232 θεόν
848 1159 950 1232 αὐτόν
968 1165 1023 1232 καὶ

57 1271 141 1332 θεοῦ
165 1271 271 1333 παίδα
296 1263 360 1353 πρὸ
384 1269 442 1352 της
469 1271 515 1345 είς
539 1262 742 1352 ἀνθρώπους
767 1262 910 1352 ἀφίξεως
934 1265 1047 1351 παράε

56 1367 103 1454 τῷ
126 1367 227 1453 πατρὶ
250 1363 458 1453 τυγχάνοντα
481 1363 720 1453 κατήγγελλον,
746 1367 801 1433 καὶ
824 1362 930 1456 τούτῳ
955 1373 1024 1444 πως

57 1462 120 1533 οὐκ
134 1461 176 1534 άν
188 1468 393 1554 προσέθεντο
406 1471 543 1588 μᾶλλον,
563 1463 600 1534 τό
614 1468 767 1535 ἐναντίον
785 1462 925 1534 άπιστον
938 1463 1024 1534 εἶναι

58 1568 113 1634 καλ
139 1563 359 1636 άδῦνατον
341 1565 519 1694 ηγοόμενοι
553 1564 704 1654 εἰκότως,
738 1563 948 1655 λογισάμενοι
979 1564 1024 1688 μη

19 1696 43 1736 15
59 1663 229 1736 δύνασθαι
257 1671 385 1791 θνητῆς
415 1674 496 1760 ἔργα
527 1665 661 1789 φῦρεως
694 1667 780 1737 ειναι
809 1673 959 1791 νομίζειν
984 1666 1024 1736 τά

59 1765 229 1858 δρεόμενα,
247 1764 331 1839 ἄλλά
348 1773 450 1857 θεοῦ,
470 1763 533 1868 κάν
550 1798 594 1858 μη
584 1765 692 1859 λέγη
710 1798 775 1853 τις,
800 1773 850 1838 29
870 1766 959 1838 τοῦτ
981 1758 1024 1854 ἦν

56 1866 120 1959 άρα
145 1873 200 1939 καὶ
224 1868 326 1940 οὐδὲν
349 1867 429 1941 άλλο
454 1869 490 1940 τό
516 1867 715 1958 ζητηθδν’
676 1899 757 1939 αυτο
747 1864 939 1956 ’ἐκείνο,“
924 1877 1023 1960 οποίηι

56 2077 115 2140 τοῦ
129 2070 237 2160 Ἰησοῦ
255 2075 415 2161 μαθηταὶ,
434 2069 519 2141 καὶ
501 2100 590 2153 οπως
598 2070 761 2201 Ἕλληνας
774 2067 857 2161 ὁμοῦ
869 2101 924 2141 και
914 2076 1022 2160 βαι-ρ

18 2202 42 2241 ιο
57 2169 223 2263 βάρους
200 2201 244 2253 ως
263 2176 337 2262 περὶ
350 2172 452 2260 λόγου
464 2181 548 2276 θεοῦ
567 2175 698 2263 περὶ’
658 2178 762 2243 αυτοῦ
775 2190 916 2262 φρονεῖν
934 2180 1023 2242 ἕπει-

57 2293 137 2359 σαν,
165 2269 254 2354 ὅπως
283 2303 318 2343 τε
344 2278 379 2343 ἐν
404 2275 518 2361 μέσαις
541 2290 612 2353 ταῖς
635 2272 772 2344 πόλεσιν
795 2276 851 2343 καὶ
875 2272 939 2342 άνδι
966 2303 1043 2354 τας
1037 2304 1050 2342 1

57 2372 165 2463 χωρας
184 2372 393 2461 εὐσεβείας
377 2372 450 2454 ενός
463 2403 521 2444 του
510 2377 594 2444 ἐπὶ
609 2371 745 2444 πάντων
758 2377 844 2443 θεοῦ
861 2396 1024 2460 συνεστη-

57 2495 157 2545 σαντο
177 2481 402 2545 διδασκαλεῖα.
439 2480 488 2544 30.
510 2482 616 2544 καίτοι
634 2482 683 2555 τίς
701 2469 795 2544 οῦκ”
776 2502 818 2542 αν
835 2471 1023 2562 θαυμάσειε

56 2576 138 2666 πρὸς
164 2576 284 2647 ἑαυτὸν
308 2574 577 2666 ἐπιλογισάμενος
600 2578 656 2645 καὶ
675 2577 881 2664 ἐνθυμηθεὶς
900 2569 943 2655 ῦς
961 2572 1023 2643 οὐκ

18 2677 274 2769 ωάνθράπινον
298 2669 399 2766 ἦντὸ
422 2676 501 2768 μηδ’
527 2676 644 2748 άλλοτε
668 2674 733 2746 ὑπό
752 2683 833 2765 μίαν
863 2673 923 2763 την
944 2673 1023 2746 Ῥω-

56 2789 165 2867 μαίων
177 2783 335 2868 γενέσθαι
347 2780 386 2850 τά
399 2789 537 2851 πλείστα
551 2784 608 2868 τῆς
621 2781 817 2903 οίκρυμένης
831 2783 927 2864 ἔθνη,
946 2775 1019 2846 ἀλλ’

57 2879 122 2948 άπὸ
140 2885 208 2950 νῦν
225 2884 285 2951 τοῦ
297 2879 405 2969 Ἰησοῦ
424 2880 563 2972 χρόνων.
602 2879 693 2949 31.‘'
672 2910 739 2969 αμα
757 2878 821 2967 γάρ
839 2886 879 2967 τῇ
900 2878 982 2959 εἰς’
965 2909 1022 2947 αν-

56 2978 215 3070 θρώπους
234 2978 337 3050 αὐτου
323 2981 532 3075 παραδόξῳ
552 2986 710 3100 ἐπιδημίᾳ
729 2983 783 3050 καὶ
801 2977 840 3049 τά
854 2976 1023 3068 Ρωμαίων

55 3080 201 3171 ἀκμάσαι
229 3085 439 3172 συνηνέχθη,
470 3082 542 3152 τότε
571 3087 704 3172 πρῶτον
729 3078 927 3170 Αὐγούστου
956 3107 1023 3148 των

17 3217 42 3258 30
56 3192 223 3255 πλείστων
237 3187 348 3255 ἐθνῶν
359 3207 639 3274 μουαρχησαντος,
659 3180 737 3253 καθ’
756 3178 795 3252 ὃν
808 3177 1022 3268 Κλεοπάτρας

124 3423 139 3470 3
158 3422 218 3469 Act.
233 3421 272 3482 ιι,
288 3420 328 3468 ιι.
