<?xml version="1.0" encoding="UTF-8"?>
<!DOCTYPE html PUBLIC "-//W3C//DTD XHTML 1.0 Transitional//EN"
    "http://www.w3.org/TR/xhtml1/DTD/xhtml1-transitional.dtd">
<html xmlns="http://www.w3.org/1999/xhtml" xml:lang="en" lang="en">
 <head>
  <title>
</title>
<meta http-equiv="Content-Type" content="text/html;charset=utf-8" />
  <meta name='ocr-system' content='tesseract 3.04.00' />
  <meta name='ocr-capabilities' content='ocr_page ocr_carea ocr_par ocr_line ocrx_word'/>
</head>
<body>
  <div class='ocr_page' id='page_1' title='image "./eusebiicaesarie01dindgoog/eusebiicaesarie01dindgoog_0259.png"; bbox 0 0 2326 3818; ppageno 0'>
   <div class='ocr_carea' id='block_1_1' title="bbox 157 160 705 224">
    <p class='ocr_par' dir='ltr' id='par_1_1' title="bbox 157 160 705 224">
     <span class='ocr_line' id='line_1_1' title="bbox 157 160 705 224; baseline 0 -12"><span class='ocrx_word' id='word_1_1' title='bbox 157 160 216 224; x_wconf 75' lang='lat'><em>198</em></span> <span class='ocrx_word' id='word_1_2' title='bbox 558 163 705 213; x_wconf 77' lang='grc' dir='ltr'><em>υυεεοιτ</em></span> 
     </span>
    </p>
   </div>
   <div class='ocr_carea' id='block_1_2' title="bbox 84 291 1160 3532">
    <p class='ocr_par' dir='ltr' id='par_1_2' title="bbox 102 291 1122 592">
     <span class='ocr_line' id='line_1_2' title="bbox 154 291 1122 394; baseline 0.003 -24"><span class='ocrx_word' id='word_1_3' title='bbox 154 305 375 390; x_wconf 80' lang='grc' dir='ltr'><em>δεδημηκέναι</em></span> <span class='ocrx_word' id='word_1_4' title='bbox 393 304 438 394; x_wconf 73' lang='grc' dir='ltr'><em>τῷ</em></span> <span class='ocrx_word' id='word_1_5' title='bbox 456 307 537 394; x_wconf 80' lang='grc' dir='ltr'><em>βίω,</em></span> <span class='ocrx_word' id='word_1_6' title='bbox 557 291 579 390; x_wconf 84' lang='grc' dir='ltr'><em>ή</em></span> <span class='ocrx_word' id='word_1_7' title='bbox 595 299 681 392; x_wconf 90' lang='grc' dir='ltr'><em>μόνη</em></span> <span class='ocrx_word' id='word_1_8' title='bbox 700 305 754 370; x_wconf 83' lang='grc' dir='ltr'><em>καλ</em></span> <span class='ocrx_word' id='word_1_9' title='bbox 773 300 887 391; x_wconf 81' lang='grc' dir='ltr'><em>πρύτη</em></span> <span class='ocrx_word' id='word_1_10' title='bbox 905 298 944 370; x_wconf 80' lang='grc' dir='ltr'><em>τῦ</em></span> <span class='ocrx_word' id='word_1_11' title='bbox 967 304 1122 392; x_wconf 77' lang='grc' dir='ltr'><em>μηδεπώ-</em></span> 
     </span>
     <span class='ocr_line' id='line_1_3' title="bbox 124 398 1120 494; baseline 0.009 -27"><span class='ocrx_word' id='word_1_12' title='bbox 124 430 233 472; x_wconf 70' lang='grc' dir='ltr'><em>εποτε</em></span> <span class='ocrx_word' id='word_1_13' title='bbox 260 399 340 492; x_wconf 92' lang='grc' dir='ltr'><em>παρ’</em></span> <span class='ocrx_word' id='word_1_14' title='bbox 368 398 560 491; x_wconf 75' lang='grc' dir='ltr'><em>ἀνθρώποις</em></span> <span class='ocrx_word' id='word_1_15' title='bbox 590 406 866 491; x_wconf 84' lang='grc' dir='ltr'><em>μνημονευθέντα</em></span> <span class='ocrx_word' id='word_1_16' title='bbox 890 403 1120 494; x_wconf 79' lang='grc' dir='ltr'><em>κατώρθωται.</em></span> 
     </span>
     <span class='ocr_line' id='line_1_4' title="bbox 102 494 829 592; baseline -0.003 -16"><span class='ocrx_word' id='word_1_17' title='bbox 102 525 141 577; x_wconf 73' lang='grc' dir='ltr'><em>[8ο]</em></span> <span class='ocrx_word' id='word_1_18' title='bbox 154 500 236 573; x_wconf 84' lang='grc' dir='ltr'><em>ιἰλλῦ</em></span> <span class='ocrx_word' id='word_1_19' title='bbox 255 507 310 573; x_wconf 86' lang='grc' dir='ltr'><em>καὶ</em></span> <span class='ocrx_word' id='word_1_20' title='bbox 328 506 431 572; x_wconf 88' lang='grc' dir='ltr'><em>ταῦτα</em></span> <span class='ocrx_word' id='word_1_21' title='bbox 449 504 510 590; x_wconf 69' lang='grc' dir='ltr'><em>μὲν</em></span> <span class='ocrx_word' id='word_1_22' title='bbox 528 494 594 572; x_wconf 74' lang='grc' dir='ltr'><em>ὦδε</em></span> <span class='ocrx_word' id='word_1_23' title='bbox 612 506 703 584; x_wconf 79' lang='grc' dir='ltr'><em>τέλος</em></span> <span class='ocrx_word' id='word_1_24' title='bbox 722 507 829 592; x_wconf 79' lang='grc' dir='ltr'><em>ἐχέτω.</em></span> 
     </span>
    </p>

    <p class='ocr_par' dir='ltr' id='par_1_3' title="bbox 150 600 1158 1609">
     <span class='ocr_line' id='line_1_5' title="bbox 230 600 1120 697; baseline 0.007 -26"><span class='ocrx_word' id='word_1_25' title='bbox 230 611 279 676; x_wconf 80' lang='lat'><em>34.</em></span> <span class='ocrx_word' id='word_1_26' title='bbox 303 603 413 674; x_wconf 81' lang='grc' dir='ltr'><em>Πόλιν</em></span> <span class='ocrx_word' id='word_1_27' title='bbox 432 605 468 673; x_wconf 68' lang='grc' dir='ltr'><em>δὲ</em></span> <span class='ocrx_word' id='word_1_28' title='bbox 488 607 541 673; x_wconf 82' lang='grc' dir='ltr'><em>ἐπὶ</em></span> <span class='ocrx_word' id='word_1_29' title='bbox 558 603 616 674; x_wconf 86' lang='grc' dir='ltr'><em>τὸν</em></span> <span class='ocrx_word' id='word_1_30' title='bbox 635 600 681 673; x_wconf 79' lang='grc' dir='ltr'><em>δι’</em></span> <span class='ocrx_word' id='word_1_31' title='bbox 702 607 853 685; x_wconf 81' lang='grc' dir='ltr'><strong><em>ἐναντίας</em></strong></span> <span class='ocrx_word' id='word_1_32' title='bbox 872 608 978 694; x_wconf 82' lang='grc' dir='ltr'><em>ἰτέον,</em></span> <span class='ocrx_word' id='word_1_33' title='bbox 999 611 1120 697; x_wconf 85' lang='grc' dir='ltr'><em>ἐρωτη-</em></span> 
     </span>
     <span class='ocr_line' id='line_1_6' title="bbox 153 702 1146 798; baseline -0.001 -20"><span class='ocrx_word' id='word_1_34' title='bbox 153 710 228 778; x_wconf 78' lang='grc' dir='ltr'><em>τίον</em></span> <span class='ocrx_word' id='word_1_35' title='bbox 245 736 281 778; x_wconf 90' lang='grc' dir='ltr'><em>τε</em></span> <span class='ocrx_word' id='word_1_36' title='bbox 310 718 343 776; x_wconf 89' lang='grc' dir='ltr'><em>εί</em></span> <span class='ocrx_word' id='word_1_37' title='bbox 362 733 442 776; x_wconf 92' lang='grc' dir='ltr'><em>ποτε</em></span> <span class='ocrx_word' id='word_1_38' title='bbox 466 703 654 794; x_wconf 75' lang='grc' dir='ltr'><em>ὀφθαλμοῖς</em></span> <span class='ocrx_word' id='word_1_39' title='bbox 679 704 768 776; x_wconf 82' lang='grc' dir='ltr'><em>εἶδεν</em></span> <span class='ocrx_word' id='word_1_40' title='bbox 792 702 813 794; x_wconf 84' lang='grc' dir='ltr'><em>ή</em></span> <span class='ocrx_word' id='word_1_41' title='bbox 837 704 919 798; x_wconf 79' lang='grc' dir='ltr'><em>ῦκοή</em></span> <span class='ocrx_word' id='word_1_42' title='bbox 939 716 1024 795; x_wconf 82' lang='grc' dir='ltr'><em>ἔγνω</em></span> <span class='ocrx_word' id='word_1_43' title='bbox 1043 707 1146 798; x_wconf 79' lang='grc' dir='ltr'><em>γόηε</em></span> 
     </span>
     <span class='ocr_line' id='line_1_7' title="bbox 153 808 1121 898; baseline 0.002 -20"><span class='ocrx_word' id='word_1_44' title='bbox 153 808 210 889; x_wconf 82' lang='grc' dir='ltr'><em>τός</em></span> <span class='ocrx_word' id='word_1_45' title='bbox 234 837 270 878; x_wconf 92' lang='grc' dir='ltr'><em>τε</em></span> <span class='ocrx_word' id='word_1_46' title='bbox 294 809 349 877; x_wconf 84' lang='grc' dir='ltr'><em>καὶ</em></span> <span class='ocrx_word' id='word_1_47' title='bbox 373 809 566 895; x_wconf 75' lang='grc' dir='ltr'><strong><em>φαρμακέας</em></strong></span> <span class='ocrx_word' id='word_1_48' title='bbox 590 813 666 896; x_wconf 83' lang='grc' dir='ltr'><em>δίχα</em></span> <span class='ocrx_word' id='word_1_49' title='bbox 690 811 848 877; x_wconf 75' lang='grc' dir='ltr'><em>σπονδῶν</em></span> <span class='ocrx_word' id='word_1_50' title='bbox 875 811 930 877; x_wconf 84' lang='grc' dir='ltr'><em>καλ</em></span> <span class='ocrx_word' id='word_1_51' title='bbox 956 808 1121 898; x_wconf 76' lang='grc' dir='ltr'><em>θυμάτων</em></span> 
     </span>
     <span class='ocr_line' id='line_1_8' title="bbox 152 905 1120 998; baseline 0.001 -20"><span class='ocrx_word' id='word_1_52' title='bbox 152 914 206 979; x_wconf 82' lang='grc' dir='ltr'><em>καλ</em></span> <span class='ocrx_word' id='word_1_53' title='bbox 228 907 396 998; x_wconf 78' lang='grc' dir='ltr'><em>δαιμόνων</em></span> <span class='ocrx_word' id='word_1_54' title='bbox 421 905 621 995; x_wconf 75' lang='grc' dir='ltr'><em>ἐπικλήσεως</em></span> <span class='ocrx_word' id='word_1_55' title='bbox 645 911 756 977; x_wconf 75' lang='grc' dir='ltr'><em>τεκαὶ</em></span> <span class='ocrx_word' id='word_1_56' title='bbox 781 915 965 997; x_wconf 83' lang='grc' dir='ltr'><strong><em>παρουσίας</em></strong></span> <span class='ocrx_word' id='word_1_57' title='bbox 982 910 1120 998; x_wconf 89' lang='grc' dir='ltr'><em>γοητεύ-</em></span> 
     </span>
     <span class='ocr_line' id='line_1_9' title="bbox 152 999 1120 1100; baseline -0.002 -20"><span class='ocrx_word' id='word_1_58' title='bbox 152 1039 259 1089; x_wconf 88' lang='grc' dir='ltr'><em>οντας.</em></span> <span class='ocrx_word' id='word_1_59' title='bbox 287 1007 332 1098; x_wconf 90' lang='grc' dir='ltr'><em>μή</em></span> <span class='ocrx_word' id='word_1_60' title='bbox 350 1037 380 1077; x_wconf 93' lang='grc' dir='ltr'><em>τι</em></span> <span class='ocrx_word' id='word_1_61' title='bbox 392 999 454 1078; x_wconf 88' lang='grc' dir='ltr'><em>οῦν</em></span> <span class='ocrx_word' id='word_1_62' title='bbox 468 1007 615 1078; x_wconf 74' lang='grc' dir='ltr'><em>καὶκατὰ</em></span> <span class='ocrx_word' id='word_1_63' title='bbox 633 1013 692 1079; x_wconf 86' lang='grc' dir='ltr'><em>τοῦ</em></span> <span class='ocrx_word' id='word_1_64' title='bbox 710 1012 857 1100; x_wconf 83' lang='grc' dir='ltr'><em>σωτήρος</em></span> <span class='ocrx_word' id='word_1_65' title='bbox 871 1009 976 1099; x_wconf 80' lang='grc' dir='ltr'><em>ήμεῦν,</em></span> <span class='ocrx_word' id='word_1_66' title='bbox 995 1005 1016 1097; x_wconf 83' lang='grc' dir='ltr'><em>ή</em></span> <span class='ocrx_word' id='word_1_67' title='bbox 1034 1010 1120 1079; x_wconf 79' lang='grc' dir='ltr'><em>κατὰ</em></span> 
     </span>
     <span class='ocr_line' id='line_1_10' title="bbox 151 1107 1119 1200; baseline 0.002 -20"><span class='ocrx_word' id='word_1_68' title='bbox 151 1116 218 1180; x_wconf 87' lang='grc' dir='ltr'><em>των</em></span> <span class='ocrx_word' id='word_1_69' title='bbox 238 1109 344 1180; x_wconf 81' lang='grc' dir='ltr'><em>αὐτοῦ</em></span> <span class='ocrx_word' id='word_1_70' title='bbox 361 1108 485 1199; x_wconf 89' lang='grc' dir='ltr'><em>λόγων,</em></span> <span class='ocrx_word' id='word_1_71' title='bbox 506 1107 525 1198; x_wconf 85' lang='grc' dir='ltr'><em>ή</em></span> <span class='ocrx_word' id='word_1_72' title='bbox 544 1108 626 1180; x_wconf 82' lang='grc' dir='ltr'><em>κατόι</em></span> <span class='ocrx_word' id='word_1_73' title='bbox 643 1116 711 1180; x_wconf 80' lang='grc' dir='ltr'><em>τῶν</em></span> <span class='ocrx_word' id='word_1_74' title='bbox 729 1115 828 1180; x_wconf 79' lang='grc' dir='ltr'><em>είσέτι</em></span> <span class='ocrx_word' id='word_1_75' title='bbox 846 1117 912 1181; x_wconf 91' lang='grc' dir='ltr'><em>νῦν</em></span> <span class='ocrx_word' id='word_1_76' title='bbox 930 1108 1119 1200; x_wconf 81' lang='grc' dir='ltr'><em>ζηλούντων</em></span> 
     </span>
     <span class='ocr_line' id='line_1_11' title="bbox 151 1209 1158 1303; baseline 0.001 -22"><span class='ocrx_word' id='word_1_77' title='bbox 151 1209 208 1281; x_wconf 89' lang='grc' dir='ltr'><em>τόν</em></span> <span class='ocrx_word' id='word_1_78' title='bbox 228 1209 331 1283; x_wconf 89' lang='grc' dir='ltr'><em>αῦτοῦ</em></span> <span class='ocrx_word' id='word_1_79' title='bbox 350 1219 444 1299; x_wconf 87' lang='grc' dir='ltr'><em>βίον,</em></span> <span class='ocrx_word' id='word_1_80' title='bbox 472 1218 537 1301; x_wconf 80' lang='grc' dir='ltr'><em>ἔχει</em></span> <span class='ocrx_word' id='word_1_81' title='bbox 561 1240 609 1290; x_wconf 90' lang='grc' dir='ltr'><em>τις</em></span> <span class='ocrx_word' id='word_1_82' title='bbox 633 1210 791 1301; x_wconf 79' lang='grc' dir='ltr'><em>τοιαύτην</em></span> <span class='ocrx_word' id='word_1_83' title='bbox 810 1216 981 1303; x_wconf 77' lang='grc' dir='ltr'><em>ἐπιφέρειν</em></span> <span class='ocrx_word' id='word_1_84' title='bbox 1006 1219 1115 1300; x_wconf 89' lang='grc' dir='ltr'><em>διαβο·</em></span> <span class='ocrx_word' id='word_1_85' title='bbox 1133 1242 1158 1282; x_wconf 87' lang='lat'><em>10</em></span> 
     </span>
     <span class='ocr_line' id='line_1_12' title="bbox 152 1307 1119 1405; baseline 0.001 -23"><span class='ocrx_word' id='word_1_86' title='bbox 152 1310 231 1402; x_wconf 89' lang='grc' dir='ltr'><em>λήν;</em></span> <span class='ocrx_word' id='word_1_87' title='bbox 251 1312 327 1403; x_wconf 81' lang='grc' dir='ltr'><em>οὐχὶ</em></span> <span class='ocrx_word' id='word_1_88' title='bbox 346 1315 401 1383; x_wconf 81' lang='grc' dir='ltr'><em>καὶ</em></span> <span class='ocrx_word' id='word_1_89' title='bbox 419 1315 536 1405; x_wconf 74' lang='grc' dir='ltr'><em>τυφλῷ</em></span> <span class='ocrx_word' id='word_1_90' title='bbox 555 1316 658 1400; x_wconf 88' lang='grc' dir='ltr'><em>δήλου</em></span> <span class='ocrx_word' id='word_1_91' title='bbox 676 1307 720 1392; x_wconf 77' lang='grc' dir='ltr'><em>ῦς</em></span> <span class='ocrx_word' id='word_1_92' title='bbox 740 1317 807 1382; x_wconf 82' lang='grc' dir='ltr'><em>πᾶν</em></span> <span class='ocrx_word' id='word_1_93' title='bbox 825 1312 1025 1383; x_wconf 92' lang='grc' dir='ltr'><em>τοῦναντίον</em></span> <span class='ocrx_word' id='word_1_94' title='bbox 1042 1313 1119 1384; x_wconf 89' lang='grc' dir='ltr'><em>τού-</em></span> 
     </span>
     <span class='ocr_line' id='line_1_13' title="bbox 150 1409 1119 1505; baseline 0.001 -21"><span class='ocrx_word' id='word_1_95' title='bbox 150 1444 217 1495; x_wconf 90' lang='grc' dir='ltr'><em>τοις</em></span> <span class='ocrx_word' id='word_1_96' title='bbox 244 1414 339 1505; x_wconf 82' lang='grc' dir='ltr'><em>ήμεῑς</em></span> <span class='ocrx_word' id='word_1_97' title='bbox 371 1420 405 1484; x_wconf 88' lang='grc' dir='ltr'><em>οί</em></span> <span class='ocrx_word' id='word_1_98' title='bbox 434 1413 474 1484; x_wconf 82' lang='grc' dir='ltr'><em>τὰ</em></span> <span class='ocrx_word' id='word_1_99' title='bbox 497 1409 604 1502; x_wconf 82' lang='grc' dir='ltr'><em>Ἰησοῦ</em></span> <span class='ocrx_word' id='word_1_100' title='bbox 637 1417 840 1502; x_wconf 77' lang='grc' dir='ltr'><em>φρονοῦντες</em></span> <span class='ocrx_word' id='word_1_101' title='bbox 868 1413 1119 1503; x_wconf 78' lang='grc' dir='ltr'><em>ἐπιτηδεύομεν,</em></span> 
     </span>
     <span class='ocr_line' id='line_1_14' title="bbox 150 1511 1121 1609; baseline 0 -23"><span class='ocrx_word' id='word_1_102' title='bbox 150 1520 275 1586; x_wconf 77' lang='grc' dir='ltr'><em>θᾶττον</em></span> <span class='ocrx_word' id='word_1_103' title='bbox 306 1518 368 1605; x_wconf 67' lang='grc' dir='ltr'><em>μὲν</em></span> <span class='ocrx_word' id='word_1_104' title='bbox 394 1513 531 1609; x_wconf 83' lang='grc' dir='ltr'><em>θανότω</em></span> <span class='ocrx_word' id='word_1_105' title='bbox 555 1512 616 1603; x_wconf 89' lang='grc' dir='ltr'><em>τήν</em></span> <span class='ocrx_word' id='word_1_106' title='bbox 647 1511 801 1603; x_wconf 81' lang='grc' dir='ltr'><em>ψυχήνή</em></span> <span class='ocrx_word' id='word_1_107' title='bbox 834 1522 968 1603; x_wconf 94' lang='grc' dir='ltr'><em>δαίμοσι</em></span> <span class='ocrx_word' id='word_1_108' title='bbox 991 1524 1121 1586; x_wconf 91' lang='grc' dir='ltr'><em>θυσίαν</em></span> 
     </span>
    </p>

    <p class='ocr_par' dir='ltr' id='par_1_4' title="bbox 84 1615 1160 3532">
     <span class='ocr_line' id='line_1_15' title="bbox 123 1615 1121 1707; baseline -0.001 -20"><span class='ocrx_word' id='word_1_109' title='bbox 123 1622 314 1707; x_wconf 74' lang='grc' dir='ltr'><em>απροέσθαι</em></span> <span class='ocrx_word' id='word_1_110' title='bbox 332 1620 536 1706; x_wconf 74' lang='grc' dir='ltr'><em>τολμῶντες,</em></span> <span class='ocrx_word' id='word_1_111' title='bbox 560 1620 685 1686; x_wconf 81' lang='grc' dir='ltr'><em>θᾶττον</em></span> <span class='ocrx_word' id='word_1_112' title='bbox 704 1617 741 1685; x_wconf 73' lang='grc' dir='ltr'><em>δὲ</em></span> <span class='ocrx_word' id='word_1_113' title='bbox 764 1621 821 1703; x_wconf 80' lang='grc' dir='ltr'><em>τῆς</em></span> <span class='ocrx_word' id='word_1_114' title='bbox 846 1621 928 1703; x_wconf 79' lang='grc' dir='ltr'><em>ζωής</em></span> <span class='ocrx_word' id='word_1_115' title='bbox 949 1615 1121 1705; x_wconf 77' lang='grc' dir='ltr'><em>ἐξιστάμε-</em></span> 
     </span>
     <span class='ocr_line' id='line_1_16' title="bbox 150 1713 1160 1808; baseline -0.002 -21"><span class='ocrx_word' id='word_1_116' title='bbox 150 1747 202 1787; x_wconf 90' lang='grc' dir='ltr'><em>νοι</em></span> <span class='ocrx_word' id='word_1_117' title='bbox 217 1714 236 1805; x_wconf 86' lang='grc' dir='ltr'><em>ή</em></span> <span class='ocrx_word' id='word_1_118' title='bbox 251 1736 319 1798; x_wconf 77' lang='grc' dir='ltr'><em>τοῖς</em></span> <span class='ocrx_word' id='word_1_119' title='bbox 333 1733 492 1808; x_wconf 78' lang='grc' dir='ltr'><em>πονηροῖς</em></span> <span class='ocrx_word' id='word_1_120' title='bbox 507 1725 640 1804; x_wconf 89' lang='grc' dir='ltr'><em>δαίμοσι</em></span> <span class='ocrx_word' id='word_1_121' title='bbox 656 1720 871 1805; x_wconf 79' lang='grc' dir='ltr'><em>δουλωθῆναι</em></span> <span class='ocrx_word' id='word_1_122' title='bbox 885 1713 1117 1806; x_wconf 73' lang='grc' dir='ltr'><em>ὑπομένοντες.</em></span> <span class='ocrx_word' id='word_1_123' title='bbox 1134 1744 1160 1786; x_wconf 77' lang='grc' dir='ltr'><em>τε</em></span> 
     </span>
     <span class='ocr_line' id='line_1_17' title="bbox 150 1815 1120 1910; baseline 0 -23"><span class='ocrx_word' id='word_1_124' title='bbox 150 1824 200 1888; x_wconf 76' lang='grc'><em>35,</em></span> <span class='ocrx_word' id='word_1_125' title='bbox 221 1826 270 1899; x_wconf 90' lang='grc' dir='ltr'><em>τίς</em></span> <span class='ocrx_word' id='word_1_126' title='bbox 295 1821 331 1889; x_wconf 72' lang='grc' dir='ltr'><em>δὲ</em></span> <span class='ocrx_word' id='word_1_127' title='bbox 354 1815 416 1889; x_wconf 89' lang='grc' dir='ltr'><em>οῦκ</em></span> <span class='ocrx_word' id='word_1_128' title='bbox 438 1818 532 1888; x_wconf 80' lang='grc' dir='ltr'><em>οἶδεν</em></span> <span class='ocrx_word' id='word_1_129' title='bbox 555 1817 643 1900; x_wconf 83' lang='grc' dir='ltr'><em>ὅπως</em></span> <span class='ocrx_word' id='word_1_130' title='bbox 667 1816 732 1888; x_wconf 92' lang='grc' dir='ltr'><em>σῦν</em></span> <span class='ocrx_word' id='word_1_131' title='bbox 756 1815 840 1909; x_wconf 79' lang='grc' dir='ltr'><em>αὐτῇ</em></span> <span class='ocrx_word' id='word_1_132' title='bbox 864 1822 906 1910; x_wconf 80' lang='grc' dir='ltr'><em>τή</em></span> <span class='ocrx_word' id='word_1_133' title='bbox 928 1823 987 1888; x_wconf 87' lang='grc' dir='ltr'><em>τοῦ</em></span> <span class='ocrx_word' id='word_1_134' title='bbox 1007 1817 1120 1906; x_wconf 85' lang='grc' dir='ltr'><em>Ἰησοῦ</em></span> 
     </span>
     <span class='ocr_line' id='line_1_18' title="bbox 150 1917 1119 2011; baseline 0 -22"><span class='ocrx_word' id='word_1_135' title='bbox 150 1930 357 2011; x_wconf 82' lang='grc' dir='ltr'><em>προσηγορία</em></span> <span class='ocrx_word' id='word_1_136' title='bbox 372 1922 427 1989; x_wconf 81' lang='grc' dir='ltr'><em>καὶ</em></span> <span class='ocrx_word' id='word_1_137' title='bbox 441 1919 506 1988; x_wconf 88' lang='grc' dir='ltr'><em>σῦν</em></span> <span class='ocrx_word' id='word_1_138' title='bbox 521 1917 633 2008; x_wconf 80' lang='grc' dir='ltr'><em>εὐχαῖς</em></span> <span class='ocrx_word' id='word_1_139' title='bbox 643 1919 894 2009; x_wconf 83' lang='grc' dir='ltr'><em>καθαρωτύταις</em></span> <span class='ocrx_word' id='word_1_140' title='bbox 909 1923 976 1989; x_wconf 83' lang='grc' dir='ltr'><em>πᾶν</em></span> <span class='ocrx_word' id='word_1_141' title='bbox 990 1920 1026 1989; x_wconf 86' lang='grc' dir='ltr'><em>τό</em></span> <span class='ocrx_word' id='word_1_142' title='bbox 1047 1925 1119 1989; x_wconf 93' lang='grc' dir='ltr'><em>δαι-</em></span> 
     </span>
     <span class='ocr_line' id='line_1_19' title="bbox 150 2012 1120 2110; baseline 0.002 -20"><span class='ocrx_word' id='word_1_143' title='bbox 150 2020 263 2110; x_wconf 88' lang='grc' dir='ltr'><em>μόνων</em></span> <span class='ocrx_word' id='word_1_144' title='bbox 282 2030 379 2110; x_wconf 82' lang='grc' dir='ltr'><em>ἒργου</em></span> <span class='ocrx_word' id='word_1_145' title='bbox 398 2018 602 2090; x_wconf 80' lang='grc' dir='ltr'><em>ἀπελαύνειν</em></span> <span class='ocrx_word' id='word_1_146' title='bbox 625 2019 705 2110; x_wconf 80' lang='grc' dir='ltr'><em>ήμλν</em></span> <span class='ocrx_word' id='word_1_147' title='bbox 728 2027 829 2109; x_wconf 92' lang='grc' dir='ltr'><em>φίλον</em></span> <span class='ocrx_word' id='word_1_148' title='bbox 853 2025 960 2106; x_wconf 68' lang='grc' dir='ltr'><em>ἕστίνς</em></span> <span class='ocrx_word' id='word_1_149' title='bbox 986 2012 1120 2103; x_wconf 87' lang='grc' dir='ltr'><em>οῦτοςδ</em></span> 
     </span>
     <span class='ocr_line' id='line_1_20' title="bbox 150 2118 1120 2213; baseline 0.003 -22"><span class='ocrx_word' id='word_1_150' title='bbox 150 2125 209 2191; x_wconf 87' lang='grc' dir='ltr'><em>τοῦ</em></span> <span class='ocrx_word' id='word_1_151' title='bbox 225 2118 333 2210; x_wconf 84' lang='grc' dir='ltr'><em>Ἰησοῦ</em></span> <span class='ocrx_word' id='word_1_152' title='bbox 350 2120 447 2210; x_wconf 81' lang='grc' dir='ltr'><em>λόγος</em></span> <span class='ocrx_word' id='word_1_153' title='bbox 472 2125 526 2191; x_wconf 81' lang='grc' dir='ltr'><em>καὶ</em></span> <span class='ocrx_word' id='word_1_154' title='bbox 546 2120 566 2209; x_wconf 87' lang='grc' dir='ltr'><em>ή</em></span> <span class='ocrx_word' id='word_1_155' title='bbox 585 2121 661 2213; x_wconf 90' lang='grc' dir='ltr'><em>παρ’</em></span> <span class='ocrx_word' id='word_1_156' title='bbox 692 2118 798 2192; x_wconf 86' lang='grc' dir='ltr'><em>αύτοῦ</em></span> <span class='ocrx_word' id='word_1_157' title='bbox 815 2129 1015 2192; x_wconf 92' lang='grc' dir='ltr'><em>διδασκαλία</em></span> <span class='ocrx_word' id='word_1_158' title='bbox 1033 2123 1120 2194; x_wconf 89' lang='grc' dir='ltr'><em>πολῦ</em></span> 
     </span>
     <span class='ocr_line' id='line_1_21' title="bbox 151 2220 1160 2313; baseline 0.001 -21"><span class='ocrx_word' id='word_1_159' title='bbox 151 2230 319 2312; x_wconf 83' lang='grc' dir='ltr'><em>κρείττους</em></span> <span class='ocrx_word' id='word_1_160' title='bbox 338 2227 395 2311; x_wconf 89' lang='grc' dir='ltr'><em>τής</em></span> <span class='ocrx_word' id='word_1_161' title='bbox 409 2220 553 2313; x_wconf 81' lang='grc' dir='ltr'><em>ῦορύτου</em></span> <span class='ocrx_word' id='word_1_162' title='bbox 562 2222 682 2311; x_wconf 89' lang='grc' dir='ltr'><em>ταύτης</em></span> <span class='ocrx_word' id='word_1_163' title='bbox 698 2221 870 2313; x_wconf 74' lang='grc' dir='ltr'><em>δυνάμεως</em></span> <span class='ocrx_word' id='word_1_164' title='bbox 889 2222 1015 2304; x_wconf 81' lang='grc' dir='ltr'><em>πάντας</em></span> <span class='ocrx_word' id='word_1_165' title='bbox 1032 2221 1160 2312; x_wconf 76' lang='grc' dir='ltr'><em>ήμᾶςερ</em></span> 
     </span>
     <span class='ocr_line' id='line_1_22' title="bbox 151 2322 1144 2415; baseline 0.002 -22"><span class='ocrx_word' id='word_1_166' title='bbox 151 2322 389 2415; x_wconf 73' lang='grc' dir='ltr'><em>ἀπειργάσατο,</em></span> <span class='ocrx_word' id='word_1_167' title='bbox 420 2323 561 2415; x_wconf 80' lang='grc' dir='ltr'><em>ἐχθρούς</em></span> <span class='ocrx_word' id='word_1_168' title='bbox 588 2351 624 2394; x_wconf 91' lang='grc' dir='ltr'><em>τε</em></span> <span class='ocrx_word' id='word_1_169' title='bbox 648 2325 817 2414; x_wconf 90' lang='grc' dir='ltr'><em>δαιμόνων</em></span> <span class='ocrx_word' id='word_1_170' title='bbox 846 2327 901 2394; x_wconf 81' lang='grc' dir='ltr'><em>καὶ</em></span> <span class='ocrx_word' id='word_1_171' title='bbox 927 2332 1119 2415; x_wconf 89' lang='grc' dir='ltr'><em>πολεμίους,</em></span> <span class='ocrx_word' id='word_1_172' title='bbox 1141 2370 1144 2375; x_wconf 84' lang='grc'><em>·</em></span> 
     </span>
     <span class='ocr_line' id='line_1_23' title="bbox 150 2421 1121 2516; baseline 0.002 -22"><span class='ocrx_word' id='word_1_173' title='bbox 150 2423 225 2496; x_wconf 78' lang='grc' dir='ltr'><em>ἀλλ’</em></span> <span class='ocrx_word' id='word_1_174' title='bbox 245 2426 285 2498; x_wconf 88' lang='grc' dir='ltr'><em>οὐ</em></span> <span class='ocrx_word' id='word_1_175' title='bbox 304 2435 423 2516; x_wconf 89' lang='grc' dir='ltr'><em>φίλους</em></span> <span class='ocrx_word' id='word_1_176' title='bbox 442 2423 522 2497; x_wconf 76' lang='grc' dir='ltr'><em>οῦδὲ</em></span> <span class='ocrx_word' id='word_1_177' title='bbox 540 2424 717 2514; x_wconf 83' lang='grc' dir='ltr'><em>συνήθεις,</em></span> <span class='ocrx_word' id='word_1_178' title='bbox 737 2430 863 2495; x_wconf 90' lang='grc' dir='ltr'><em>πολλοῦ</em></span> <span class='ocrx_word' id='word_1_179' title='bbox 881 2432 936 2495; x_wconf 75' lang='grc' dir='ltr'><em>δεῖ</em></span> <span class='ocrx_word' id='word_1_180' title='bbox 950 2421 1121 2513; x_wconf 80' lang='grc' dir='ltr'><em>ὑπηκόους</em></span> 
     </span>
     <span class='ocr_line' id='line_1_24' title="bbox 84 2524 1119 2619; baseline 0.004 -26"><span class='ocrx_word' id='word_1_181' title='bbox 84 2554 138 2606; x_wconf 78' lang='lat'>(133)</span> <span class='ocrx_word' id='word_1_182' title='bbox 151 2533 206 2598; x_wconf 80' lang='grc' dir='ltr'><em>καί</em></span> <span class='ocrx_word' id='word_1_183' title='bbox 224 2525 437 2619; x_wconf 88' lang='grc' dir='ltr'><em>ῦποχειρίους</em></span> <span class='ocrx_word' id='word_1_184' title='bbox 462 2529 548 2598; x_wconf 75' lang='grc' dir='ltr'><em>εἶναι</em></span> <span class='ocrx_word' id='word_1_185' title='bbox 572 2526 830 2617; x_wconf 90' lang='grc' dir='ltr'><em>παρεσκεύασεν.</em></span> <span class='ocrx_word' id='word_1_186' title='bbox 876 2531 926 2596; x_wconf 83' lang='grc'><em>36.</em></span> <span class='ocrx_word' id='word_1_187' title='bbox 947 2524 964 2594; x_wconf 89' lang='grc' dir='ltr'>ὁ</span> <span class='ocrx_word' id='word_1_188' title='bbox 989 2524 1031 2614; x_wconf 87' lang='grc' dir='ltr'><em>δή</em></span> <span class='ocrx_word' id='word_1_189' title='bbox 1050 2556 1119 2597; x_wconf 88' lang='grc' dir='ltr'><em>τοι·</em></span> 
     </span>
     <span class='ocr_line' id='line_1_25' title="bbox 152 2624 1121 2719; baseline -0.003 -19"><span class='ocrx_word' id='word_1_190' title='bbox 152 2628 270 2710; x_wconf 87' lang='grc' dir='ltr'><em>ούτους</em></span> <span class='ocrx_word' id='word_1_191' title='bbox 289 2626 372 2719; x_wconf 86' lang='grc' dir='ltr'><em>ήμᾶς</em></span> <span class='ocrx_word' id='word_1_192' title='bbox 398 2627 599 2716; x_wconf 73' lang='grc' dir='ltr'><em>προαγαγών</em></span> <span class='ocrx_word' id='word_1_193' title='bbox 622 2631 691 2709; x_wconf 79' lang='grc' dir='ltr'><em>πως</em></span> <span class='ocrx_word' id='word_1_194' title='bbox 715 2624 757 2697; x_wconf 76' lang='grc' dir='ltr'><em>όν</em></span> <span class='ocrx_word' id='word_1_195' title='bbox 783 2625 881 2710; x_wconf 83' lang='grc' dir='ltr'><em>αὐτός</em></span> <span class='ocrx_word' id='word_1_196' title='bbox 900 2632 1019 2707; x_wconf 90' lang='grc' dir='ltr'><em>δοῦλος</em></span> <span class='ocrx_word' id='word_1_197' title='bbox 1046 2630 1121 2716; x_wconf 91' lang='grc' dir='ltr'><em>ε’γε-</em></span> 
     </span>
     <span class='ocr_line' id='line_1_26' title="bbox 151 2724 1160 2818; baseline 0 -20"><span class='ocrx_word' id='word_1_198' title='bbox 151 2729 244 2816; x_wconf 87' lang='grc' dir='ltr'><em>γόνει</em></span> <span class='ocrx_word' id='word_1_199' title='bbox 264 2729 450 2817; x_wconf 84' lang='grc' dir='ltr'><em>δαιμόνων;</em></span> <span class='ocrx_word' id='word_1_200' title='bbox 469 2733 539 2808; x_wconf 73' lang='grc' dir='ltr'><em>πῶς</em></span> <span class='ocrx_word' id='word_1_201' title='bbox 559 2727 589 2796; x_wconf 88' lang='grc' dir='ltr'><em>δ’</em></span> <span class='ocrx_word' id='word_1_202' title='bbox 611 2724 654 2798; x_wconf 77' lang='grc' dir='ltr'><em>δν</em></span> <span class='ocrx_word' id='word_1_203' title='bbox 671 2744 739 2809; x_wconf 78' lang='grc' dir='ltr'><em>τοῖς</em></span> <span class='ocrx_word' id='word_1_204' title='bbox 757 2744 914 2818; x_wconf 74' lang='grc' dir='ltr'><em>πονηροῖς</em></span> <span class='ocrx_word' id='word_1_205' title='bbox 928 2727 1120 2818; x_wconf 83' lang='grc' dir='ltr'><em>πνεύμασιν</em></span> <span class='ocrx_word' id='word_1_206' title='bbox 1133 2756 1160 2798; x_wconf 79' lang='grc' dir='ltr'><em>κε</em></span> 
     </span>
     <span class='ocr_line' id='line_1_27' title="bbox 90 2825 1121 2918; baseline 0.002 -20"><span class='ocrx_word' id='word_1_207' title='bbox 90 2841 96 2847; x_wconf 76' lang='grc'><strong>’</strong></span> <span class='ocrx_word' id='word_1_208' title='bbox 152 2835 294 2915; x_wconf 80' lang='grc' dir='ltr'><em>ἔθνσεν;</em></span> <span class='ocrx_word' id='word_1_209' title='bbox 322 2825 342 2917; x_wconf 86' lang='grc' dir='ltr'><em>ή</em></span> <span class='ocrx_word' id='word_1_210' title='bbox 370 2837 440 2911; x_wconf 79' lang='grc' dir='ltr'><em>πῶς</em></span> <span class='ocrx_word' id='word_1_211' title='bbox 467 2828 616 2917; x_wconf 83' lang='grc' dir='ltr'><em>βοηθούς</em></span> <span class='ocrx_word' id='word_1_212' title='bbox 644 2835 804 2918; x_wconf 91' lang='grc' dir='ltr'><em>δαίμονας</em></span> <span class='ocrx_word' id='word_1_213' title='bbox 830 2834 1049 2900; x_wconf 83' lang='grc' dir='ltr'><em>ἐπεκαλέσατο</em></span> <span class='ocrx_word' id='word_1_214' title='bbox 1082 2833 1121 2901; x_wconf 82' lang='grc' dir='ltr'><em>ἐν</em></span> 
     </span>
     <span class='ocr_line' id='line_1_28' title="bbox 151 2928 1120 3021; baseline 0 -21"><span class='ocrx_word' id='word_1_215' title='bbox 151 2947 222 3012; x_wconf 74' lang='grc' dir='ltr'><em>ταῖς</em></span> <span class='ocrx_word' id='word_1_216' title='bbox 248 2935 557 3021; x_wconf 82' lang='grc' dir='ltr'><em>παραδοξοποιίαις,</em></span> <span class='ocrx_word' id='word_1_217' title='bbox 582 2928 682 3000; x_wconf 88' lang='grc' dir='ltr'><em>ὁπότε</em></span> <span class='ocrx_word' id='word_1_218' title='bbox 707 2933 807 3000; x_wconf 83' lang='grc' dir='ltr'><em>είσίτι</em></span> <span class='ocrx_word' id='word_1_219' title='bbox 831 2935 931 3021; x_wconf 88' lang='grc' dir='ltr'><em>δεῦρο</em></span> <span class='ocrx_word' id='word_1_220' title='bbox 957 2935 1021 3010; x_wconf 76' lang='grc' dir='ltr'><em>παῖς</em></span> <span class='ocrx_word' id='word_1_221' title='bbox 1046 2937 1120 3000; x_wconf 90' lang='grc' dir='ltr'><em>δαί-</em></span> 
     </span>
     <span class='ocr_line' id='line_1_29' title="bbox 150 3029 1121 3122; baseline -0.002 -20"><span class='ocrx_word' id='word_1_222' title='bbox 150 3061 225 3122; x_wconf 93' lang='grc' dir='ltr'><em>μων</em></span> <span class='ocrx_word' id='word_1_223' title='bbox 242 3035 297 3102; x_wconf 84' lang='grc' dir='ltr'><em>καὶ</em></span> <span class='ocrx_word' id='word_1_224' title='bbox 316 3036 383 3103; x_wconf 79' lang='grc' dir='ltr'><em>παν</em></span> <span class='ocrx_word' id='word_1_225' title='bbox 400 3029 593 3122; x_wconf 84' lang='grc' dir='ltr'><em>αἰκύθαρτον</em></span> <span class='ocrx_word' id='word_1_226' title='bbox 610 3035 760 3121; x_wconf 89' lang='grc' dir='ltr'><em>πνεῦμα,</em></span> <span class='ocrx_word' id='word_1_227' title='bbox 779 3029 823 3114; x_wconf 76' lang='grc' dir='ltr'><em>ὥς</em></span> <span class='ocrx_word' id='word_1_228' title='bbox 836 3062 867 3101; x_wconf 92' lang='grc' dir='ltr'><em>τι</em></span> <span class='ocrx_word' id='word_1_229' title='bbox 880 3036 947 3101; x_wconf 80' lang='grc' dir='ltr'><em>τῶν</em></span> <span class='ocrx_word' id='word_1_230' title='bbox 965 3045 1121 3101; x_wconf 74' lang='grc' dir='ltr'><em>κολαστι·</em></span> 
     </span>
     <span class='ocr_line' id='line_1_30' title="bbox 152 3129 1117 3222; baseline -0.002 -17"><span class='ocrx_word' id='word_1_231' title='bbox 152 3138 221 3205; x_wconf 82' lang='grc' dir='ltr'><em>κῦν</em></span> <span class='ocrx_word' id='word_1_232' title='bbox 246 3136 301 3204; x_wconf 82' lang='grc' dir='ltr'><em>καλ</em></span> <span class='ocrx_word' id='word_1_233' title='bbox 325 3137 573 3222; x_wconf 78' lang='grc' dir='ltr'><em>βασανιστικιῦν</em></span> <span class='ocrx_word' id='word_1_234' title='bbox 599 3138 656 3222; x_wconf 86' lang='grc' dir='ltr'><em>τής</em></span> <span class='ocrx_word' id='word_1_235' title='bbox 675 3140 798 3214; x_wconf 90' lang='grc' dir='ltr'><em>οίκείας</em></span> <span class='ocrx_word' id='word_1_236' title='bbox 817 3132 962 3221; x_wconf 88' lang='grc' dir='ltr'><em>φύσεως,</em></span> <span class='ocrx_word' id='word_1_237' title='bbox 980 3137 1039 3202; x_wconf 91' lang='grc' dir='ltr'><em>τοῦ</em></span> <span class='ocrx_word' id='word_1_238' title='bbox 1056 3129 1117 3220; x_wconf 88' lang='grc' dir='ltr'><em>Ἰη-</em></span> 
     </span>
     <span class='ocr_line' id='line_1_31' title="bbox 153 3233 1160 3326; baseline 0 -22"><span class='ocrx_word' id='word_1_239' title='bbox 153 3241 214 3305; x_wconf 91' lang='grc' dir='ltr'><em>σοῦ</em></span> <span class='ocrx_word' id='word_1_240' title='bbox 231 3234 266 3306; x_wconf 86' lang='grc' dir='ltr'><em>τό</em></span> <span class='ocrx_word' id='word_1_241' title='bbox 285 3234 391 3326; x_wconf 85' lang='grc' dir='ltr'><em>όνομα</em></span> <span class='ocrx_word' id='word_1_242' title='bbox 409 3242 555 3326; x_wconf 87' lang='grc' dir='ltr'><em>φρίττει,</em></span> <span class='ocrx_word' id='word_1_243' title='bbox 573 3233 790 3318; x_wconf 83' lang='grc' dir='ltr'><em>ύπεξίσταταί</em></span> <span class='ocrx_word' id='word_1_244' title='bbox 801 3263 836 3305; x_wconf 89' lang='grc' dir='ltr'><em>τε</em></span> <span class='ocrx_word' id='word_1_245' title='bbox 853 3237 909 3304; x_wconf 85' lang='grc' dir='ltr'><em>καὶ</em></span> <span class='ocrx_word' id='word_1_246' title='bbox 927 3250 1120 3325; x_wconf 78' lang='grc' dir='ltr'><em>παραχωρελ</em></span> <span class='ocrx_word' id='word_1_247' title='bbox 1134 3264 1160 3304; x_wconf 86' lang='grc' dir='ltr'><em>ω</em></span> 
     </span>
     <span class='ocr_line' id='line_1_32' title="bbox 149 3325 1119 3428; baseline 0 -25"><span class='ocrx_word' id='word_1_248' title='bbox 149 3341 191 3423; x_wconf 76' lang='grc' dir='ltr'><em>τῇ</em></span> <span class='ocrx_word' id='word_1_249' title='bbox 201 3342 257 3425; x_wconf 86' lang='grc' dir='ltr'><em>τής</em></span> <span class='ocrx_word' id='word_1_250' title='bbox 269 3345 491 3428; x_wconf 84' lang='grc' dir='ltr'><em>προσηγορίας</em></span> <span class='ocrx_word' id='word_1_251' title='bbox 505 3335 663 3426; x_wconf 84' lang='grc' dir='ltr'><em>δννύμει;</em></span> <span class='ocrx_word' id='word_1_252' title='bbox 683 3341 733 3405; x_wconf 80' lang='grc'><em>37.</em></span> <span class='ocrx_word' id='word_1_253' title='bbox 746 3334 857 3425; x_wconf 80' lang='grc' dir='ltr'><em>ὥσπερ</em></span> <span class='ocrx_word' id='word_1_254' title='bbox 871 3325 934 3406; x_wconf 84' lang='grc' dir='ltr'><em>οῦν</em></span> <span class='ocrx_word' id='word_1_255' title='bbox 947 3338 1002 3404; x_wconf 82' lang='grc' dir='ltr'><em>καὶ</em></span> <span class='ocrx_word' id='word_1_256' title='bbox 1015 3334 1119 3404; x_wconf 81' lang='grc' dir='ltr'><em>πύλαι</em></span> 
     </span>
     <span class='ocr_line' id='line_1_33' title="bbox 151 3430 1118 3532; baseline 0.001 -28"><span class='ocrx_word' id='word_1_257' title='bbox 151 3435 232 3506; x_wconf 92' lang='grc' dir='ltr'><em>καθ’</em></span> <span class='ocrx_word' id='word_1_258' title='bbox 253 3433 292 3507; x_wconf 85' lang='grc' dir='ltr'><em>δν</em></span> <span class='ocrx_word' id='word_1_259' title='bbox 312 3437 468 3528; x_wconf 82' lang='grc' dir='ltr'><em>ἐπεδήμει</em></span> <span class='ocrx_word' id='word_1_260' title='bbox 482 3443 528 3532; x_wconf 76' lang='grc' dir='ltr'><em>τῷ</em></span> <span class='ocrx_word' id='word_1_261' title='bbox 545 3445 609 3532; x_wconf 81' lang='grc' dir='ltr'><em>βίω</em></span> <span class='ocrx_word' id='word_1_262' title='bbox 623 3435 762 3529; x_wconf 89' lang='grc' dir='ltr'><em>χρόνον,</em></span> <span class='ocrx_word' id='word_1_263' title='bbox 780 3436 826 3526; x_wconf 88' lang='grc' dir='ltr'><em>μή</em></span> <span class='ocrx_word' id='word_1_264' title='bbox 839 3438 996 3527; x_wconf 78' lang='grc' dir='ltr'><em>φέροντες</em></span> <span class='ocrx_word' id='word_1_265' title='bbox 1014 3430 1118 3506; x_wconf 82' lang='grc' dir='ltr'><em>αὐτοῦ</em></span> 
     </span>
    </p>
   </div>
   <div class='ocr_carea' id='block_1_3' title="bbox 0 0 1168 3818">
    <p class='ocr_par' dir='ltr' id='par_1_5' title="bbox 0 0 1168 3818">
     <span class='ocr_line' id='line_1_34' title="bbox 0 0 1168 3818; baseline 0 1"><span class='ocrx_word' id='word_1_266' title='bbox 0 0 1168 3818; x_wconf 95' lang='lat' dir='ltr'><em> </em></span> 
     </span>
    </p>
   </div>
  </div>
 </body>
</html>
