2326 3818
139 116 203 182 236
545 112 694 165 Eusmm

141 258 198 326 καὶ
215 253 388 345 άσώματος
406 257 611 341 ἐπιστατοίη,
637 247 750 331 αῦτολς
768 250 807 321 δὲ
823 251 944 338 σαρκός
962 247 1115 341 ὄμμασιν

140 353 318 447 ὁρώμενος,
336 354 529 445 ἀνθρώπων
542 381 577 424 τε
594 351 783 442 ὀφθαλμοῖς
797 353 851 422 καλ
869 347 955 442 ὑπὲρ
974 349 1113 443 ἄνθρω-

141 485 205 528 πον
223 465 495 548 θαυματουργίας
513 457 667 546 παρέχων
683 449 784 544 ὁρᾶν,
808 456 863 523 καὶ
887 456 1024 544 προσέτι
1042 454 1115 525 στόὲ

141 588 242 648 ματος
267 557 382 641 ἀκοαῖς
405 557 464 640 τάς
489 555 544 626 διά
561 553 706 645 γλώττης
731 556 785 624 καὶ
804 559 920 643 φωνῆς
938 553 1113 644 ἐνάρθρου

142 661 350 751 παραδιδοὺς
376 662 609 744 διδασκαλίας,
640 655 739 727 θετόν
767 685 803 727 τε
827 655 872 737 ὡς
898 654 1035 744 άληθῶς
1053 660 1140 729 καὶτ

142 762 331 852 παράδοξον
349 768 475 849 χρῆμα,
501 754 574 829 οἷον
592 754 665 828 οὐδ’
688 755 768 827 άλλο
786 784 838 827 πω
857 757 964 846 φανὲν
981 786 1115 847 μνημο-

141 861 287 949 νεόεται,
306 858 470 948 σωτήριόν
482 887 518 929 τε
531 855 615 949 ὁμοῦ
628 860 683 928 καὶ
697 856 907 947 εὐεργετικόν
919 873 988 940 τοῖς
1006 863 1115 931 πᾶσιν

143 959 242 1041 αῦτός
268 957 388 1030 ἑαυτόν
414 954 693 1051 ἐνδεικνύμενος.’
718 964 765 1029 19.
785 955 873 1029 οῦτω
893 961 976 1049 δῆτα
993 958 1011 1029 ὁ
1030 958 1114 1042 θεὸς

142 1061 159 1132 ὁ
178 1063 274 1149 λόγος
298 1061 371 1143 υίὸς
389 1059 575 1153 άνθριόπου
593 1064 738 1149 ἐλέγετο,
765 1063 819 1129 καὶ
834 1059 960 1149 Ἰησοῦς
978 1058 1114 1150 ώνομά-

144 1171 231 1250 ζετο,
250 1158 331 1252 παρ’
350 1161 431 1234 ὅσον
448 1167 507 1252 τῆς
524 1167 593 1234 τών
610 1159 837 1252 άνθρωπίνων
855 1166 973 1251 ψυχῶν
992 1159 1112 1246 ἰάσεώς
1125 1186 1152 1228 ιο

114 1304 125 1332 e
143 1292 178 1334 τε
196 1266 251 1333 καὶ
269 1272 452 1355 θεραπείας
477 1262 575 1355 χάριν
598 1263 661 1352 τὴν
679 1260 827 1352 πάροδον
845 1268 892 1344 είς
916 1260 1001 1352 ἡμᾶς
1019 1267 1113 1334 ἐποι-

144 1381 220 1435 εῖτο.
262 1365 372 1457 σωτὴρ
397 1363 433 1436 δ’
458 1356 521 1438 οῦν
538 1368 594 1436 καὶ
618 1361 696 1455 παρ’
712 1361 875 1452 Ἑβραίοις
895 1361 1115 1452 ἑρμηνεύεται

143 1464 163 1555 ἡ
177 1469 239 1536 τοῦ
251 1464 360 1555 Ἰησοῦ
370 1473 584 1557 προσηγορία.
609 1463 667 1546 τάς
681 1491 717 1534 τε
730 1461 843 1545 κοινάς
861 1459 941 1553 ἡμῖν
951 1463 1115 1555 ῦπέμεινι

145 1567 329 1656 διατριβάς,
347 1565 503 1657 οῦδαμώς
514 1568 576 1658 μὲν
594 1571 653 1637 τοῦ
672 1566 758 1637 εἶναι
775 1562 811 1647 ῦς
829 1562 872 1654 ἣν
892 1564 1115 1658 ἐξιστάμενος,

143 1667 226 1757 ὁμοῦ
244 1668 281 1738 δὲ
301 1671 399 1761 ἐντῷ
417 1665 588 1761 άνθρώπςο
607 1665 786 1756 φυλάττων
799 1662 857 1737 τόν
868 1665 960 1738 θεόν.
985 1672 1036 1737 20.
1053 1665 1113 1739 εῦ-
1127 1688 1152 1733 ιο

143 1767 208 1849 θῦς
226 1773 404 1859 τοιγαροῦν
423 1773 477 1839 ἐπὶ
494 1772 553 1856 τῆς
571 1765 703 1859 πρώτης
722 1775 768 1847 είς
788 1763 991 1854 ἀνθρώπους
1010 1797 1116 1841 κατοι-

144 1874 245 1958 βολῆς
270 1874 318 1962 τη]
347 1875 417 1963 θεῷ
441 1874 499 1958 τῆς
523 1864 682 1959 ἡμετέρας
712 1871 874 1957 γενέσεως
900 1867 962 1957 τὴν
990 1875 1116 1943 ἔνθεον

143 1973 308 2061 ιἰνακιρνᾷ
325 1979 583 2061 μεγαλουργίαν,
601 1968 791 2059 τικτόμενος
801 1970 863 2058 μὲν
879 1968 962 2059 ἡμίν
977 1969 1115 2061 ὁμοίως,

145 2073 200 2140 καὶ
218 2078 348 2158 θνητοῦ
374 2077 473 2159 δίκην
495 2069 680 2160 άνθρωπον
697 2067 981 2160 άμφιεννῦμενος·
1007 2069 1052 2155 ὥς
1077 2073 1111 2143 δ’

144 2167 255 2241 οῦκέτι
274 2168 471 2261 άνθρωπος,
490 2170 574 2243 άλλά
591 2170 688 2260 θεός,
708 2175 741 2255 ἐξ
759 2168 924 2261 άχράντοο
944 2176 999 2243 καὶ
1015 2170 1113 2245 άπει-
1126 2196 1154 2239 ω

145 2270 293 2361 ρογάμου
311 2272 428 2365 κόρης,
454 2272 531 2363 οῦχὶ
550 2275 586 2344 δὲ
612 2279 648 2344 ἐκ
664 2277 786 2364 μίξεως
811 2274 866 2344 καὶ
885 2281 1031 2364 φθοράς,
1050 2274 1114 2367 τὴν

117 2378 203 2444 ατοῦ
218 2378 424 2464 φαινομένου
441 2379 574 2465 γένεσιν
590 2373 823 2465 ὑφιστάμενος.

220 2476 275 2546 ΧΙ.
300 2479 366 2547 Καὶ
391 2476 449 2547 τὸν
474 2480 548 2565 έξῆς
572 2478 610 2546 δέ
633 2476 809 2564 σύμπαντα
834 2483 910 2563 βίον
934 2473 1038 2566 ταύτῃ
1065 2506 1113 2568 πη

146 2579 300 2664 διετέλει,
319 2578 392 2647 τοτὲ
409 2578 471 2665 μὲν
488 2576 551 2665 τὴν
567 2575 649 2667 πρὸς
666 2575 751 2665 ἡμᾶς
768 2572 1020 2667 ὁμοιοπάθειαν,
1039 2581 1114 2650 τοτὲ

145 2677 183 2747 δὲ
200 2675 259 2747 τόν
276 2675 359 2747 θεὸν
377 2675 477 2764 λόγον
493 2675 707 2766 ὑποφαίνων,
724 2683 964 2768 μεγαλουργών
976 2680 1031 2748 καὶ
1049 2706 1112 2751 πα·
1125 2710 1154 2752 τι

145 2780 373 2866 ραδοξοποιών
396 2773 441 2857 ώς
464 2775 560 2865 θεός,
587 2781 643 2849 καὶ
664 2782 732 2849 τών
755 2778 945 2868 μελλόντων
972 2787 1114 2852 ἔσεσθαι

79 2907 135 2957 μοι]
146 2881 402 2966 προαναφωνών
419 2876 477 2961 τάς
494 2878 710 2971 προρρήσεις,
735 2883 790 2950 καὶ
808 2878 867 2952 τόν
884 2878 928 2971 μὴ
946 2896 1014 2963 τοῖς
1032 2890 1113 2951 πολ·

83 3010 136 3062 [ιω]
147 2987 216 3060 λοϊς
234 2973 406 3069 ὁρώμενον
428 2980 513 3051 θεὸν
537 2979 637 3070 λόγον
653 2997 721 3062 τοῖς
740 2987 849 3070 ἔργοις
867 2979 1024 3073 άντικρυς
1041 2985 1111 3050 ἐπι-

146 3078 378 3171 δεικνύμενος,
405 3081 515 3152 εἰκότα
534 3083 571 3152 δὲ
588 3085 644 3152 καὶ
661 3078 756 3172 ὅμοια
774 3099 846 3164 ταῖς
863 3081 980 3173 ιἰρχαῑς
997 3083 1053 3153 καὶ
1070 3079 1112 3152 τά

144 3182 221 3271 τέλη
239 3179 331 3277 αῦτρῖ
347 3189 404 3271 τῆς
429 3186 461 3266 ἐξ
479 3179 671 3274 ἀνθρώπων
688 3181 880 3273 ἀπαλλαγῆς
905 3187 1108 3274 ίνεχειρεττο.
1124 3212 1154 3255 ω

227 3297 289 3358 Xll.
315 3287 383 3355 Καὶ
406 3281 470 3374 γάρ
494 3286 589 3375 μέχρι
606 3282 758 3356 θανάτου
776 3286 831 3355 καὶ
850 3281 962 3355 αῦτών
980 3289 1111 3375 νεκρών

146 3387 181 3451 os
195 3388 252 3473 τῆς
264 3392 522 3474 φιλανθρωπίας
535 3381 639 3456 κῦτόν
652 3382 795 3456 ἐκάλουν
805 3383 913 3475 νόμω,
933 3383 977 3467 ώς
994 3380 1039 3458 &v
1055 3388 1112 3456 καλ
