2326 3818
330 148 516 203 DEMONST.
528 149 662 202 EVANG.
676 150 751 201 VIII.
771 156 795 202 3.
972 151 1035 216 547

63 285 150 377 ὑμᾶς
168 285 263 358 Σιῦν
282 285 328 369 ὡς
353 282 455 378 άγρδς
472 285 773 379 ιἰροτριαθήσεται,
798 293 855 360 καλ
868 287 1035 384 Ἰερουσα-

65 390 129 478 λήμ
148 387 193 470 ῦς
210 386 494 480 ὀπωροφυλάκιον
508 397 616 479 ἐσται,
635 392 746 461 καὶτὸ
764 387 842 483 όρος
859 398 920 463 τοῦ
938 408 1035 468 οίκου

67 499 114 573 είς
138 488 238 573 άλσος
264 497 403 583 δρυμοῦ.
445 495 476 560 4.
501 493 558 561 καί
584 499 677 562 ἔσται
702 488 756 563 ἐπ’
791 493 940 584 ἐσχάτων
964 503 1034 570 τῦν

64 591 198 682 ήμερῦν
225 594 369 682 ἐμφανὲς
400 593 437 662 τδ
469 589 548 682 όρος
570 603 711 686 κυρίου,
742 598 873 685 ἕτοιμον
898 601 953 666 ἐπὶ
976 600 1035 683 τὰς

38 723 51 764 ο
66 692 215 787 κορυφάς
232 699 301 766 τῦυ
318 693 443 786 ὀρέων,
469 696 526 765 καλ
543 693 850 787 μετεωρισθήσεται
873 692 1034 791 ῦπεράνω

63 800 131 868 των
156 803 311 886 βουνῦν,
344 797 399 867 καὶ
430 794 638 868 σπεῦσουσιν
666 795 720 870 ἐπ’
752 794 834 870 αῦτδ
859 803 951 890 λαοὶ,
977 805 1033 872 καὶ

63 897 288 990 πορεύσονται
307 907 391 988 ἔθνη
410 896 535 988 πολλά,
554 902 611 969 καί
626 903 756 992 ἐροῦσι,
773 906 871 972 δεῦτε
884 906 939 972 καὶ
953 902 1033 974 άνα-

63 1005 177 1091 βῦμεν
203 1007 250 1083 είς
276 997 313 1071 τό
344 998 421 1091 ὅρος
453 1010 574 1093 κυρίου
603 1005 660 1072 καλ
694 1011 741 1085 είς
772 1002 832 1074 τόν
856 1003 951 1076 οίκον
974 1012 1060 1080 τοῦτ

62 1107 149 1174 θεοῦ
171 1099 310 1192 Ἰακώβ,
337 1106 393 1172 καὶ
421 1106 592 1186 δείξουσιν
616 1097 698 1194 ήμῖν
724 1103 787 1192 τήν
810 1099 892 1176 ὁδόν
917 1104 1033 1196 αὐτοῦ,

24 1234 48 1273 10
62 1207 119 1274 καί
136 1201 371 1293 πορευσόμεθα
385 1207 422 1273 ἐν
434 1219 507 1284 ταῖς
519 1211 646 1296 τρίβοις
660 1200 775 1276 αῦτοῦ.
808 1209 845 1276 ἐκ
858 1206 922 1298 γάρ
937 1208 1033 1280 Σιών

64 1304 269 1388 ἐξελεύσεται
287 1303 404 1394 νόμος,
430 1307 486 1375 καλ
504 1303 602 1394 λόγος
619 1314 740 1399 κυρίου
759 1311 792 1390 ἐξ
805 1305 1031 1400 Ἰερουσαλήμ,

62 1410 119 1477 καὶ
141 1423 252 1495 κρινεῖ
273 1402 339 1477 άνά
368 1409 473 1496 μέσον
502 1412 636 1479 πολλῶν
667 1412 797 1498 ἐθνιόν,
827 1413 883 1479 καὶ
907 1413 1032 1499 ἐλέγξει

62 1516 147 1599 ἔθνη
167 1505 286 1599 ίσχυρά
305 1512 367 1589 ἕως
385 1515 433 1590 είς
447 1510 511 1598 χήν
524 1508 666 1598 μακράν.
703 1517 732 1582 5.
753 1514 808 1581 καὶ
822 1509 1031 1600 συχκόψουσι

61 1608 119 1692 τάς
136 1619 299 1701 μαχαίρας
317 1605 430 1681 αῦτῶν
445 1617 492 1692 είς
509 1608 632 1702 άροτρα
651 1614 706 1682 καλ
719 1611 760 1683 τά
776 1611 901 1701 δόρατα
919 1613 1031 1686 αὑτων

23 1739 48 1780 15
62 1719 110 1794 είς
124 1714 285 1803 δρέπανα,
296 1715 352 1782 καί
363 1707 404 1783 οῦ
417 1710 557 1800 λήψεται
565 1720 613 1784 ἐτι
625 1721 725 1795 ἔθνος
739 1713 792 1784 ἐπ’
805 1714 1031 1806 ἐθνοςμάχαι-

61 1844 144 1906 ραν,
162 1817 217 1884 καὶ
236 1811 276 1885 οῦ
294 1812 340 1904 μή
358 1812 516 1904 μάθωσιν
534 1821 582 1884 ἐτι
600 1826 775 1906 πολεμεῖν,
803 1819 859 1886 καὶ
877 1815 1029 1888 άυαιταῦ-

61 1942 154 1987 σεται
174 1920 310 1998 ἕκαστος
327 1911 485 1987 ὑποκάτω
505 1919 563 2006 τῆς
581 1913 731 2007 άμπέλου
746 1913 851 1989 αῦτοῦ
873 1923 930 1989 καὶ
947 1915 1029 1989 διτο-

61 2016 149 2088 κάτω
168 2025 273 2107 συκής
291 2016 409 2106 αὑτοῦ,
428 2021 484 2089 καί
501 2017 565 2090 οῦκ
579 2027 671 2091 ἔσται
688 2019 706 2091 ὁ
726 2025 881 2109 ἐκφοβῶν
895 2019 1029 2111 αὐτοῦς,

60 2116 111 2188 ὅτι
128 2117 165 2189 τό
182 2118 287 2209 στόμα
305 2127 426 2209 κυρίου
444 2121 710 2213 παντοκράτορος
730 2121 870 2212 ἐλάλήσε
887 2120 1028 2194 ταῦτα.”

22 2249 47 2289 ιο
137 2226 165 2289 6.
182 2217 272 2309 Ἤδη
292 2223 348 2290 καλ
366 2219 530 2312 πρότερον
542 2226 649 2292 ταῦτα
662 2221 743 2312 ἡμῖν
759 2231 805 2306 είς
816 2223 893 2304 τοῦς
907 2224 1030 2306 τόπους

60 2319 274 2412 τεθεώρηται.
321 2325 488 2391 δέδεικται
507 2323 545 2391 δὲ
563 2318 652 2404 ὅπως
671 2319 750 2393 οὐδ’
777 2321 897 2394 άλλοτέ
911 2352 991 2395 ποτε
1009 2322 1029 2411 ή
1044 2359 1058 2398 ο

60 2419 125 2494 άπδ
145 2428 213 2494 τῶν
231 2422 362 2515 χρόνων
385 2427 446 2494 τοῦ
465 2427 614 2512 σωτῆρος
637 2418 734 2513 ήμῶν
756 2420 863 2513 Ἰησοῦ
881 2430 1030 2514 Χριστοῦ

62 2534 109 2607 είς
127 2522 331 2616 άνθράπους
351 2528 547 2615 ἐπιφανείας
564 2523 605 2595 τά
623 2525 726 2596 πάλαι
743 2522 848 2615 σεμνά
866 2530 934 2595 τοῖν
950 2521 1028 2596 Ἰου-

62 2634 187 2717 δαίων,
213 2625 274 2719 όρη
293 2628 387 2701 Σιάν
406 2625 652 2718 ἐπικαλοῦμενα
670 2631 726 2698 καὶ
740 2622 970 2719 Ἰερουσαλήμ,
988 2626 1029 2697 τά

22 2757 48 2798 25
61 2760 97 2802 τε
116 2734 169 2801 ἐπὶ
186 2729 316 2803 τοῦτων
338 2728 602 2821 οίκοδομήματα,
626 2728 644 2801 ό
668 2728 753 2814 νεάς
771 2726 900 2819 δηλαδή
918 2732 973 2800 καὶ
992 2728 1029 2800 τό

60 2828 157 2921 άχιον
175 2840 244 2903 τάν
267 2828 373 2922 άχίων
391 2834 446 2903 καὶ
469 2829 507 2902 τό
524 2830 770 2923 θυσιαστήριον
788 2835 844 2902 καὶ
864 2831 927 2902 ὅσα
945 2829 1030 2902 άλλα

60 2932 181 3005 αῦτόθι
200 2942 246 3016 είς
260 2933 359 3024 τιμήν
372 2930 522 3005 άνέκειτο
535 2939 595 3005 τοῦ
608 2939 693 3004 θεοῦ
708 2939 744 3004 ἐκ
762 2936 867 3021 μέσον
881 2930 1030 3025 ἀρθέντα

60 3035 275 3124 σεσάλευται,
294 3034 492 3116 άκολοάθως
510 3040 556 3129 τῷ
576 3033 664 3130 λόχφ
683 3033 830 3125 φήσαντι
843 3033 863 3060 “
875 3036 952 3106 ίδοδ
971 3036 1029 3104 κῦ-

60 3168 130 3230 ριος
153 3137 268 3230 κύριος
301 3135 515 3229 ἐκπορεύεται
545 3141 582 3207 ἐκ
604 3140 667 3208 τοῦ
688 3135 793 3209 τόπου
817 3133 940 3222 αὐτοῦ,
972 3137 1029 3204 καλ

19 3267 45 3308 ιο
59 3239 284 3330 καταβήσεται
302 3241 356 3311 ἐπὶ
374 3237 414 3310 τά
431 3235 502 3328 ῦψη
519 3244 578 3328 τής
596 3243 669 3329 γῆς,
690 3241 746 3310 καλ
759 3236 1029 3327 σαλευθήσονται

59 3339 100 3412 τά
130 3340 192 3432 όρη
220 3340 443 3414 ὑποκάτωθεν
473 3337 612 3413 αὐτοῦ.”
657 3347 686 3411 7.
714 3329 762 3411 τόν
792 3342 1030 3411 σαλευθέντωυ

58 3447 128 3514 των
147 3448 182 3514 ἐκ
207 3451 384 3536 περιτομῆς
409 3450 447 3514 αί
469 3445 591 3533 ψυχαί,
617 3439 770 3524 κοιλάδες
787 3439 1029 3533 ὀνομαζόμεναι

790 3553 860 3622 W
