2326 3818
116 128 179 191 418
526 129 675 180 EUSEBII

116 269 289 357 παρθένου
314 269 473 356 γέννησιν
496 265 707 356 ὑπογράφειν
734 265 998 357 προμαρτύρεται
1023 267 1092 359 τήν

49 393 104 445 (³11)
120 377 166 450 εἰς
184 373 297 438 πάσαν
314 366 376 458 την
394 375 457 458 γῆν
474 371 662 457 μέλλουσαν
681 375 819 438 ἔσεσθαι
837 374 964 457 γνῶσίν
982 374 1091 440 τεκαὶ
1116 454 1121 465 .

119 474 329 560 δοξολογίαν,
354 470 394 540 τά
419 473 576 560 Σεραφὶμ
601 467 745 556 εἰσάγων
769 473 957 540 κυκλούντα
980 469 1096 542 αὐτὸν.
1120 500 1127 545 ’.

115 576 170 642 καὶ
188 570 359 661 φάσκοντα
373 568 566 660 άγιοςάγιος
584 568 676 658 ἅγιος
694 569 808 660 κύριος
819 568 984 659 Σαβαύθ,
1003 572 1089 663 πλίγ

115 703 173 765 ρης
187 677 276 744 πάσα
290 669 310 764 ἡ
324 681 366 761 γῆ
379 679 437 761 τῆς
457 671 553 760 δόξης
571 668 709 743 αύτοῦ.”
739 678 767 743 9.
783 679 857 742 τίνα
874 670 905 740 δ’
922 668 964 742 άν
979 679 1032 762 ε’ίη
1046 672 1088 744 τά
1103 704 1119 747 ο

115 779 273 865 Σεραφὶμ
296 772 336 843 τά
358 772 417 843 τὸν
435 772 579 861 Χριστὸν
601 777 662 843 τού
686 776 772 869 θεού
791 778 1049 863 δορυφοροῦντα
1067 773 1090 865 ἢ

113 876 196 966 τάχα
215 887 294 956 ἴσως
312 872 463 962 ιἰγγέλων
482 877 537 943 καὶ
555 881 661 944 θείων
676 874 853 963 δυνάμεων
866 878 968 964 χοροὶ,
988 871 1009 964 ἢ
1027 880 1088 947 καλ

114 981 296 1066 προφητῶν
313 979 369 1045 καὶ
383 973 594 1059 άποστόλων;
614 974 831 1064 ἑρμηνεύεται
844 975 907 1064 γάρ
920 974 961 1044 τά
975 989 1087 1066 Σερα-

114 1080 177 1165 φλμ
191 1073 300 1165 “άρχὴ
318 1078 477 1166 στόματος
497 1073 640 1147 αύτων.”
671 1082 719 1147 10.
731 1083 875 1147 τοιοῦτοι
894 1078 931 1146 δέ
949 1085 985 1147 oc
999 1105 1084 1167 προ-

113 1183 216 1268 φῆται
233 1181 288 1247 καὶ
306 1175 494 1266 άπόστολοι,
514 1169 562 1248 ὦν
581 1175 636 1247 διά
653 1183 714 1248 τού
732 1176 892 1267 στόματος
909 1176 930 1266 ἡ
949 1175 1085 1272 άπαρχη
1099 1209 1126 1251 ιο

85 1285 230 1368 ιγέγονε
248 1285 306 1349 τού
324 1287 490 1369 σωτηρίου
508 1278 735 1368 κηρύγματος,
755 1277 946 1367 διὰταύτης
964 1288 1086 1371 ἔτυχον
1140 1338 1150 1361 ,

112 1387 170 1470 τῆς
195 1389 435 1470 προσηγορίας,
468 1377 511 1462 ύς
542 1383 598 1450 καὶ
621 1386 681 1451 τοῦ
705 1379 804 1467 άγίου
835 1379 1025 1470 πνεύματος
1048 1390 1088 1453 αλ

114 1482 272 1572 δυνάμεις
296 1486 457 1573 πτέρυγες
475 1478 726 1571 ὠνομασμέναι,
751 1481 790 1551 τά
814 1483 876 1571 μὲν
893 1489 1008 1573 πρῶτα
1026 1487 1085 1554 καὶ

112 1584 151 1654 τά
168 1583 294 1655 ὕστατα
304 1588 369 1672 τῆς
387 1590 446 1655 τοῦ
464 1588 549 1654 θεοῦ
567 1582 668 1672 λόγου
687 1581 841 1672 γνώσεως
860 1582 1084 1673 ἐπικρύπτου-

112 1709 186 1774 σιν,
207 1681 251 1767 άς
268 1683 395 1774 άρρητα
413 1689 469 1755 καὶ
492 1683 706 1773 ἀκατάληπτα
723 1681 803 1755 ὄντα
820 1684 1023 1776 τὴνφύσιν,
1041 1684 1083 1757 τά
1097 1717 1125 1758 ιε

113 1788 149 1857 δὲ
166 1791 250 1876 μέσα
267 1792 326 1875 τῆς
344 1789 420 1876 περὶ
439 1785 542 1857 αὐτού
560 1792 749 1874 οἰκονομίας
768 1790 1003 1876 ἐκφαίνουσιν,
1030 1785 1083 1858 ὅτι

112 1887 153 1976 δὴ
177 1887 263 1978 μόνα
287 1887 420 1976 γνωστὰ
443 1891 547 1957 ταῦτα
565 1884 758 1974 ἀνθρώπων
775 1885 893 1976 φύσει,
917 1895 986 1958 των
1004 1892 1083 1958 έπέ-

110 2017 204 2059 κεινα
218 1993 274 2058 καὶ
287 1996 355 2057 τῶν
368 1986 448 2076 μετά
462 1992 564 2058 ταῦτα
580 1991 616 2056 έν
629 1986 827 2078 ἀπορρήτοις
841 1992 1080 2079 σεσιγημένων.

109 2096 160 2158 11,
181 2093 237 2159 καὶ
265 2086 423 2178 δυνάμεις
449 2090 485 2158 δέ
507 2101 600 2160 θεῖαι
623 2092 679 2159 καὶ
706 2087 857 2179 οὐράνιοι
876 2090 945 2161 εἷεν
962 2087 1005 2160 άν
1024 2091 1080 2161 διὰ

110 2195 178 2261 τῶν
196 2194 353 2280 Σεραφλμ
373 2189 594 2280 δηλούμεναι,
622 2189 708 2260 καθὸ
728 2193 847 2281 ἑτέρως
864 2189 905 2261 τά
922 2196 1079 2281 Σεραφὶμ
1094 2223 1120 2263 νο

82 2335 92 2362 e
112 2291 331 2382 ἑρμηνεύεται
357 2296 551 2385 έμπρησμοί.
595 2291 648 2362 διὸ
673 2302 800 2380 εἴρηται
813 2288 853 2363 “ὁ
878 2299 985 2363 ποιῶν
1001 2290 1079 2374 τούς

59 2431 62 2436 ·
109 2393 270 2484 άγγέλους
288 2392 393 2464 αὑτού
410 2392 600 2483 πνεύματα,
619 2395 674 2463 καὶ
693 2390 770 2475 τούς
784 2393 999 2485 λειτουργούς
1017 2388 1080 2463 αύ-

108 2503 167 2568 τοῧ
186 2496 291 2586 πυρός
308 2494 451 2584 φλόγα,”
486 2501 534 2565 12.
554 2493 734 2585 κεκράγασι
753 2496 790 2564 δὲ
807 2485 897 2566 οὗτοι
916 2499 973 2565 καὶ
990 2499 1079 2584 βοῶ-

108 2624 163 2668 σιν
181 2602 291 2687 ἑτερος
309 2602 354 2689 τῷ
373 2601 474 2688 ἑτέρῳ
498 2593 580 2665 κατά
597 2595 659 2683 τὴν
676 2603 805 2666 οίκείαυ
830 2594 991 2685 δύναμιν,
1015 2598 1078 2683 τὴν

108 2695 264 2787 άγιότητα
281 2702 342 2767 τού
357 2699 626 2786 θεολογουμένου
644 2704 885 2787 παριστάντες,
909 2699 965 2766 καὶ
983 2694 1020 2765 τό
1038 2723 1076 2783 γε
1089 2723 1117 2765 ιε

108 2798 245 2869 πάντων
263 2796 530 2886 παραδοξότατον
547 2802 807 2886 θεολογούντες,
825 2796 875 2869 ὅτι
894 2795 935 2886 δὴ
953 2794 998 2887 μὴ
1016 2795 1078 2886 μό-

109 2928 169 2970 νον
188 2896 329 2989 ούρανὸς
347 2899 456 2969 καὶτὰ
471 2903 507 2969 έν
520 2896 655 2993 ούρανηῐ
671 2898 780 2970 πάντα
797 2898 907 2992 πλήρη
919 2897 1079 2990 τυγχάνει

106 3005 165 3089 τῆς
184 3005 376 3090 δοξολογίας
401 2997 521 3089 αύτού,
546 2997 630 3071 άλλά
654 3004 710 3071 καὶ
733 3005 822 3070 πάσα
842 2997 864 3089 ἡ
883 3004 925 3091 γῆ
942 3006 1000 3090 τῆς
1018 2999 1077 3070 αύ-

107 3111 164 3191 τῆς
176 3107 312 3194 μετέσχε
333 3101 507 3192 δυνάμεως
522 3102 576 3172 διὰ
590 3102 652 3191 τὴν
671 3106 703 3186 ἐξ
717 3100 874 3191 οὐρανῶν
888 3109 935 3184 είς
944 3101 1077 3192 ἄνθρω-

106 3232 190 3286 πους
209 3204 314 3276 αὐτού
332 3206 576 3294 θεσπιζομένην
594 3202 760 3292 κάθοδον,
786 3200 830 3293 ἣν
852 3202 981 3296 προϊών
1000 3207 1075 3294 ἑξῆς
1087 3233 1115 3272 ω

174 3437 205 3484 21
226 3437 269 3488 νε.
285 3439 341 3499 104,
355 3440 379 3486 ε.
