2326 3818
355 108 539 160 DEMONST.
557 109 688 160 EVANG.
705 110 727 162 I.
748 112 788 160 10.
1019 108 1060 172 63

93 278 151 338 γος
180 256 392 338 καθυφίησιν
420 250 602 337 μονονουχὶ
633 248 818 338 διαρρήδην
847 244 972 319 ἅπασιν
1003 280 1059 338 κη-

94 348 237 442 ρύττων,
255 347 306 419 ότι
325 349 366 438 δη
381 344 400 374 “
409 357 515 438 τίμιος
534 343 552 418 5
569 346 673 438 γοίμος
699 353 755 419 καὶ
779 345 800 438 5
824 361 917 439 κοίτη
942 347 1059 440 οἷμίαυ-

93 480 160 539 τος,
179 453 324 539 πόρνους
344 453 381 521 δὲ
399 453 455 520 καὶ
473 449 609 541 μοιχοὺς
627 469 739 539 κρινεῖ
759 449 777 520 5
801 449 911 533 θεός,”
954 458 1058 523 ταῦτα

92 543 213 644 μὲν
173 582 238 622 ουν
257 560 303 633 είς
320 550 383 640 τὴν
401 551 537 676 πρώτην
555 547 636 641 ἡμῖν
656 550 805 642 εἰρήσθω
823 552 993 645 πρότασιν.

66 683 79 724 ε
170 668 205 728 X.
234 657 320 744 Περὶ
339 656 376 724 δὲ
394 658 454 726 τοὺ
470 653 515 743 μὴ
534 652 753 747 ζῳοθυτείν’
736 661 869 748 ημᾶς
838 684 883 724 τοι
868 657 957 725 ἐπὶ
975 653 1057 724 ποίν-
1073 688 1112 739 (α)

91 785 160 826 των
177 760 260 848 θεῷ,
278 785 347 826 των
364 755 466 826 πάλαι
480 761 653 870 θεοφιλῶν
671 747 846 846 ἀνδρῶν
819 785 867 827 ων
887 754 928 844 55
947 758 1057 846 φαμὲν

92 858 175 928 κατὰ
193 863 291 946 ζῆλον
308 866 505 946 θεοσεβείας
517 866 620 928 τοῦτο
639 856 882 984 πεποιηκότων,
901 850 998 941 οὗτος
1024 863 1056 943 ἐξ

90 958 186 1050 ἡμων
203 957 427 1050 ἀποδοθείη
408 989 451 1030 αν
468 959 486 1030 5
505 959 612 1059 λόγος.
640 959 702 1050 οὐχ
727 955 771 1042 ὦς
800 959 878 1051 παρ’
897 956 1057 1086 Ελλησιν
1070 994 1111 1046 [241

92 1067 256 1152 ἐνομίζετο
274 1065 329 1131 καὶ
347 1079 416 1144 τοις
430 1057 626 1151 Εβραίωνί
626 1079 715 1151 εροις
738 1060 848 1151 λόγοις
872 1061 975 1132 ταύτὰ
1000 1070 1058 1132 δο-
1072 1092 1085 1130 ι

52 1194 77 1234 ιο
91 1181 145 1234 κει
167 1167 298 1253 περὶ
261 1193 318 1253 της
336 1193 405 1234 των
423 1165 525 1233 πάλαι
543 1167 599 1234 καὶ
623 1161 766 1250 πρώτων
790 1160 928 1252 ἀνδρῶν
952 1177 1058 1252 θερα-

90 1274 186 1345 πείας
215 1270 274 1335 τοῦ
304 1272 412 1336 θείου.
451 1270 480 1334 2.
501 1271 537 1335 ολ
558 1267 622 1354 μὲν
641 1271 771 1354 ἔφασαν
787 1263 832 1354 μη
859 1265 1057 1348 θόειυτούς

88 1368 270 1455 προτέρους
300 1369 407 1455 μηδὲν
439 1365 553 1436 ὁτιοῦν
582 1371 650 1436 τῶν
682 1364 791 1459 ζςόων,
816 1369 900 1455 μηδὲ
921 1372 1057 1456 θυμιᾶν

89 1486 159 1550 τοῖς
186 1480 297 1554 θεοῖς,
323 1465 396 1537 ἀλλ’
423 1465 509 1560 ἡλίῳ
537 1469 600 1557 μὲν
623 1469 680 1537 καὶ
708 1486 777 1549 τοῖς
800 1464 875 1537 κατ’
909 1467 1057 1555 οὐρανὸν

90 1568 223 1658 ι’ίστροις
248 1567 351 1658 χλόην
371 1572 425 1639 καὶ
451 1575 559 1639 οίονεί
572 1599 648 1639 τινα
672 1573 731 1658 της
754 1577 896 1659 γονίμου
921 1571 1057 1660 φύσεως

50 1701 76 1742 15
89 1677 194 1762 χνοῦν
211 1689 283 1752 ταίς
301 1675 418 1760 χερσὶν
435 1669 621 1761 ἀραμένους
636 1669 724 1742 πόαν
741 1700 778 1744 τε
795 1675 851 1741 καλ
870 1671 983 1761 φύλλα
1001 1675 1056 1742 καὶ

89 1779 179 1865 ῥίζας
197 1781 391 1844 κατακαίειν
409 1782 506 1864 πυρί
531 1773 645 1899 πόρρω
666 1775 703 1844 δὲ
729 1783 938 1864 παρανομίας
958 1774 1057 1844 ἐλαύ-

88 1905 208 1957 νοντας
232 1874 311 1997 τοός
335 1875 417 1965 μετίι
440 1882 546 1945 ταῦτα
577 1873 780 1965 ἀνθρώπους
812 1874 949 1999 αἱμάξαι
978 1873 1080 1957 τοῦςι

86 1972 268 2071 βωμοόςζ
257 1976 334 2048 ω’ων
352 1995 546 2067 σφαγαῖς,ε
531 1976 617 2047 εἶναι
641 1979 678 2048 δε
691 2007 818 2066 ταυτην
845 1974 983 2048 ἀνόσιον
1000 1980 1055 2047 καὶ

88 2077 207 2150 όίδικον
233 2049 288 2149 καὶ
308 2078 464 2168 οὐδαμως
482 2087 553 2172 θεῷ
578 2088 748 2170 προσφιλῆ
771 2088 916 2150 θυσίαν
948 2081 1055 2168 μηδεν

48 2210 75 2250 ιο
88 2181 152 2270 γὰρ
170 2185 227 2267 τῆς
245 2186 313 2250 τόν
330 2177 524 2268 ἀνθρώπων
542 2185 675 2269 λογικης
693 2189 802 2270 ψυχῆς
821 2179 882 2268 την
899 2211 966 2251 των
980 2178 1056 2250 555-

87 2311 158 2372 γων
178 2286 366 2370 διαφέρειν·
405 2280 456 2351 διό
474 2285 530 2352 καὶ
548 2282 656 2368 φόνου
676 2289 775 2370 δίκην
799 2281 936 2371 ὑπέχειν
962 2281 1056 2365 όίξιον

87 2383 164 2464 τοὺς
196 2388 448 2477 ζῳοθντοῦντας
485 2390 649 2472 ἔφασκον,
687 2383 731 2464 ὡς
767 2387 826 2471 της
861 2382 964 2470 αὐτῆς
999 2386 1054 2452 καὶ

87 2482 203 2576 ὁμοίας
221 2495 260 2556 ίν
276 2512 312 2555 τε
330 2481 503 2611 ἆνθριόπφ
521 2488 576 2554 καὶ
606 2490 643 2555 ἐν
659 2489 705 2578 τῷ
724 2482 834 2577 ἀλόγῳ
854 2483 925 2578 ζςόφ
947 2490 1055 2605 ψυχης

89 2586 349 2678 ἐνυπαρχούσης.
375 2592 404 2657 3.
425 2585 498 2663 ἀλλ’
519 2585 612 2677 ὁμὲν
629 2616 698 2657 των
712 2583 880 2673 Ελληνωυ
892 2588 968 2675 περὶ
987 2615 1055 2656 των

47 2718 74 2758 οε
88 2698 240 2762 παλαιῶν
258 2690 356 2779 λόγος
372 2689 503 2760 τοιόσδε
521 2719 570 2770 τις
588 2680 645 2778 ἦν
665 2687 682 2759 5
710 2693 749 2759 δέ
764 2718 802 2778 γε
819 2694 877 2812 της
891 2684 1009 2777 Ἐβραί
1008 2715 1052 2758 ων

87 2797 220 2882 γραφῆς
243 2787 284 2862 05
308 2797 467 2874 τοιοῦτος.
508 2790 585 2872 τοὺς
609 2790 673 2881 γάρ
697 2821 747 2861 τοι
772 2791 924 2880 πρώτους
949 2790 1054 2871 εὐθὺς

87 2900 287 2983 γευομένους
305 2893 509 2983 ἄνθρωπους
527 2891 594 2983 ἅμα
612 2897 654 2983 55
677 2921 793 2983 πρωτη
813 2892 971 2963 συστάσει
994 2897 1054 2962 τοῦ

86 3004 165 3085 βίου
183 3003 319 3077 θυσίαις
337 3014 410 3078 ταῖς
429 2995 493 3065 οάιὸ
513 2994 605 3089 ζῴων
622 2998 756 3085 τιμῆσαι
780 2988 816 3065 τό
841 3007 939 3065 θεῖον
966 3001 1083 3062 λῦτο-ο

86 3115 147 3186 ρεί.
172 3104 201 3168 4.
223 3101 311 3183 λέγει
330 3097 362 3168 δ’
384 3089 447 3168 οὖν
461 3093 480 3119 “
490 3102 546 3168 καὶ
561 3100 690 3186 ἐγένετο
702 3095 781 3187 μεθ’
797 3096 921 3186 ἡμέρας
934 3093 1054 3183 ἤνεγκε

154 3368 274 3417 2Hebr.
296 3369 336 3427 13,
356 3368 381 3416 4.
521 3367 549 3414 11
575 3364 707 3429 Porphyr.
736 3380 778 3428 ap.
803 3363 908 3412 Euseb.
933 3364 977 3414 Pr.
1002 3362 1051 3412 Ev.

84 3453 111 3503 p.
130 3437 164 3486 28
183 3437 209 3485 d.
313 3437 345 3485 29
364 3434 433 3490 Gen,
452 3434 478 3498 4,
497 3436 521 3485 3.
