2326 3818
129 143 192 208 558
534 139 682 193 τουτου

131 291 254 365 ἔθνους
268 285 579 373 προκεκηρυγμίνα,
597 277 638 351 τύ
654 310 690 351 τε
702 286 761 369 τῆς
774 278 1016 372 πυρπολησεως
1034 288 1099 354 τοῦ

134 389 226 473 ίεροῦ
253 387 309 454 καί
332 387 391 473 της
415 383 554 474 ἐσχάτης
581 381 694 454 αὐτῶν
712 387 865 475 ε’ρημίας,
894 378 1015 472 ὁμοίως
1040 388 1100 455 καλ

132 491 236 557 ταῦτα
245 503 318 568 ταῖς
332 485 558 577 προρρήσεσιν
572 489 672 556 εἰσέτι
686 483 896 575 καὶσημερον
905 483 1101 575 ὀφθαλμοῖς

64 617 119 669 (ιιι)
133 603 331 681 θεωρεῖται,
348 596 385 659 τί
399 595 546 658 λείπεται
564 590 618 658 ἐπὶ
636 586 764 668 τούτοις
781 583 803 675 ἢ
821 589 877 656 καὶ
894 585 952 657 τὸν
965 613 1103 678 προφη-

131 689 311 781 τευύμενον
325 691 465 778 βασιλέα
482 689 541 760 τὸν
556 691 703 779 Χριστὸν
718 693 778 760 τού
796 692 880 759 θεού
896 692 1128 776 ἐληλυθέναιε

131 794 326 884 ὁμολογεῖν,
350 796 419 860 τῶν
436 790 519 861 κατὰ
537 790 599 880 τὴν
617 799 807 882 παρουσίαν
824 786 929 860 αύτού
948 799 1103 881 σημείων

131 891 186 985 ἐφ’
207 892 335 987 ἑκύστῳ
353 896 422 961 τῶν
440 894 625 983 εἰρημένων
640 896 762 985 ἐναργῆ
776 890 839 980 τὴν
853 900 992 981 ἔκβασιν
1011 900 1102 984 εἰλη-

131 999 233 1086 φέναι
252 992 561 1084 ύιποιλεδειγμίνωνς

449 1262 530 1335 Ἀπὸ
548 1268 609 1335 τού
622 1264 769 1337 Ἡσαλόυ.

101 1426 115 1466 b
206 1413 239 1473 Va
266 1393 377 1470 “'Iffofi
401 1397 515 1491 κύριος
539 1398 684 1491 κάθηται
709 1403 763 1470 ἐπὶ
789 1401 932 1490 νεφέλης
956 1399 1098 1492 κούφης,
1114 1437 1139 1476 ιο

130 1503 186 1572 καὶ
207 1499 278 1591 ἥξει
303 1508 351 1583 εἰς
375 1513 568 1590 Αἰγυπτον,
601 1504 657 1572 καί
685 1498 900 1590 σεισθήσεται
922 1501 964 1571 τὰ
987 1531 1100 1592 χειρο-

129 1609 251 1692 ποίητα
276 1601 453 1692 Αἰγύπτου
478 1600 543 1673 ιἰπό
561 1602 743 1694 προσώπου
762 1602 884 1693 αύτού,
904 1606 960 1673 καὶ
978 1599 999 1691 ἡ
1019 1635 1098 1697 καρ-

131 1710 187 1774 δία
206 1700 319 1776 αύτύν
335 1704 558 1797 ἡττηθήσεται
577 1709 614 1776 ἐν
632 1703 762 1796 αύτοίς,
782 1708 838 1775 καὶ
853 1704 1098 1796 ἕπεγερθήσον-

129 1834 183 1876 ται
206 1804 388 1895 Αἰγύπτιοι
419 1804 474 1878 ἐπ’
499 1814 725 1897 Αἰγυπτίους,
749 1810 805 1878 καὶ
829 1805 1008 1898 πολεμήσει
1035 1806 1097 1876 ἅν-

129 1920 267 1998 θρωπος
297 1907 356 1980 τὸν
390 1905 540 1998 ύιίελφὸν
575 1904 695 1999 αύτού,
732 1913 787 1979 καὶ
822 1905 1001 2000 ἅνθρωπος
1036 1905 1095 1977 τὸν
1109 1939 1134 1979 ιε

129 2017 272 2098 πλησίον
303 2005 417 2080 αύτού.
461 2009 745 2101 ἐπεγερθησονται
775 2009 869 2093 πόλις
907 2013 961 2081 ἐπὶ
996 2007 1096 2082 πόλιν

100 2112 184 2179 ικαὶ
210 2108 310 2198 νόμος
336 2113 390 2180 ἐπὶ
415 2109 535 2201 νόμον,
560 2116 615 2183 καλ
633 2112 880 2205 ταραχθησεται
903 2111 940 2183 τὸ
964 2119 1097 2203 πνεῦμα

127 2217 196 2282 των
221 2219 419 2300 Αἰγυπτίων
444 2219 480 2284 ἐν
504 2211 636 2305 αύτοίς,
661 2218 717 2286 καὶ
743 2215 805 2306 την
830 2214 959 2306 βουλὴν
983 2211 1097 2286 αύτοὸν

130 2313 359 2404 διασκεδάσω,
383 2318 440 2386 καί
465 2314 712 2408 ἐπερωτήσουσι
743 2317 821 2401 τούς
845 2315 947 2398 θεούς
972 2316 1097 2406 αὐτῶν,

127 2419 183 2487 καί
206 2414 247 2486 τοὶ
270 2413 443 2509 ύγύλματα
467 2417 595 2508 αὑτων,
626 2423 682 2489 καί
705 2419 782 2501 τούς
809 2418 1097 2510 ἐγγαστριμύθους
1110 2451 1136 2492 εο

126 2521 182 2588 καὶ
200 2517 277 2602 τούς
297 2525 333 2590 ἐκ
351 2527 409 2609 τῆς
427 2524 489 2609 γης
502 2518 736 2610 φωνοῦντας.”

201 2626 232 2690 2.
260 2624 327 2691 Καὶ
359 2625 432 2709 ἑξῆς
462 2619 543 2710 μετὰ
571 2630 711 2692 πλείστα
743 2618 788 2691 δι’
815 2619 1021 2711 αἰνιγμάτων
1049 2629 1098 2690 εἰ-

127 2724 253 2810 ρημένα
284 2724 469 2810 ἐπιλέγεται
488 2719 553 2813 “τῇ
575 2718 682 2815 ἡμέρᾳ
707 2727 818 2815 ἐκείνη
854 2729 944 2793 ἔσται
970 2734 1097 2792 θυσια-

126 2821 264 2911 στήριον
293 2826 340 2915 τῷ
366 2828 472 2916 κυρίῳ
499 2826 536 2893 ἐν
566 2822 658 2916 χοίρῳ
682 2823 879 2915 Αἰγύπτου,
910 2827 967 2895 καὶ
991 2823 1096 2914 στη’λη
1123 2850 1133 2855 ·

126 2921 208 3013 πρὸς
233 2920 269 2993 τὸ
294 2922 388 3016 ὅριον
411 2921 512 3015 αὐτῆς
537 2928 585 3021 τῷ
607 2934 731 3022 κυρίῳ,
755 2930 811 2997 καὶ
836 2935 927 2998 ἔσται
954 2933 1002 3009 εἰς
1033 2949 1095 3016 ση-
1108 2957 1135 2997 25

125 3039 221 3114 μείου
249 3032 295 3107 εἰς
318 3025 378 3098 τόν
396 3034 503 3100 αἰῶνα
520 3035 567 3123 τῷ
584 3036 691 3126 κυρίῳ
724 3033 761 3100 ἐν
787 3028 878 3122 χοίρῳ
906 3027 1093 3118 Αἰγύπτου,

99 3123 176 3197 εὸτι
196 3126 410 3219 κεκρύξονται
429 3130 510 3222 πρὸς
528 3129 646 3222 κύριον
666 3131 720 3202 διίι
737 3129 814 3213 τούς
832 3139 1014 3221 θλίβοντας
1032 3127 1094 3200 αύ-

125 3229 222 3320 τούς,
253 3234 310 3302 καί
335 3230 515 3303 ἀποστελεῖ
536 3229 648 3315 αύτοῑς
679 3233 793 3326 κύριος
824 3230 1025 3324 ύνθρωπον,
1057 3228 1093 3313 ὃς

125 3381 329 3390 -ῳ--ι-

187 3464 382 3530 ωωωι
486 3466 694 3528 mmmm
