2326 3818
151 90 153 96 ’
235 125 237 130 ·
312 120 770 174 DEMONST.EVANG.V11.1.
968 118 1030 182 417

64 262 176 346 εἶπεν,
202 263 263 340 ἕως
281 255 323 329 ἀν
342 263 541 346 ἐρημωθῦσι
558 256 670 339 πόλεις
694 256 782 344 παρά
807 257 842 329 τὸ
860 257 905 347 μη
923 288 1031 329 κατοι-

63 373 215 446 κεῖσθαι,
235 365 290 430 καλ
309 361 394 431 οἶκοι
412 359 502 446 παρά
519 359 556 428 τό
574 358 619 447 μὴ
639 358 725 428 εἶναι
743 357 981 448 ἀνθρώπους.”

56 537 59 541 ,
140 468 169 532 5.
180 473 286 532 Ποῖον
301 463 339 530 δέ
352 459 492 550 θεμιτόν
505 458 650 547 φάσκειν
662 460 721 530 τὸν
735 459 911 549 προφήτην
926 464 1032 548 ἑωρα-

63 566 157 634 κέναι
182 560 300 651 κῦριον
323 557 343 650 ἢ
367 558 408 632 ῦν
425 579 494 642 τοῖς
512 565 588 650 περὶ
606 561 665 631 τὸν
679 560 829 650 Ἀβραάμ
846 560 1032 650 προπάτορ-

38 688 120 734 τσιν
148 654 270 751 ’ὦφθαί
296 691 333 733 τε
357 665 412 732 καὶ
436 658 640 751 ὡμιληκέναι
665 666 792 744 ἐντοῖς
816 659 880 748 πρό
905 661 1033 732 τοῦτων

63 761 303 854 ἀπεδείξαμενς
327 769 444 836 τοῦτον
470 762 534 854 γάρ
558 760 642 852 ὁμοῦ
666 761 751 834 θεόν
769 767 825 833 καί
842 761 959 854 κόριον
977 766 1033 832 καὶ

66 865 107 954 θη
121 863 263 954 ἀγγελον
278 867 433 936 εἶναικαὶ
449 863 712 958 ἀρχιστράτηγον
727 864 900 953 δυνάμεως
914 873 1034 952 κυρίου
1051 907 1062 934 ι

64 965 380 1056 προμεμαθήκαμεν.
417 970 549 1056 μέλλων
566 969 744 1057 τοιγαροῦν
757 968 818 1056 τὴν
833 975 881 1049 είς
898 963 1034 1057 ἀνθρώ-

64 1098 149 1149 πους
174 1069 278 1139 αὐτοῦ
303 1068 453 1156 πάροδον
476 1066 494 1136 5
517 1068 635 1155 παρων
659 1066 754 1156 λόγος
777 1077 949 1153 θεσπίζειν
973 1067 1036 1156 τὴν

26 1200 51 1239 ιο
67 1177 187 1240 ἔνθεον
211 1168 316 1240 αὐτοῦ
342 1182 534 1258 προθεωρεῖ
560 1178 754 1257 βασιλείαν,
788 1167 834 1237 δι’
867 1161 905 1257 ἧς
931 1190 1035 1259 φησιν

66 1273 250 1356 ἑωρακέναι
269 1269 372 1341 αὐτὸν
389 1271 583 1360 καθήμενον
601 1273 655 1340 ἐπὶ
680 1270 810 1357 θρόνου
827 1269 962 1358 ὑψηλοῦ
979 1275 1035 1340 καλ

66 1375 262 1460 ἐπηρμένου.
300 1377 328 1440 6.
350 1362 445 1452 οῦτος
466 1367 498 1439 δ’
517 1365 561 1440 ἀν
579 1381 631 1460 είη
649 1366 666 1440 5
684 1370 808 1461 θρόνος
828 1369 931 1441 αῦτοῦ
950 1376 1035 1442 ἐκεί-

65 1501 122 1553 νος
140 1468 157 1541 5
177 1475 231 1541 καλ
251 1476 288 1541 ἐν
304 1477 350 1564 τῷ
369 1474 446 1561 περί
463 1479 523 1540 τοῦ
541 1470 713 1560 ἀγαπητοῦ
737 1479 865 1565 Ψαλμῷ
885 1479 1035 1560 δεδηλω-

65 1576 180 1661 μένος,
205 1572 288 1643 κατά
311 1571 348 1642 τό
360 1571 402 1643 “ὁ
426 1571 550 1663 θρόνος
569 1595 631 1644 σου
654 1569 671 1642 5
690 1572 768 1653 θεὸς
788 1580 834 1654 είς
852 1573 911 1652 τὸν
929 1578 1035 1643 αίώνα

28 1702 53 1742 15
66 1681 124 1744 τοῦ
143 1670 300 1761 αίιῦνος,”
330 1673 383 1762 ἐφ’
405 1669 444 1744 όν
462 1677 519 1744 καὶ
537 1669 554 1744 5
572 1673 730 1745 ἀνωτάτω
747 1678 815 1744 των
833 1671 922 1746 ὅλων
939 1703 1036 1763 ποιη-

66 1773 123 1863 τὴς
140 1774 220 1857 θεός
245 1775 353 1864 πατήρ
377 1805 412 1847 τε
431 1774 536 1845 αὐτοῦ
555 1775 599 1857 ὡς
623 1772 665 1846 ἀν
683 1793 862 1864 μονογενεί
877 1779 933 1845 καὶ
951 1773 1034 1864 ἀγα-

65 1882 159 1970 πητῷ
177 1879 379 1961 καθέζεσθαι
396 1876 635 1969 παρεκελεύετο
654 1880 761 1965 λέγων
774 1873 908 1948 “κάθον
927 1882 964 1947 ἐκ
984 1883 1063 1946 δε-ιι

66 1984 146 2060 ξιῶν
171 2008 253 2066 μου,
280 1982 340 2061 ἕως
364 1976 406 2048 ἀν
430 1987 483 2050 θῦ
508 1980 584 2061 τοῦς
603 1978 745 2068 ἐχθρούς
770 2001 832 2049 σου
850 1977 1037 2049 ὑποπόδιον

64 2084 132 2148 τῶν
149 2084 264 2148 ποθῶν
282 2077 377 2150 σου.”
418 2087 445 2148 λ.
466 2089 641 2168 συνίστησι
660 2083 697 2149 δὲ
714 2078 841 2170 ταῦτην
858 2079 956 2169 ἡμῶν
973 2080 1036 2167 τὴν

28 2208 53 2246 ιο
68 2186 114 2260 είς
132 2178 209 2260 τοῦς
233 2178 354 2260 τόπους
374 2183 554 2269 ἑρμηνείαν
568 2180 725 2268 Ἰωάννης
749 2181 767 2249 ὁ
787 2179 1034 2270 εῦαγγελιστὴς,

65 2275 100 2361 ὃς
119 2282 351 2367 παραθέμενος
365 2280 422 2359 τάς
440 2279 658 2369 προκειμένας
676 2287 734 2351 τοῦ
748 2280 887 2352 Ἠσαίου
906 2283 1033 2369 φωνάς,
1052 2312 1102 2363 μνη

67 2387 103 2450 έν
122 2377 174 2462 αἷς
193 2391 304 2468 είρητο
318 2377 517 2469 ηἐπαχύνθη
535 2381 598 2472 γάρ
618 2380 772 2469 ἡκαρδία
787 2389 846 2451 τοῦ
861 2387 944 2450 λαοῦ
961 2382 1034 2451 τοῦ·

66 2511 145 2569 του,
164 2486 306 2564 καὶτοῖς
325 2479 408 2551 ὠσίν
427 2480 538 2552 αὑτων
555 2483 683 2569 βαρέως
698 2479 863 2570 ἥκουσαν,
886 2485 940 2552 καί
959 2480 1035 2561 τοῦς

65 2576 264 2671 ὀφθαλμοῦς
296 2583 408 2654 αὑτῶν
440 2580 654 2673 έκάμμυσαν”
689 2585 838 2671 ἐπιφέρει
870 2587 945 2672 περὶ
976 2589 1036 2653 τοῦ

28 2712 53 2752 25
68 2689 214 2769 Χριστοῦ
237 2687 344 2772 λέγων
364 2680 491 2756 “ταῦτα
515 2686 608 2757 εἶπεν
628 2680 779 2773 Ἠσαίας,
804 2684 859 2755 ὅτε
884 2687 952 2756 εἶδε
976 2685 1038 2772 την

68 2785 168 2866 δόξαν
186 2785 306 2873 αὐτοῦ,
326 2790 383 2856 καὶ
401 2786 608 2876 ἐμαρτύρησε
626 2789 702 2876 περὶ
726 2783 864 2858 αὐτοῦ.”
903 2794 931 2857 8,
953 2787 1038 2856 ίδών

68 2883 109 2971 δὴ
127 2877 190 2954 οὖν
208 2885 225 2954 ὁ
243 2886 415 2976 προφήτης
432 2889 494 2976 τὴν
509 2893 562 2958 ἐπὶ
579 2893 638 2958 τοῦ
653 2896 814 2974 πατρικοῦ
831 2888 961 2975 θρόνου
979 2897 1037 2976 τῆς

68 2988 189 3056 ἐνθέου
208 2985 305 3074 δόξης
323 3016 358 3057 τε
383 2991 438 3057 καὶ
466 2997 638 3076 βασιλείας
656 2995 791 3077 ἵδρυσιν
809 2994 869 3059 τοῦ
888 2994 1037 3077 σωτῆρος

66 3085 180 3175 ἡμῶν,
199 3092 246 3181 τῷ
262 3117 298 3158 τε
316 3087 400 3176 ἀγίω
420 3089 612 3170 ἐπιθειάσας
630 3089 813 3178 πνεύματι,
832 3095 887 3160 καλ
906 3096 1037 3179 μέλλων

28 3215 53 3256 ιο
67 3191 140 3276 έξης
163 3189 224 3278 τὴν
250 3197 296 3271 είς
319 3187 522 3277 ἀνθρώπους
547 3190 650 3262 αὐτοῦ
668 3190 817 3280 πάροδον
841 3196 896 3261 καλ
919 3191 982 3278 τὴν
1002 3195 1038 3261 ἐκ

138 3426 169 3472 14
188 3424 233 3476 ps.
246 3427 288 3487 ιι,
301 3425 325 3472 ο.
432 3426 462 3475 ιι
481 3425 637 3487 Ps.109,1.
741 3426 774 3474 οε
792 3425 837 3476 Jo.
853 3426 892 3474 12.
905 3426 948 3478 ιι.

119 3522 258 3558 susumus
279 3524 325 3562 ΠΙ.
835 3507 876 3570 Ἦ
