2326 3818
311 156 522 226 ,οσποαευ
540 155 673 209 σολον.
693 155 769 207 vm.
789 157 813 209 ο.
988 154 1051 218 559

86 296 188 368 σώσει
211 294 351 384 αύτούς,
377 301 506 385 κρίνων
530 292 631 365 σώσει
656 291 798 382 αὐτούς,
824 297 881 364 καί
903 286 1050 383 γνωστὸς

85 407 178 469 ἔσται
195 396 311 486 κύριος
327 413 397 478 τοῖς
415 402 631 484 Αἰγυπτίοις,
657 397 712 465 καί
730 392 918 484 γνώσονται
936 403 971 466 ολ
987 405 1051 467 Αἰ-

85 499 216 589 γύπτιοι
239 497 359 590 κύριον
381 496 441 569 τὸν
468 495 554 569 θεόν
577 500 614 568 ἐν
644 499 687 588 τῇ
702 494 809 589 ἡμέρᾳ
833 500 961 587 ἐκείνη,
993 501 1049 569 καί
1064 524 1116 582 [με]

85 599 263 689 ποιήσουσι
279 608 422 688 θυσίας,
441 602 498 670 καὶ
516 596 666 683 εὔξονται
682 595 780 688 εύχίις
796 603 845 692 τῷ
856 607 975 693 κυρίῳ,
994 604 1051 670 καὶ

59 732 72 773 ε
86 698 334 776 ἀποδώσουσι.”

162 811 192 874 3.
221 807 288 875 Καὶ
312 808 415 875 ταῦτα
440 801 666 895 προλαβόντες
690 805 725 871 ἐκ
748 806 870 894 μέρους
889 800 1051 890 διεσαφή-

86 927 201 997 σαμεν.
239 914 270 979 εἰ
295 907 357 996 μέν
380 896 443 977 οὖν
465 903 511 995 μὴ
533 903 612 987 τούς
636 904 811 998 πατρῴους
828 904 932 987 θεοὺς
950 933 1051 974 κατα-

85 1006 239 1091 λιπόντες
263 1007 443 1098 Αἰγύπτιοι
462 1003 543 1077 καθ’
572 1001 657 1097 ἡμᾶς
681 1004 803 1089 αύτούς
826 1004 970 1096 ὁρώνται
993 1005 1051 1076 τὸν

84 1117 154 1180 τών
171 1115 353 1200 προφητώυ
370 1109 454 1180 θεὸν
472 1105 741 1198 ἐπικαλούμενοι,
762 1115 793 1177 εἰ
808 1107 854 1198 μὴ
872 1105 953 1179 καθ’
973 1104 1051 1196 όλης

47 1243 72 1283 ιο
84 1215 142 1301 της
160 1210 337 1299 Αἰγύπτου
354 1208 438 1280 κατά
461 1208 569 1280 πάντα
591 1208 695 1280 τόπον
718 1211 774 1278 καί
798 1208 896 1279 πόλιν
914 1212 970 1279 καί
988 1209 1051 1299 χώ·

85 1341 149 1402 ραν
189 1309 407 1404 ἀνεγηγερται
447 1310 690 1402 θυσιαστήριον
726 1317 772 1405 τςό
807 1310 898 1401 παρὰ
937 1310 1051 1400 μόνοις

79 1412 245 1504 Ἑβραίοις
268 1415 524 1508 θεολογουμένω
554 1418 642 1506 θεῷ,
675 1419 706 1482 εἰ
734 1411 779 1502 μὴ
811 1414 977 1483 σέσεισται
1007 1404 1047 1481 τίι
1062 1441 1116 1492 (πη

84 1523 297 1606 χειροποίητα
323 1514 499 1604 Αἰγύπτου
506 1569 516 1603 ,
547 1517 605 1604 τῆς
636 1517 713 1605 περὶ
740 1511 824 1584 αὐτοὶ
857 1520 1051 1603 δαιμονικῆς

87 1615 260 1707 δυνάμεως
287 1622 533 1706 ἐκλελοιπυίας,
558 1619 614 1686 καί
638 1619 696 1704 της
721 1618 863 1696 παλαιοῖς
887 1622 1051 1686 δεισιδαι-

47 1751 71 1791 15
85 1726 203 1809 μονίας
222 1723 259 1789 έκ
275 1722 334 1807 της
351 1726 420 1791 τών
438 1726 636 1807 Αἰγυπτίων
659 1720 767 1808 ψυχῆς
785 1714 966 1808 ἀρθείσης,
994 1722 1050 1788 καί
1156 1755 1159 1791 ι

85 1828 134 1891 ἔτι
152 1819 234 1913 πρὸς
251 1820 379 1904 τούτοις
399 1820 490 1911 εἰμὴ
508 1816 590 1892 καθ’
616 1818 759 1910 έκάστηυ
776 1818 876 1890 πόλιν
893 1821 947 1890 καί
968 1816 1049 1890 καθ’

86 1926 227 1995 ἕκαστον
244 1923 338 1994 οἰκον
355 1921 496 2014 πόλεμος
511 1920 670 2014 ἐμφύλιος
684 1938 752 2004 τοῖς
760 1928 957 2010 Αἰγυπτίοις
971 1945 1050 1992 συν-

85 2030 232 2114 ίσταται,
257 2033 325 2096 τών
348 2027 410 2115 μὲν
432 2024 493 2098 τόνι
509 2024 627 2116 κύριον
644 2027 700 2094 καί
718 2023 754 2095 τό
769 2027 870 2114 σέβας
887 2030 947 2095 τοῦ
965 2027 1052 2095 θεοῦ

84 2130 152 2194 τών
180 2131 363 2216 προφητών
393 2123 651 2216 ἀποδεξαμένων
678 2129 734 2195 καί
767 2123 1052 2216 ἀποστραφέντων

47 2260 72 2298 εο
84 2223 146 2313 τὴν
165 2229 197 2308 ἐξ
215 2233 336 2308 αίώνος
355 2226 526 2297 πολύθεον
543 2224 692 2314 πλάνην,
712 2232 780 2296 τών
799 2228 837 2296 δὲ
856 2225 912 2295 ὃιά
929 2229 965 2296 τὸ
983 2243 1051 2309 τοῖς

84 2334 234 2417 πατρίοις
259 2333 306 2396 έτι
330 2329 590 2416 προστετηκέναι
612 2341 726 2406 κακοῖς
749 2327 828 2407 τούς
851 2327 909 2397 τὸν
932 2326 1051 2416 κύριον

84 2430 376 2518 παραδεξαμένους
390 2425 642 2517 πολεμούντων,
663 2433 694 2495 εἰ
705 2426 750 2516 μὴ
763 2431 863 2496 εἰσέτι
877 2430 933 2496 καὶ
949 2431 1049 2516 δεῦρο
1064 2458 1077 2498 ο

87 2534 256 2622 ἐπερωτᾶν
286 2529 485 2622 πειρώμενοι
509 2530 594 2625 7τούς
626 2532 756 2599 έαυτών
787 2528 892 2610 θεούς
922 2531 978 2598 καί
1010 2526 1050 2598 τά

84 2629 259 2723 ἀγάλματα
276 2635 332 2704 καί
357 2633 435 2716 τοὺς
454 2636 490 2704 έκ
512 2636 571 2721 της
588 2635 649 2722 γῆς
673 2635 870 2721 φωνοῦντας
894 2633 950 2700 καί
973 2629 1051 2711 τοὺς

16 2830 17 2833 ¹
47 2766 73 2805 τε
87 2735 373 2825 ἐγγαστριμύθους
397 2737 500 2825 ἀτελῆ
522 2738 578 2806 καί
605 2732 776 2826 ἀπρακτον
804 2731 867 2823 τὴν
890 2735 944 2803 ἐπὶ
970 2731 1051 2802 τάὃε

86 2837 285 2928 καταφυγὴν
302 2842 475 2909 ποιοῦνται
495 2836 550 2906 διὰ
567 2835 603 2907 τό
616 2834 739 2926 μηκέθ’
760 2836 881 2924 ὁμοίως
901 2824 1051 2924 ἐνεργεῖν

87 2938 257 3010 δύνασθαι
293 2937 403 3029 ώσπερ
436 2937 473 3009 τό
507 2941 589 3029 πρὶν
625 2935 703 3020 τούς
735 2944 913 3026 δαίμονας,
947 2945 977 3006 εἰ
1007 2935 1051 3027 μὴ

85 3040 195 3112 πάντα
219 3047 324 3142 ταῦτα
349 3049 457 3132 ἔργοις
481 3035 595 3123 αύτοϊς
617 3043 710 3121 τέλος
735 3037 896 3128 εἰληφότα
919 3045 1050 3108 δείκνυ-

85 3172 156 3232 ται,
180 3141 226 3234 μή
249 3141 302 3213 πώ
325 3173 379 3233 μοι
402 3150 565 3232 νομίζοιτο
583 3139 619 3212 τό
643 3140 850 3232 προφητικὸν
873 3143 1051 3225 πεπληρώ-

45 3275 71 3314 οο
86 3258 168 3315 σθαι
192 3243 323 3335 λόγιον,
347 3245 432 3335 μηδὲ
454 3241 513 3315 τόν
538 3241 782 3333 θεσπιζόμενου
805 3239 924 3331 κύριον
943 3241 1051 3309 ἐπιδε-

87 3348 270 3437 δημηκέναι
293 3350 341 3441 τῷ
363 3353 427 3439 βίῳ
449 3348 517 3416 τών
536 3343 738 3433 ἀνθρώπων.
775 3348 805 3413 4.
833 3348 864 3413 εἰ
881 3341 919 3411 δέ
938 3339 1079 3422 αύτοῐςε

85 3455 194 3540 έργοις
221 3448 304 3519 κατὰ
328 3445 414 3519 πολύ
445 3455 514 3518 τών
544 3445 655 3535 λόγων
679 3447 927 3536 έναργεστέροις
952 3447 1051 3514 εἰσέτι
