2326 3818
150 137 213 200 49ss
558 133 706 184 ωυεοοιι

125 284 210 348 ιτοῦ
231 273 359 404 Ἰσραηλ
385 242 633 401 γενεαλογοῦσα
662 270 726 341 ιἰπὸ
754 275 811 394 της
841 276 901 341 τοῦ
921 269 1029 341 Ἰούδα
1056 270 1118 361 τὴν

152 405 320 504 καταρχην
338 374 521 463 ἐποιήσατο.
559 377 670 444 ἕπεται
690 371 732 460 δὴ
750 364 812 444 οὖν
829 371 960 496 τούτοις
975 371 1119 443 ιἰκολού-

151 491 221 559 θως
239 507 294 547 και
284 480 350 547 ἐν
367 494 436 556 τοῖς
450 473 531 564 μετα
543 482 648 545 ταῦτα
660 473 790 564 χρόνοις
803 474 866 562 τὴν
881 467 987 603 αύτηη
1005 478 1119 563 φυλὴν

151 584 218 651 των
236 581 362 649 λοιπῶν
379 577 554 666 ὁμολογεῖν
567 573 737 665 ηγείσθαι,
758 584 789 647 εί
807 605 863 644 και
852 579 918 645 ἐν
936 579 1027 664 μέρει
1047 575 1118 646 διοί-

151 710 249 806 φορρι
268 678 543 768 προειστήκεισαν
560 681 619 747 τού
637 683 736 764 λαοῦ,
756 669 804 747 οἷν
822 673 939 747 οὐκέθ’
959 675 1040 764 ἡμῖν
1061 683 1144 749 δυ·ι

151 783 252 854 νατδυ
278 779 451 962 ἐξακριβαξζ
436 789 551 864 ζεσθαι
573 778 614 848 τδι
638 783 739 868 γένη,
770 783 816 872 τῷ
840 780 930 898 μηδὲ
954 782 1120 868 φέρεσθαι

152 892 252 954 θείαν
276 886 446 969 βίέξβλον
472 883 600 950 ἐκείνου
618 883 672 949 καλ
691 885 785 969 μέχρι
809 884 877 949 τῶν
894 885 953 950 τοῦ
972 887 1120 1008 σωτῆρος

152 984 292 1073 χρόνων,
328 988 375 1051 16
395 980 484 1069 πλὴν
498 989 546 1065 είς
560 987 718 1052 τοσοῦτον
733 986 903 1070 διαρκέσαι
917 979 1013 1069 λόγος
1032 986 1124 1069 αίρεῐ

153 1113 256 1173 φαναι
275 1082 337 1170 τὴν
359 1089 418 1152 τοῦ
434 1081 541 1153 Ἰούδα
559 1080 688 1172 φυληυ,
718 1081 799 1163 είς“
781 1105 862 1153 οσον
879 1111 915 1151 το
905 1079 1002 1151 πᾶν
1020 1090 1121 1163 ἔθνος

155 1189 329 1275 ἐλευθερία
354 1186 409 1253 καὶ
435 1181 615 1275 αύτονομίηι
640 1182 811 1274 χρεόμενον
828 1181 894 1253 ὑπό
913 1191 1048 1262 οἰκείοις
1062 1181 1120 1272 ύρ-
1135 1215 1159 1256 ιο

75 1326 77 1330 ·
153 1311 270 1373 χουσιν
288 1288 342 1354 καὶ
362 1284 559 1375 ἡγουμένοις
579 1284 794 1356 ἐπολιτεύετο.
836 1288 933 1355 τοῦτο
952 1285 988 1353 δὲ
1007 1281 1122 1365 αύτοίς

154 1391 186 1470 ἐξ
205 1385 308 1476 ἀρχῆς
326 1385 452 1478 ὑπῆρξε
477 1389 533 1457 καὶ
550 1391 643 1476 μέχρι
666 1391 734 1457 των
754 1383 953 1474 Αὐγούστου
976 1384 1120 1475 χρόνων,

153 1485 233 1558 καθ’
254 1484 312 1569 οὓς
326 1485 433 1577 Ἰησοῦ
456 1491 516 1559 τού
538 1491 685 1578 σωτῆρος
703 1487 801 1577 ἡμῶν
824 1490 987 1577 φανέντος
1007 1490 1042 1555 έν
1060 1483 1120 1557 αἰν-

85 1617 140 1668 (ιω)
151 1587 302 1679 θρώποις
319 1588 355 1658 τὸ
374 1597 441 1659 πᾶν
460 1597 560 1670 ἔθνος
580 1595 701 1660 δοῦλον
716 1586 886 1721 Ῥωμαίοις
904 1594 1120 1708 καθίσταται·

85 1718 138 1770 [ιιι]
153 1687 246 1761 καὶ’
226 1693 301 1760 αντὶ
318 1697 386 1760 τῶν
404 1689 573 1779 πατρόθεν
587 1689 699 1772 αὐτοῖς
713 1694 768 1760 καὶ
782 1687 864 1759 κατὰ
877 1688 1000 1778 νόμους
1018 1684 1123 1775 ἡγου-
1138 1723 1150 1762 ι

152 1797 264 1881 μένων
281 1796 409 1881 πρῶτος
423 1788 575 1879 Ηρεόδης
593 1788 779 1917 ιἰλλόφυλρς
793 1789 905 1859 αὐτων
919 1785 1046 1875 ἡγειται
1065 1794 1123 1859 καὶ

153 1891 308 1981 βασιλεύς
328 1891 530 1980 Αὔγουστος
574 1894 663 1958 17.‘'
643 1919 703 1970 εως
721 1920 784 1978 μευ
807 1880 869 1958 οὖν
892 1885 1025 1956 ούδέπω
1046 1894 1124 1957 δια

153 1989 329 2063 λελοίπει“
320 1991 446 2115 ἅρχων
474 1995 505 2071 ἐξ
527 1987 651 2077 Ἰούδα,
680 1984 801 2059 ούδε
779 1986 966 2120 ηγούμευος
992 1992 1028 2056 ἐκ
1052 1995 1124 2062 των

153 2099 268 2216 μηρρὸν
287 2088 425 2178 αύτού,”
446 2119 514 2160 των
528 2094 740 2181 προφητειων
754 2096 789 2161 οί
803 2087 921 2213 χρόνοι
935 2094 1039 2178 ἕκτης
1053 2098 1123 2162 τῶν

153 2191 325 2282 ἀρχόντων
342 2222 401 2263 του
386 2198 541 2274 ἔθνους
560 2197 779 2282 παραθέσεως
797 2190 1036 2322 ἆνεγραφοντο.
1066 2191 1122 2263 ού·
1138 2231 1160 2269 2·

153 2323 216 2374 τως
243 2284 306 2364 ούυ
318 2293 455 2376 Ἡσαΐας
481 2299 517 2364 ἐν
544 2302 697 2387 βασιλείᾳ
711 2293 817 2379 Ὀζίου
835 2297 890 2363 καὶ
905 2292 1047 2364 Ἰωᾶθαυ
1066 2299 1123 2365 καὶ

145 2394 245 2486 ’Ἁχαζ
272 2399 327 2466 καὶ
354 2395 515 2485 Ἐζεκίου,
551 2405 586 2466 οἳ
614 2401 834 2485 ἐβασίλευσαν
862 2401 920 2482 της
944 2394 1122 2485 Ἰουδαίας,

153 2499 381 2629 προρητεύει.
409 2497 490 2568 18.e
476 2506 597 2587 ομοίως
624 2500 661 2567 δὲ
686 2502 741 2568 καί
763 2495 869 2585 Ὠσηέ
913 2494 930 2565 ὁ
960 2489 1023 2566 δὲ
1021 2496 1123 2585 Αμως

154 2599 233 2669 ἐν
216 2599 408 2688 ημέραιςΌ
411 2607 480 2682 ζίου
505 2601 667 2686 βασιλέως
691 2595 818 2686 Ἰούδα,
845 2600 900 2666 καὶ
927 2596 1002 2667 ἐν
986 2601 1124 2686 ημέραις

126 2695 315 2822 ιἸεροβοόχμ
329 2707 407 2769 υίου
396 2697 523 2785 Ἰωδις,
543 2703 704 2785 βασιλέως
719 2696 860 2789 Ἰσραὴλ,
880 2701 935 2767 καὶ
949 2710 1124 2788 Σοφονίας
1139 2737 1163 2776 κ

155 2795 241 2867 ἐν
222 2802 358 2888 ημέραις
384 2798 531 2888 Ἰωσίου,
562 2803 639 2869 υίοῦ
662 2796 785 2889 Ἀμως,
816 2803 978 2888 βασιλέως
1004 2798 1124 2872 Ἰούδα.

153 2897 274 2987 ὁμοίως
299 2901 336 2969 δὲ
355 2902 411 2970 καὶ
424 2898 589 2989 Ἱερεμίας.
622 2898 694 2970 ἄλλ’
716 2899 771 2972 ὅτε
785 2904 974 2972 ἐκλέλοιπεν
986 2901 1125 2992 “όίρχωυ

155 3003 186 3083 ἐξ
202 2997 311 3070 Ἰούδα
337 3005 392 3071 καὶ
416 3001 599 3092 ἡγούμενος
618 3006 654 3072 έκ
680 3007 748 3073 τοῖν
765 3008 881 3093 μηρῶν
905 3000 1044 3091 αύτοῦ,”
1065 3011 1124 3094 τῆς

156 3099 210 3172 διόι
241 3106 301 3173 τού
326 3109 471 3193 Χριστοῦ
502 3109 796 3195 προφητευομέυης
827 3112 1028 3195 προσδοκίας
1055 3112 1125 3178 των

155 3208 266 3276 ἐθνῶν
279 3201 359 3276 ὅσον
376 3202 469 3276 ούπω
483 3205 666 3295 μελλούσης
681 3205 879 3296 ἐπιλύμπειν
892 3210 939 3300 τῷ
952 3215 1027 3299 βίω,
1046 3204 1123 3277 ούκ-
1155 3251 1160 3276 ι

155 3308 201 3374 ίτι
219 3308 281 3395 μέν
300 3315 447 3395 βασιλεῖς
465 3307 684 3398 ἐχρημάτισαν
698 3305 824 3396 Ἰούδα,
843 3304 924 3378 ούδδ
943 3306 1125 3396 ἡγούμενοι

151 3400 295 3495 Ἰσραὴλι
328 3414 375 3478 19.
394 3407 522 3480 τούτων
542 3411 579 3479 δὲ
602 3428 673 3492 ταῖς
692 3417 907 3502 προφητείαις
925 3405 1123 3494 ἀκολούθως
