2326 3818
129 111 190 175 308
537 113 689 163 Ευεωοει

62 280 115 331 ιιιοι
130 255 251 341 μένους
265 249 376 339 λαοδς,
396 253 451 320 καὶ
465 257 656 341 μυρίανδρα
669 249 784 339 πλήθη
797 254 865 323 τών
877 250 970 347 αὐτῷ
988 268 1110 329 καθω-

129 356 303 442 σιωμένων
320 351 534 442 πανταχόθεν
556 347 622 422 ὑπὸ
641 357 710 423 τῶν
726 351 906 443 ὁρωμένων
928 381 966 424 τε
987 358 1029 427 ἐν
1048 355 1110 429 ἆν-

128 453 278 545 θρώποις
297 452 450 544 ἀοράτων
473 482 508 523 τε
533 455 588 524 καί
607 450 749 542 ἆφανών
774 457 906 544 ἐχθροῖν
923 458 982 525 καλ
1000 469 1109 531 πολε-

129 563 215 645 μίων
232 560 290 645 τῆς
308 561 367 626 τοῦ
386 560 533 643 Χριστοῦ
553 561 769 637 διδασκαλίας
787 554 1021 647 κυκλούμενα,
1041 558 1107 631 οὐκ

128 655 170 729 δν
193 656 380 747 θαυμάσειε
403 657 461 725 τὸν
487 654 636 747 παρόντα
666 654 814 746 χρησμόν
845 664 892 738 είς
917 656 1129 746 πρόσωπονε

127 757 396 848 αναφωνηθίντα
418 762 478 826 τοῦ
507 761 767 846 θεσπιζομίνου,
798 756 834 828 τό
855 753 1106 851 ’κατακυρίευε

129 889 166 931 εν
183 864 273 952 μεσω
291 889 359 928 των
377 862 509 947 ίχθρων
526 855 611 928 σου
613 857 710 932 ’12.
730 858 978 949 καὶέπειδήπερ
999 866 1039 933 ίν
1057 893 1105 935 τω

128 955 302 1049 πρόσθεν
304 955 492 1048 ’κεχρῖσθαι
510 988 555 1029 τω
545 963 674 1029 ε’λαίω
692 964 750 1059 τῆς
767 958 996 1048 ἀγαλλιάσεως
1010 962 1107 1055 παρὰ

61 1090 101 1137 με·
96 1088 115 1139 ι)
130 1061 206 1141 τοὺς
219 1058 377 1183 μετόχους
391 1057 487 1150 σου,”
505 1063 622 1151 ίερὲων
637 1031 673 1131 δὲ
688 1053 844 1132 οίκετον
825 1089 944 1152 ηνπαρ
949 1057 1105 1154 Ἐβραί-

129 1192 177 1244 οις
195 1162 231 1232 τὸ
250 1170 420 1290 χρίεσθαι,
441 1161 606 1244 είκότως
592 1191 609 1232 ο
627 1190 710 1251 μετα
727 1179 839 1252 χεῖρας
856 1161 923 1252 ἤδη
942 1164 1103 1239 λευκότε
1115 1198 1139 1239 ω

129 1292 190 1387 ρον
208 1267 297 1354 ίερία
315 1262 418 1334 αὐτὸν
442 1269 645 1353 ἐπιφημίζει,
669 1272 808 1334 πλείονα
818 1268 1005 1392 προτιθεὶς
1023 1270 1104 1394 περὶ

129 1362 233 1436 αὐτοῦ
257 1373 494 1453 διδασκαλίαν,
522 1363 567 1434 δι’
594 1355 635 1453 ἧς
658 1363 763 1454 μόνον
784 1365 889 1436 αὐτόν
913 1364 1006 1456 παρὰ
1023 1369 1104 1453 τοὺς

132 1467 264 1538 πώποτε
289 1466 458 1537 αίώνιον’
446 1468 535 1556 ιερὲα
553 1467 640 1537 εἶναι
663 1464 876 1536 παιδεόει”
823 1494 939 1557 ,οπερ
957 1465 1103 1565 οὐδεμιᾷ

128 1567 314 1657 ἀνθρώπου
332 1566 436 1656 φύσει
455 1567 602 1638 δυνατόν
623 1566 827 1657 ἐφαρμόζειν.
866 1573 915 1637 13.
935 1567 1022 1639 κατδι
1040 1569 1104 1661 τὴν

128 1668 221 1752 τόξιν
240 1670 449 1758 Μελχισεδὲκ
468 1674 628 1759 ἱερᾶσθαί
642 1692 746 1758 φησιν
764 1665 885 1756 αὐτόν,
904 1668 987 1759 πρὸς
1005 1669 1104 1744 ἀντι·
1116 1702 1139 1745 ω

101 1795 115 1836 ο
132 1769 310 1858 διαστολὴν
323 1775 383 1840 τοὺ
396 1770 477 1839 κατὰ
491 1767 552 1858 τὴν
560 1772 710 1851 Μωσέως
726 1770 875 1854 διάταξιν
885 1773 1012 1861 ίερίως,
1028 1771 1104 1861 ἤτοι

128 1878 188 1942 τοῦ
203 1870 351 1960 Ἀαρών,
370 1867 391 1958 ἢ
410 1879 469 1939 καί
483 1899 571 1951 τινος
589 1876 657 1940 τών
676 1874 708 1953 ἐξ
728 1875 875 1960 ἐκείνου,
894 1861 944 1943 τόν
960 1875 1104 1959 ἕκαστος

129 1971 173 2061 μὴ
192 1969 240 2042 ών
257 1971 419 2060 πρότερον
438 1968 561 2059 ίερεδς,
580 1969 722 2059 ὕστερόν
739 1999 819 2042 ποτε
838 1969 884 2043 δι’
903 1971 1105 2063 ἀνθρώπων

129 2071 251 2162 ἀλοιφῇ
269 2102 335 2141 τινι
354 2076 518 2161 σκευαστῄ
536 2071 720 2162 χριόμενος,
740 2072 783 2154 ώς
800 2079 839 2157 ,ἐν
857 2072 972 2154 τόποις
990 2083 1106 2150 εἰπεῖν

130 2175 185 2242 καὶ
197 2171 388 2262 συμβόλοις,
403 2173 547 2263 σκιώδης
559 2203 608 2254 τις
622 2176 677 2243 καί
693 2171 1004 2263 είκονικδςΧριστδς
1018 2173 1103 2249 νἰπε-
1117 2208 1142 2250 εο

129 2284 271 2364 τελεῑτο,
290 2274 374 2346 ἀλλὰ
393 2280 448 2345 καλ
463 2272 520 2345 όίτε
533 2274 657 2364 θνητὸς
672 2271 720 2346 τόν
737 2272 799 2345 οὐκ
814 2283 861 2357 είς
874 2276 1003 2366 μακρὸν
1020 2274 1106 2352 ἄπε-

128 2385 241 2449 τίθετο
265 2375 327 2466 τὴν
352 2377 558 2469 ίερωσόνην,
584 2380 639 2447 καλ
664 2376 754 2467 παρὰ
777 2379 838 2467 μὲν
863 2383 909 2470 τῷ
924 2376 1104 2452 Ἰουδαίων

129 2478 221 2573 μόνω
241 2484 350 2571 ίεροὶτο
370 2484 450 2572 λαῷ,
469 2478 510 2549 οὐ
528 2479 594 2568 μὴν
613 2482 668 2548 καὶ
686 2478 776 2568 παρὰ
788 2495 857 2558 τοῖς
871 2477 983 2560 ἄλλοις
1001 2486 1104 2552 ἔθνε-

105 2600 199 2650 εσιν·
228 2579 312 2649 ἄλλα
330 2577 410 2649 οὐδὲ
426 2577 507 2668 μεθ’
537 2575 743 2669 ὁρκωμοσίας
761 2584 847 2650 θεοῦ
871 2583 924 2649 ε’πλ
947 2579 1009 2669 τὴν
1033 2591 1104 2655 λει-

129 2690 290 2769 τουργίαν
303 2678 435 2769 παρῄει,
454 2687 561 2765 κρίσει
580 2681 617 2749 δε
634 2677 827 2770 ἀνθρώπιον
840 2680 1036 2771 τιμώμενος,
1055 2682 1102 2766 ὡς
1115 2714 1143 2755 ω

131 2791 187 2849 καί
202 2808 281 2848 ποτε
294 2777 338 2868 μὴ
350 2777 442 2862 όίξιον
456 2776 674 2870 εὑρίσκεσθαι
689 2786 726 2852 ἐν
740 2780 852 2865 αὐτοῖς
866 2787 922 2872 τῆς
936 2790 995 2853 τοῦ
1012 2789 1101 2856 θεοῦ

130 2889 330 2969 θεραπείας,
355 2878 423 2962 οἷος
441 2878 688 2972 ἀναγέγραπται
706 2878 723 2953 6
740 2880 838 2954 Ἠλεί.
882 2890 930 2954 14.
950 2892 998 2955 ἔτι
1015 2886 1101 2975 πρὸς

130 2981 258 3062 τούτοις
276 2978 293 3052 6
312 2981 450 3065 παλαιὸς
468 2988 593 3065 ἐκεῖνος
613 2981 721 3074 ίερεδς
739 2988 757 3055 ὁ
775 2983 857 3055 κατὰ
875 2985 937 3075 τὴν
945 2991 1100 3069 Μωσέως

132 3083 281 3167 διάταξιν
300 3089 336 3154 ἐκ
353 3083 456 3173 μόνης
475 3090 623 3174 ἐκρίνετο
641 3091 750 3175 φυλῆς
768 3090 833 3174 τῆς
843 3096 944 3158 Λευί·
972 3094 1041 3160 ἔδει
1061 3090 1099 3159 δὲ

132 3190 164 3268 ἐξ
183 3185 327 3268 ἅπαντος
345 3189 400 3256 καὶ
418 3187 454 3257 τὸ
472 3192 567 3274 γένος
586 3192 623 3257 ἐκ
640 3193 697 3275 τῆς
716 3192 776 3258 τοῦ
792 3185 921 3278 Ἀαρών
940 3194 1098 3279 διαδοχῆς
1112 3220 1140 3261 οο

131 3284 233 3356 αὐτὸν
256 3292 390 3379 φέρειν,
415 3287 548 3378 θόμασί
566 3317 601 3359 τε
625 3287 718 3382 ζώων
733 3286 874 3377 ἰἰλόγων
901 3293 957 3361 καί
981 3297 1099 3378 αἵμασι

131 3396 301 3479 σωματικῇ
315 3417 353 3477 γε
368 3398 503 3483 λατρείμ
517 3388 722 3481 θεραπεύειν
734 3395 771 3462 τό
784 3404 896 3463 θεῖον·
924 3390 942 3463 6
961 3392 998 3461 δὲ
1005 3402 1099 3464 Μελ·
