2326 3818
341 140 525 192 DEMONST.
541 140 676 223 QVANG.
694 141 769 191 VIII.
791 145 815 192 2.
980 139 1041 204 537

76 278 179 350 αὐτόν
204 282 240 349 ἐν
259 277 408 368 Ἱεριχοῖ,
436 284 596 367 πνιγῆναι
620 277 893 369 μηχανησάμενος
922 290 1040 370 κολυμ-

74 389 203 470 βώντα,
222 378 337 461 καθώς
359 377 425 467 ἤδη
449 378 695 469 δεδηλώκαμεν.
731 380 813 470 μετά
830 388 949 452 τοῦτον
967 381 1043 453 οὐκ·

76 487 123 553 έτι
141 499 208 563 τοῖς
221 478 368 571 ἐκγόνοις
381 485 449 551 τών
461 478 694 570 Ἀσαμωναίου
706 488 839 552 παίδων
852 479 914 570 την
932 480 1042 573 άρχιε·

75 581 233 675 ρωσώνην
258 585 463 652 ἐπίστευσεν.
505 586 625 672 ἔπραξε
651 584 687 652 δὲ
715 581 813 672 ὅμοια
836 591 881 676 τῷ
908 582 1041 674 Ἡρώδη

49 688 150 772 ιπερὶ
168 688 227 772 της
245 684 475 764 καταστάσεως
497 688 565 754 τών
585 681 766 776 άρχιερέων
780 681 953 773 Ἀρχέλαός
971 713 1006 753 τε
1025 685 1042 754 ὁ

74 801 153 867 παῖς
172 782 293 873 αὐτοῦ,
317 789 373 855 καὶ
390 782 471 874 μετά
493 790 614 856 τοῦτον
627 782 777 874 Ῥωμαῖοι
801 787 861 874 τὴν
879 790 947 857 τών
961 784 1042 855 Ἰου-

74 895 182 958 δαίων
199 894 374 975 βασιλείαν
386 884 660 976 παρειληφότες.”
687 892 736 957 95.
757 886 858 957 πάλιν
874 890 910 957 έν
921 888 1042 977 ἑτέροις

73 993 178 1059 ταῦτα
211 992 288 1078 περὶ
313 989 425 1058 αὐτώυ
454 1011 558 1077 φησιν
576 985 748 1077 “Ἡρώδης
775 990 813 1058 δέ
841 988 1071 1076 βασιλεύσαςι

74 1089 137 1178 τήν
160 1119 196 1160 τε
222 1095 322 1177 βᾶριν
352 1088 477 1176 ταύτην
508 1093 544 1159 ἐν
570 1093 744 1185 ἐπιτηδείῳ
771 1088 861 1183 τόπῳ
886 1093 1043 1179 κειμένην
1103 1178 1106 1182 ⁴

36 1220 60 1258 ιο
74 1189 323 1269 κατασκευάσας
359 1194 548 1270 πολυτελῶς
576 1188 759 1261 Ἀντωνίαν
792 1200 889 1262 καλεῖ
925 1189 1040 1280 ὄνομα,
1055 1216 1107 1269 [ειη

74 1294 131 1360 καί
153 1291 215 1378 την
238 1290 359 1380 στολὴν
382 1292 444 1379 τὴν
469 1289 703 1380 ἀρχιερατικὴν
721 1291 899 1380 λαμβάνει,
926 1293 986 1381 την
1006 1295 1043 1362 δὲ

74 1394 232 1479 κειμένην
256 1409 403 1480 κατεῖχε,
434 1390 602 1462 πιστεύων
625 1389 727 1463 οὐδὲν
750 1399 962 1482 νεωτερίσειν
984 1394 1043 1463 τὸν

74 1491 156 1563 λαδν
175 1489 222 1561 δι’
248 1491 362 1580 αὐτήν.
406 1496 527 1581 ε”πραξε
552 1493 580 1562 δ’
611 1492 709 1583 ὅμοια
733 1498 779 1586 τώ
793 1489 925 1584 Ἡρώδη
949 1489 1042 1563 καὶὸ

75 1597 349 1674 ἐπικατασταθεὶς
373 1589 464 1687 αὐτῷ
495 1592 652 1681 βασιλεῦς
675 1592 865 1685 Ἀρχέλαος,
896 1596 967 1676 υίὸς
995 1592 1043 1664 ών

36 1693 198 1783 ιεαάτοῦ,
231 1691 310 1785 παρ’
343 1687 384 1766 οὗ
403 1695 554 1784 Ῥωμαῖοι
585 1695 817 1785 διαδεξάμενοι
845 1697 908 1785 τὴν
937 1694 1043 1787 άρχην

75 1795 237 1888 ἐκράτουν
260 1801 318 1886 τῆς
342 1800 459 1886 στολῆς
482 1800 543 1868 τοι]
564 1795 743 1888 ἀρχιερέως
766 1799 987 1887 ἀποκειμένης
1007 1804 1043 1868 ἐν

75 1909 156 1992 οἴκῳ
180 1906 281 1969 λίθου
305 1903 560 1989 οἰκοδομηθέντι
582 1893 649 1969 άπδ
673 1896 869 1990 σφραγίδι.”
912 1906 961 1970 96.
988 1899 1043 1968 διά

56 2000 202 2086 ,τούτων
228 2001 264 2070 τὸ
287 1999 494 2089 ἀποτέλεσμα
517 2009 620 2070 παντί
642 2029 688 2094 τῳ
712 2009 831 2090 νομίζω
856 2002 1044 2091 καταφανὲς

74 2105 278 2188 γεγενῆσθαι
308 2107 367 2169 τοῦ
398 2100 566 2189 φήσαντος
597 2111 747 2194 χρησμοῦ
773 2099 853 2173 “καὶ
881 2102 963 2193 μετά
986 2101 1068 2184 τάςι

37 2230 62 2269 εο
76 2200 266 2290 ἑβδομάδας
283 2199 341 2280 τάς
361 2199 442 2270 ἑπτά
460 2204 514 2270 καί
540 2200 697 2290 ἑξήκοντα
716 2202 778 2273 δύο
799 2203 1044 2294 ἐξολοθρευθή-

74 2323 167 2371 σεται
185 2317 324 2390 χρίσμα,
343 2305 399 2369 καί
417 2310 518 2390 κρίμα
535 2301 599 2370 οὐκ
618 2309 709 2372 έστιν
728 2306 764 2374 έν
782 2301 904 2394 αὐτώ.”
926 2311 975 2374 97.
997 2312 1043 2373 έτι

75 2403 113 2471 δέ
131 2407 257 2492 μᾶλλον
274 2400 350 2482 ὄψει
368 2405 437 2481 πώς
456 2413 583 2490 είρηται
606 2402 642 2472 τὸ
659 2399 784 2491 “κρίμα
808 2400 870 2473 οὐκ
897 2410 988 2472 ἔστιν
1008 2408 1043 2472 ἐν

74 2500 255 2597 αὐτῷ,”τδ
272 2501 407 2593 άκριτον
421 2503 571 2573 συνιδών
584 2510 641 2593 τῆς
659 2508 726 2573 τών
743 2501 924 2595 άρχιερέων
942 2533 1043 2573 κατα-

76 2603 221 2686 στάσεως
245 2611 313 2675 τών
336 2605 417 2694 μετά
434 2603 590 2695 Ἡρώδην
613 2610 669 2676 καὶ
693 2604 775 2676 κατά
798 2603 875 2686 τούς
902 2604 1042 2696 χρόνους

36 2735 63 2774 νε
76 2711 137 2778 τοῦ
154 2712 300 2796 σωτῆρος
324 2705 420 2796 ἡμών
442 2711 682 2798 γεγενημένων.
724 2716 774 2779 98.
793 2716 851 2779 τοῦ
879 2708 942 2796 γάρ
961 2708 1043 2777 κατά

74 2807 134 2878 τδν
151 2821 249 2879 θεῖον
266 2806 370 2897 νόμον
387 2806 565 2899 άρχιερέως
583 2810 691 2880 πάντα
717 2809 776 2882 τὸν
794 2816 851 2898 της
870 2815 952 2898 ζωης
970 2809 1072 2899 χρώ-ι

75 2939 136 2980 νον
153 2909 215 2997 τὴν
233 2919 444 2997 λειτουργίαν
468 2912 596 2979 διέπειν
613 2915 874 2999 κεκελευσμένον
900 2915 953 2981 ἐπὶ
974 2918 1043 2982 δια-

76 3008 164 3103 δόχῳ
183 3013 279 3079 παιδὶ
297 3017 436 3103 γνησίῳ,
456 3009 538 3101 κατά
549 3009 625 3092 τούς
641 3016 889 3102 ἐξεταζομένους
908 3014 1043 3100 καιροὺς

75 3110 156 3201 μετά
173 3111 210 3181 τὸ
230 3111 560 3201 έξολοθρευθηναιτδ
572 3130 694 3203 χρίσμα
705 3120 745 3204 τῇ
758 3124 942 3204 προφητεία
957 3137 1043 3201 συμ-

37 3239 63 3279 εο
77 3211 215 3299 φώνως,
235 3217 363 3301 πρώτος
381 3213 444 3302 μὲν
456 3212 618 3303 Ἡρώδης,
639 3222 751 3285 ἔπειτα
771 3217 807 3284 δὲ
822 3218 877 3284 καί
891 3214 1041 3303 Ῥωμαῖοι

146 3448 160 3495 7
181 3439 211 3497 έν
226 3437 344 3512 έτέροις]
365 3448 395 3495 Α.
409 3447 435 3496 J.
450 3448 550 3509 XVIII,
562 3450 589 3507 4,
602 3452 626 3499 3.
650 3493 660 3511 ,
