2326 3818
134 114 195 179 134
539 113 687 167 οτεεοο

131 252 254 338 αὐτούς
278 258 314 325 έν
336 268 408 336 ταῖς
431 252 567 344 χώραις·
610 258 666 325 καὶ
693 253 915 345 ὑπολείψομαι
933 258 967 340 έξ
985 253 1110 333 αὐτῶν

131 354 257 446 άνδρας
276 358 313 426 έν
330 354 464 451 ἀριθμῷ
484 359 520 426 έιι
537 360 715 447 ῥομφαίας,
734 358 789 427 καλ
808 358 844 427 έκ
857 363 966 447 λιμοῦ,
986 361 1045 429 καὶ
1066 363 1108 435 ἐκ

130 455 298 547 θανάτου,
327 454 416 541 ὅπως
447 455 709 547 ἐκδιηγήσανται
739 457 847 540 πάσας
869 457 928 540 τάς
957 456 1107 550 ἀνομίας

131 557 244 630 αὐτῶν
262 562 298 629 έν
321 573 390 642 τοῖς
408 565 546 630 ἔθνεσιν
569 548 611 630 οὗ
633 554 677 628 άν
701 559 901 632 είσέλθωσιν
920 562 1007 631 ἐκεῖ·
1045 566 1104 635 καὶ

130 659 318 749 γνώσονται
336 659 386 730 ὅτι
405 660 469 749 ἐγώ
489 650 638 750 κύριος.”
1117 690 1133 735 ο

207 768 276 832 1Ῑ2.
295 759 366 832 Ἐπδ
383 767 424 851 τῇ
441 768 501 832 τοῦ
519 758 641 843 παντὸς
659 769 743 832 λαοῦ
769 768 934 854 διασπορᾷ
961 766 1016 834 καὶ
1036 772 1108 841 νῦν

101 862 373 948 οὑπολείψεσθαι
405 865 512 956 ἑαυτῷ
543 863 676 951 ὀλίγους
702 861 836 957 ἀριθμῷ
864 886 988 953 φησιν,
1020 862 1105 941 οὐδ’

128 962 250 1046 άλλους
270 969 383 1053 δηλῶν
402 971 469 1034 τῶν
486 967 747 1056 προειρημένων.

415 1181 485 1255 νθ’.
518 1180 599 1254 Ἀπὸ
616 1189 675 1254 τοῦ
695 1178 809 1254 αὐτοῦ.

200 1316 218 1344 “
229 1316 316 1389 Τάδε
334 1320 422 1407 λέγει
437 1315 582 1390 Ἀδωναλ
598 1316 727 1409 κάρτος·
756 1315 815 1389 έάν
829 1320 866 1389 δὲ
880 1318 1007 1402 καὶτὰς
1024 1324 1107 1395 τέσ-
1119 1344 1144 1387 ιο

130 1443 233 1509 σαρας
260 1419 446 1509 έκδικησεις
470 1449 535 1510 μου
565 1418 623 1502 τάς
647 1419 812 1509 πονηράς,
841 1425 1013 1513 ῥομφαίαν
1045 1428 1107 1497 καὶ

129 1523 226 1612 λιμὸν
250 1526 306 1592 καὶ
330 1531 435 1611 θηρία
459 1521 589 1610 πονηρά
617 1523 673 1592 καὶ
697 1520 866 1610 θάνατον,
893 1524 1106 1605 ἐξαποστελῶ

72 1652 116 1704 156]
132 1627 185 1694 ἐπὶ
197 1623 430 1712 Ἰερουσαλὴμ,
454 1630 514 1694 τοῦ
533 1627 771 1709 έξολοθρεῦσαι
790 1627 822 1707 ἐξ
841 1621 943 1713 αὐτῆς
961 1620 1106 1715 ἅνθρω-

130 1752 195 1795 πον
217 1727 273 1794 καὶ
298 1731 434 1812 κτῆνος,
458 1726 514 1793 καὶ
539 1722 615 1794 ἰδού
644 1722 920 1814 ὑπολελειμμένοι
951 1727 989 1795 έν
1014 1725 1105 1821 αὐτῇ

126 1833 161 1897 oc
175 1821 477 1914 άνασεσωσμένοι.”
1108 1846 1135 1893 ιτ

205 1933 273 1997 173.
296 1923 409 1998 Οὐδὲν
426 1924 470 1998 ἂν
487 1930 665 1999 καὶταῦτα
684 1929 838 2019 διαφέροι
856 1934 928 1998 τοῖν
945 1953 1105 2022 προειρη-

130 2032 250 2116 μένων.

427 2145 466 2229 ξ’.
501 2143 580 2218 Ἀπδ
597 2154 657 2218 τοῦ
675 2142 791 2217 αὐτοῦ.

99 2318 110 2346 e
207 2287 276 2352 174.
291 2279 309 2307 “
317 2277 433 2363 Οὕτως
448 2287 552 2373 κρινῶ
565 2279 663 2371 ὑμᾶς,
683 2282 770 2371 λέγει
783 2279 908 2374 κύριος,
924 2283 980 2353 καὶ
995 2283 1103 2370 διάξω

127 2381 214 2474 ὑμᾶς
230 2382 297 2456 ὑπὸ
315 2382 376 2474 τὴν
394 2381 523 2476 ῥάβδον
539 2414 623 2474 μου,
649 2386 704 2455 καὶ
725 2381 844 2466 εἰσάξω
862 2382 949 2474 ὑμᾶς
969 2386 1006 2454 ἐν
1023 2383 1142 2475 άρι-εο

127 2494 204 2581 θμῷ
236 2494 295 2576 της
326 2485 491 2575 διαθήκης
513 2515 597 2576 μου,
623 2489 679 2556 καὶ
704 2485 823 2568 ένλέξω
850 2488 882 2569 έξ
907 2483 1004 2574 ὑμῶν
1021 2487 1105 2573 τοὺς

128 2586 355 2678 ἀφεστηκότας
381 2587 539 2668 καὶτοὺς
564 2583 713 2675 άσεβεῑς,
739 2584 824 2657 διότι
850 2589 886 2657 έιι
902 2589 961 2675 τῆς
980 2613 1103 2680 παροι-

129 2697 203 2771 κίας
217 2687 329 2759 αὐτῶν
344 2685 444 2771 ἐξάξω
459 2684 593 2775 αὐτοδς,
611 2691 666 2758 καὶ
685 2695 731 2769 εἰς
742 2683 804 2776 τὴν
816 2692 880 2778 γῆν
897 2695 956 2760 τοῦ
966 2687 1104 2782 Ἰσραὴλ

129 2785 192 2859 οὐκ
211 2786 489 2861 εἰσελεύσονται.”

207 2895 278 2960 175.
298 2896 425 2980 Σαφῶς
443 2893 499 2962 ιιαὶ
526 2894 564 2961 έν
580 2889 708 2973 τούτοις
726 2888 861 2985 άριθμῷ
879 2900 1015 2981 βραχεῖς
1031 2889 1102 2967 δπδ
1114 2912 1142 2957 ¹⁸

129 2989 191 3082 τὴν
208 2990 337 3084 ῥάβδον
358 2998 418 3063 τοῦ
441 2996 526 3066 θεοῦ
549 2989 773 3082 γενήσεσθαι,
792 2995 846 3064 ἐπὶ
871 2999 916 3088 τῷ
934 2992 1013 3075 τοὺς
1031 3002 1103 3068 λοι·

89 3169 93 3176 ,
128 3093 212 3178 ποὺς
225 3101 285 3165 τοῦ
299 3091 429 3187 Ἰσραὴλ
443 3089 690 3166 άποπεσεῑσθαι
703 3101 772 3165 τῶν
786 3097 1002 3184 ἐπαγγελιῶν,
1015 3125 1102 3186 μαρ-

128 3194 269 3287 τάρεται.
301 3191 385 3266 ἀλλά
405 3195 468 3287 γάρ
486 3192 664 3281 άποδείξας
680 3194 730 3267 ὅτι
745 3195 791 3286 μὴ
806 3194 851 3279 ὦς
869 3203 985 3285 ἔτυχεν
1002 3194 1102 3268 άδια·

133 3344 333 3355 —-—-——-.

201 3429 233 3477 10
251 3427 353 3484 Ezech.
369 3432 408 3494 14,
423 3431 464 3484 21.
569 3431 601 3480 19
620 3429 723 3483 Ezeeh.
738 3431 834 3491 2136.
