2326 3818
326 154 519 206 οωΜοΝεν.
536 154 671 206 ωνεαο.
694 157 716 206 1.
736 160 762 210 ο.
988 154 1030 217 39

58 293 160 387 ῥήξας
177 290 284 384 αῦτὴν
301 289 477 382 ἀπέδωκα,
501 291 604 364 οῦδὲν
628 291 742 381 λαβιδν
760 292 850 385 παρόι
867 323 1030 386 χρεωφει-

58 392 187 467 λίτον.”

134 503 185 570 29.
211 501 323 568 Ταῦτα
342 486 384 586 ἦν
407 498 463 566 καὶ
481 493 521 566 τίι
544 499 682 566 τοιαῦτα
707 500 775 566 τιῦν
793 494 857 583 πρό
877 501 1029 580 Μωσέως

56 602 231 688 θεοφιλεῐν
248 595 403 688 ἀνδρῶν,
423 598 472 690 (ἐξ
496 597 570 680 ἑνός
588 596 650 723 γὰρ
669 600 725 668 καὶ
741 595 801 668 τόν
817 601 885 668 τσῦν
902 605 1029 670 λοιποῦν

28 728 43 770 ε
57 710 296 791 τεκμαίρεσθαι
309 698 470 789 προσήκει
490 699 637 790 βίον)
601 729 647 770 τοι
655 698 863 790 περιῦμνητα
877 707 934 787 τῆς
951 712 1028 771 θεο-

57 810 190 891 σεβείας
221 793 328 891 ἆθλα,
362 799 448 871 δι’
434 831 455 871 α
449 801 536 871 καλ
557 812 651 891 φίλοι
676 808 761 872 θεοῦ
786 803 842 872 καὶ
860 805 1028 890 προφῆται

57 903 324 994 κατηξιώθησαν.
356 909 406 974 30.
426 933 586 986 τοιοντοις
601 902 632 974 δ
655 895 730 974 οῦσι
747 912 798 984 τίς
813 913 860 974 ἔτι
873 907 1002 994 χρεία’
986 934 1029 993 ην

55 1011 125 1077 νῦν
149 1006 238 1094 παρὰ
262 1017 385 1078 Μωσει
410 1002 697 1094 παραγγελμάτων
719 1003 860 1094 φαύλοις
885 1004 1028 1129 ἀνδράσι

57 1110 113 1178 καὶ
118 1120 328 1232 μοχθηροῖς
342 1105 705 1197 παραδεδομένων;’
669 1112 796 1178 ουκοῦν
823 1105 877 1177 διό
901 1107 1029 1180 τοῦτων

15 1241 43 1280 ιο
57 1207 216 1280 ἁπάντων
233 1209 293 1281 τὸν
310 1207 529 1299 ἀρχαιότατον
546 1214 604 1298 τῆς
622 1213 690 1279 τῶν
708 1208 929 1328 προπατόρων
946 1222 1028 1281 θεο-

41 1318 152 1399 σίεβε
150 1342 188 1394 ας
218 1310 343 1400 τρόπον
373 1306 391 1380 ὁ
415 1316 563 1434 Χριστοῦ
586 1309 681 1398 λόγος
705 1315 785 1380 πᾶσι
809 1320 1053 1398 καταχγείλαςε

56 1431 125 1495 τοῖς
149 1421 264 1484 ἔθνεσι
292 1419 474 1503 προφανῶς
497 1407 802 1499 ἆτοδέδεικται,’
780 1440 824 1499 ως
854 1412 999 1480 εἶναι
965 1441 1027 1500 την

56 1513 177 1603 καινὴν
195 1513 366 1602 διαθήκην
378 1509 443 1583 οῦδ
448 1509 457 1536 ’
473 1511 579 1602 ἄλλην
592 1518 721 1600 ἐκείνης
733 1514 792 1600 τῆς
810 1507 1027 1602 ἀρχαιοτάτης

55 1620 124 1687 νῦν
142 1618 294 1699 Μωσέως
312 1613 443 1706 χρόνων
461 1610 622 1704 εῦσεβοῦς
640 1622 819 1703 πολιτείας,
839 1611 923 1684 ὥστε
940 1613 1028 1704 ὁμοῦ

16 1747 42 1789 15
56 1720 113 1788 καὶ
132 1716 278 1789 παλαιόν
304 1714 410 1806 αῦτήν
436 1716 523 1788 εἶναι
541 1719 596 1787 καὶ
614 1720 712 1787 νέαν·
741 1715 946 1803 παλαιτότην
965 1718 1027 1806 μδν

56 1819 113 1889 ’διδ
131 1819 171 1888 τὰ
189 1817 471 1910 ἀποδεδειγμένα,
489 1821 571 1889 νίαν
590 1820 627 1888 δὲ
645 1810 745 1900 αὖθις
764 1815 820 1887 διδ
833 1816 870 1887 τό
887 1836 1027 1906 μακροῖς

55 1939 125 2003 τοῖς
142 1921 264 2011 μεταξὺ
283 1920 414 2012 χρόνοις
432 1917 545 2007 ὥσπερ
568 1918 819 2008 ιἰποκρυβείσαν
839 1922 870 2002 ἐξ
889 1915 1026 2009 ῦνθροί-

55 2049 130 2092 πων
149 2013 250 2103 αὖθις
264 2021 529 2110 ἀναβεβιωκέναι
545 2020 600 2091 διαὶ
613 2026 670 2109 τῆς
689 2025 751 2091 τοῦ
768 2027 916 2108 σωτῆρος
931 2016 1026 2110 ἡμῶν

57 2129 283 2204 διδασκαλίας
326 2129 377 2194 31.
396 2123 516 2194 τοῦτόν
538 2126 579 2211 γέ
601 2152 652 2193 τοι
676 2120 734 2192 τόν
756 2122 881 2211 μεταξὺ
907 2122 1027 2209 δηλοῦ-

16 2255 42 2294 κο
56 2251 159 2313 μενον
176 2223 298 2312 χρόνον
324 2229 386 2304 ε’ως
404 2226 583 2313 συνέβαινε
606 2221 792 2294 λανθάνειν
810 2220 1035 2312 ἀνθρώπους,

57 2323 160 2395 καλ”
132 2349 245 2412 ωσπερ
266 2323 530 2413 ἐφησυχοίζειν
497 2353 556 2394 τον
569 2329 626 2411 τῆς
641 2329 757 2413 καινῆς
772 2323 936 2412 διαθήκης
950 2324 1026 2412 τρό-

56 2455 138 2516 πον,
156 2455 174 2496 ο
162 2426 346 2508 ’Μωσέως
361 2430 398 2494 ἐν
410 2455 456 2518 τω
443 2423 594 2513 μεταξῦ
608 2420 842 2511 παρεισελθών
855 2422 954 2512 νόμος
972 2421 1027 2494 οἷοί

55 2558 105 2611 τις
123 2536 255 2617 νηπίων
272 2530 326 2598 καὶ
346 2524 474 2598 ἆτελων
491 2529 609 2616 ψυχαῖν
633 2529 808 2615 ἐπίτροπος
825 2526 882 2594 καὶ
899 2524 1027 2595 οίκονό·

55 2660 133 2720 μος,
151 2661 172 2719 η
156 2627 278 2701 ”καλί
265 2629 376 2725 ίατρδς
395 2636 446 2700 δει
433 2659 489 2720 ινη
475 2630 614 2700 καλΑ
582 2630 795 2719 Αίγνπτιακη
808 2625 898 2720 νόσῳ
912 2656 1065 2718 τετρυ
1035 2659 1077 2709 οη

16 2760 43 2802 κε
52 2735 194 2858 χωμίνφ
212 2761 258 2856 ιφ
247 2735 373 2803 παντὶ
388 2728 559 2803 Ἰουδαίων
573 2737 679 2819 ἔθνει,
697 2727 811 2810 αὐτοῖς
826 2726 867 2818 δη
880 2747 950 2811 τοις
968 2733 1029 2800 τοῦ

52 2830 244 2922 Ἀβραᾶμ’
226 2832 420 2923 απογόνοις,
446 2832 492 2924 μὴ
516 2838 599 2914 οίοις
622 2861 658 2901 τε
682 2823 778 2902 οὖσιν
810 2826 931 2920 ὁμοίως
956 2849 1025 2913 τοῖς

55 2933 263 3026 προπατορσι
279 2938 489 3024 κατορθοῦν,
514 2935 573 3004 τὸν
594 2931 828 3021 ῦποβεβηκότα
852 2962 893 3003 κα
895 2929 1026 3021 λῦτελῦ

56 3046 133 3126 βίον
151 3042 346 3126 παρεδίδου.
391 3041 442 3106 32.
464 3035 577 3123 ἐπειδὴ
602 3034 665 3126 γὰρ
693 3038 786 3105 ἐν
746 3064 786 3125 τη
811 3030 891 3125 παρ’
918 3042 1026 3123 Λίγυ-

56 3146 165 3221 πτίοις
178 3143 332 3229 διατριβῇ
344 3128 436 3209 οῦτοι
451 3138 532 3225 μετὰ
545 3135 607 3225 τὴν
624 3140 692 3206 των
709 3140 882 3225 θεοφιλῶν
894 3163 1024 3225 προπα-
1040 3167 1079 3219 [13]

16 3269 43 3309 ιο
56 3240 165 3330 τόρων
177 3240 338 3329 τελευτὴν
349 3256 423 3321 ταῖς
432 3247 676 3326 Αίγυπτιακαῑς
684 3232 931 3327 όμοιοτροπίαις
942 3235 1025 3308 ῦπα-

56 3344 194 3433 χθέντες
213 3345 266 3413 ἐπὶ
284 3343 347 3430 τὴν
364 3339 551 3430 πολῦθεον,
572 3337 615 3424 ὡς
634 3346 740 3429 ἔφην,
759 3346 1026 3429 δεισιδαιμονίαν

56 3443 357 3534 ἀποπεπτῦκεσαν,
389 3438 433 3527 ῦς
468 3445 574 3534 μηδὲν
604 3445 672 3514 τοῖν
698 3448 895 3531 Αίχνπτίων
923 3445 1026 3513 πλέον
