2326 3818
143 138 207 203 624
555 137 703 190 ωοεοεω

142 280 368 369 γεγραμμένος
399 278 566 357 συνέσεως
594 280 641 370 τῷ
666 274 775 365 Ἀσάφ
801 272 921 347 “ίνατί
948 275 1075 347 δικάσω
1099 274 1117 350 ὁ

119 378 223 462 «θεὸς
248 387 294 462 είς
319 381 427 468 τέλος,
453 376 606 467 ὠργίσθη
628 373 646 448 ὁ
669 376 779 467 θυμός
802 400 865 448 σου
889 381 942 448 ἐστὶ
967 378 1119 468 πρόβατα

143 487 246 572 νομῆς
263 504 343 567 σονς
362 479 532 569 μνήσθητι
548 485 605 568 τῆς
623 485 822 568 συναγωγῆς
840 504 913 568 σου,
932 470 971 567 ἦς
990 480 1119 569 ἐκτήσω

143 580 202 653 ἄττ’
244 580 366 673 ἀρχῆς,
402 579 579 670 έλυτριάσω
620 580 749 672 ῥάβδον
790 590 1010 669 κληρονομίας
1045 606 1116 653 σου.

143 681 219 773 ὅρος
237 682 332 756 Σιάν
349 690 465 771 τοῦτο,
482 679 501 752 δ
519 679 775 770 κατεσκήνωσδς
801 687 838 752 έν
855 681 964 774 αὐτῷ,
991 691 1143 771 ἔπαρονε

142 786 200 866 τάς
218 782 330 876 χεῖράς
349 805 411 854 σου
431 785 484 854 έττὶ
502 783 559 864 τὰς
576 781 810 873 ὑπερηφανίας
827 781 940 853 αὐτῶν
953 792 1000 866 είς
1013 789 1116 868 τέλος.

143 884 205 958 ὅσα
224 886 473 973 έιιονηρεύσατο
496 882 515 954 ὁ
541 883 660 974 ἐχθρὸς
684 887 722 954 έν
739 901 809 966 τοῖς
832 879 938 972 άγίοις
956 910 1037 975 σου,
1062 890 1119 957 καὶ

146 985 411 1076 ένεκανχήσαντο
434 992 470 1056 οί
483 988 659 1075 μισοῦντές
682 1009 720 1055 σε
746 989 782 1055 ἐν
806 989 896 1079 μέσῳ
920 989 977 1075 τῆς
1003 990 1119 1078 ἑορτῆς

145 1109 218 1159 σου.
268 1093 295 1158 7.
331 1094 448 1158 ἔθεντο
470 1086 511 1157 τά
535 1103 655 1177 σημεῖα
678 1084 790 1158 αὐτῶν
814 1104 951 1176 σημετα,
976 1091 1032 1159 καὶ
1056 1088 1119 1160 οὐκ

146 1195 298 1277 ἔγνωσαν
316 1187 361 1271 ὡς
380 1197 427 1271 είς
442 1186 506 1278 τὴν
524 1195 658 1259 είσοδον
674 1186 841 1276 ὑπεράνω.
879 1184 924 1272 οἷς
943 1193 980 1260 έν
999 1193 1117 1284 δρυμῷ
1130 1223 1154 1262 ιο

118 1314 132 1356 d
146 1289 256 1374 ξύλων
272 1289 400 1374 άξίναις
420 1293 580 1374 ἐξέκοψαν
596 1289 655 1372 τὰς
668 1287 777 1377 θύρας
791 1286 892 1380 αὐτῆς
908 1292 961 1362 έιτὶ
974 1290 1010 1361 τὸ
1024 1289 1117 1381 αύτδ,

147 1397 183 1462 έν
201 1395 333 1463 πελέκει
357 1394 413 1462 καὶ
437 1395 640 1484 λαξευτηρίηο
658 1393 864 1480 κατέρραξαν
888 1390 1002 1479 αὐτην.
1050 1397 1118 1464 ένε·

78 1502 84 1514 ’
146 1491 293 1583 ιιύρισαν
316 1500 354 1563 ἐν
377 1496 460 1582 ιιυρὶ
482 1491 520 1563 τδ
545 1488 763 1583 άγιαστήριόν
786 1514 866 1581 σου,
895 1501 942 1575 είς
965 1493 1029 1582 τὴν
1054 1500 1118 1585 γῆν

148 1593 365 1683 έβεβήλωσαν
381 1592 419 1664 τδ
444 1593 604 1684 σκήνωμα
625 1597 687 1664 τού
702 1592 862 1683 δυόματάς
885 1592 976 1665 σου.”
1014 1601 1119 1667 ταύια

145 1692 242 1785 μδυὸ
262 1695 507 1785 ἑβδομηκοστδς
523 1703 633 1784 τρίτος
656 1693 800 1783 Ψαλμός.
840 1702 868 1766 8.
897 1698 953 1767 καὶ
977 1694 994 1765 ὁ
1022 1699 1117 1783 ἕβδο-
1131 1726 1154 1767 ιι

146 1795 308 1887 μηκοστός
331 1799 370 1868 δὲ
392 1795 509 1886 ὄγδοος
533 1801 592 1867 τού
612 1794 719 1885 Ἀσάφ
743 1799 800 1866 καὶ
818 1794 916 1877 αύτδς
941 1796 1119 1886 τυγχάνων
1152 1822 1155 1828 ’

145 1897 226 1970 τάδε
264 1901 409 1988 περιέχει
451 1893 495 1967 “δ
525 1896 605 1978 θεὸς
633 1898 837 1987 είσήλθοσαν
867 1906 951 1984 ἔθνη
983 1904 1030 1977 είς
1056 1896 1119 1985 τὴν

147 2007 373 2088 κληρονομίαν
391 2024 470 2086 σου,
498 2003 638 2087 ἐμίαναν
660 1996 719 2070 τὸν
743 1997 827 2069 ναόν
844 1995 902 2068 τὸν
925 1993 1022 2085 ἅγιόν
1045 2021 1117 2069 σου.

148 2107 267 2169 ἔθεντο
287 2095 499 2189 Ἰερουσαλὴμ
530 2098 575 2182 ὡς
599 2098 897 2189 ὀκωροφυλάκιον,
931 2105 1048 2171 ἔθεντο
1079 2099 1120 2170 τά

147 2212 335 2290 θνησιμαῑα
351 2206 420 2272 τῶν
439 2200 570 2273 δούλων
594 2227 656 2272 σου
679 2200 838 2291 βρώματα
863 2217 932 2283 τοῖς
955 2219 1156 2284 ιιετεινοῖςιο

81 2323 133 2376 {2⁸91
147 2304 208 2372 τού
225 2299 382 2394 ούρανοῦ,
399 2303 457 2384 τὰς
475 2302 600 2393 σάρκας
612 2309 681 2374 τῶν
698 2302 803 2374 ὁσίων
821 2326 883 2373 σου
900 2321 969 2385 τοῖς
986 2311 1119 2392 θηρίοις

147 2412 207 2494 τῆς
237 2401 327 2494 γῆς.”
351 2426 355 2432 ’
375 2413 403 2476 9.
435 2404 566 2476 τούτων
591 2408 628 2476 δὲ
650 2404 691 2476 τά
713 2407 775 2496 μὲν
805 2409 937 2494 πρώτα,
971 2408 1057 2494 λέγω
1083 2405 1121 2475 δὲ

146 2505 186 2576 τά
209 2504 275 2577 αἰιιδ
304 2513 365 2578 τοῦ
398 2510 645 2598 έβδομηκοστοῦ
675 2515 790 2595 τρίτου
815 2511 972 2595 Ψαλμού,
1009 2516 1120 2595 είρητο

148 2607 384 2696 βασιλεύοντος
408 2617 455 2679 ἔτι
480 2615 539 2678 τού
557 2611 671 2696 Λαβὶδ
694 2605 758 2699 ιτρὸ
784 2611 844 2678 τοῦ
870 2605 930 2678 τὸν
953 2602 1120 2678 ναὸνέπδ

81 2712 137 2772 (4⁶⁵)
151 2716 352 2799 Σολομῶνος
369 2715 700 2799 κατασκευασθῆναι·
729 2712 844 2790 τέλους
864 2710 900 2779 δὲ
919 2715 1036 2798 ἔτυχεν
1055 2705 1120 2778 ούκ
1132 2740 1160 2782 ετ

149 2807 266 2880 άλλοτε
288 2806 309 2898 ἢ
334 2815 468 2898 πρῶτον
492 2811 553 2900 μδν
576 2814 629 2882 ἐπὶ
651 2815 709 2900 τῆς
733 2817 964 2898 Βαβυλωνίων
986 2819 1120 2899 πολιορ-

149 2918 234 2999 κίας,
253 2909 411 3003 δεύτερον
430 2913 468 2984 δέ
487 2915 538 2983 ἐντὶ
557 2918 616 2984 τοῦ
630 2908 811 3003 Ῥωμαικοῦ
833 2910 916 2999 ιιρός
938 2908 1121 2994 Ἰουδαίους

148 3015 304 3102 πολέμου.
351 3021 398 3086 10.
429 3018 549 3085 ἕκαστα
567 3015 630 3103 γάρ
648 3020 716 3084 τῶν
735 3016 919 3103 είρημένων
937 3016 1121 3101 ἐκληροῦτο

150 3117 207 3184 έτιί
221 3142 259 3184 τε
276 3113 483 3203 τῆςτιράτης
501 3118 556 3185 καὶ
583 3119 740 3202 δευτέρας
757 3120 818 3185 τοῦ
842 3121 935 3203 ίεροῦ
953 3136 1122 3185 κατασκα-

150 3219 215 3304 φῆς
232 3220 496 3305 προγνωσθέντα
515 3219 570 3286 καὶ
588 3213 858 3306 άναφωνηθέντα
883 3221 920 3287 έν
942 3233 1011 3296 τοῖς
1031 3223 1121 3308 είρη-
1135 3250 1160 3292 οο

212 3448 399 3514 ιὴωι
520 3415 721 3509 νῆασ
