2326 3818
134 112 196 176 162
554 114 703 166 EUSEBII

130 249 283 343 ἢτρέφει
307 250 433 348 ζῷονῆ
465 251 547 342 ἀὴρ,
573 244 599 348 ᾦ
625 252 665 325 οὐ
692 253 853 345 πρόσεστί
882 283 920 344 γε
938 256 1102 346 μίασμα)

103 354 221 447 εμόνφ
242 356 278 425 δὲ
295 360 401 450 χρῷτο
431 354 513 444 πρὸς
536 352 638 426 αὐτὸν
660 352 713 427 del
737 364 783 450 τῷ
810 363 974 444 κρείττονι
997 353 1100 452 λόγῳ,

130 461 216 546 λέγω
231 458 268 528 δὲ
282 461 327 550 τῷ
345 457 390 546 μὴ
406 456 461 527 διὰ
474 455 633 546 στόματος
648 455 743 546 ἰόντι,
762 455 852 546 παρὰ
860 458 897 528 δέ
910 462 970 530 τοῦ
984 467 1099 530 καλλί·

129 585 210 630 στου
227 562 295 629 τείν
311 557 420 630 ὄντων
434 560 490 629 διὰ
506 562 566 629 τού
583 567 760 630 καλλίστου
774 565 833 630 τοῦ
848 564 885 631 ἐν
898 554 978 649 ἡμῖν
988 566 1099 650 αἰτοίη

128 659 168 733 τύ
182 660 311 751 ἆγαθιί·
330 665 410 743 νούς
426 663 467 730 δέ
477 665 568 730 ἐστιν
581 649 677 743 ούτος
690 659 836 748 ὀργάνου
845 659 890 750 μὴ
909 658 1096 751 δεόμενος.”
1110 690 1125 732 ε

74 796 115 848 μοι
208 769 256 833 12.
286 769 331 832 Εί
349 762 390 850 δὴ
403 752 465 832 οὖν
482 765 586 849 ταῦτα
604 765 659 832 καὶ
677 760 759 851 πρὸς
777 767 843 834 των
867 758 947 852 παρ’
958 760 1099 852 Ἕλλησι

130 866 325 950 διαπρεπῶν
343 860 541 951 φιλοσόφων
558 891 594 934 τε
612 867 667 934 καὶ
685 863 859 952 θεολόγων
875 862 1097 956 ὁμολογεῖται,

129 970 198 1047 πῶς
223 962 265 1033 ίὶυ
290 975 341 1051 είη
368 959 528 1047 πλύνοςύ
552 964 597 1055 μὴ
621 963 725 1054 μόνον
748 964 877 1056 λόγους,
914 962 987 1036 ἀλλ’
1015 973 1098 1057 ἔργα

127 1070 194 1136 τῶν
225 1064 334 1154 λόγων
356 1065 442 1136 πολὺ
466 1065 628 1156 πρότερον
651 1085 718 1149 τοῖς
748 1084 919 1157 φοιτηταῖς
948 1071 1098 1140 ἐκτελεῖν

128 1167 315 1257 παραδούς,
347 1166 391 1238 δι’
425 1159 473 1238 ὧν
504 1166 586 1238 κατίι
614 1166 672 1239 τόν
699 1166 808 1258 ὀρθὸν
831 1167 932 1257 λόγον
957 1176 1097 1258 ἔμελλον
1109 1200 1134 1241 ιο

128 1267 332 1357 θεραπεύειν
349 1268 385 1339 τό
403 1283 520 1354 θεῖον;
538 1268 627 1352 ὅπως
643 1272 679 1340 δὲ
697 1272 752 1340 καλ
771 1277 839 1342 τίσι
856 1270 966 1360 λόγοις
984 1277 1019 1341 οί
1034 1300 1097 1343 πα·

128 1374 215 1442 λαιολ
236 1370 384 1465 Ἑβραῖοι
408 1370 508 1443 θύειν
534 1369 800 1461 μνημονεύονται
832 1370 1041 1462 διειληφότες
1060 1377 1097 1444 έν

127 1477 172 1568 τῷ
191 1472 311 1568 πρώτῳ
337 1472 568 1564 συγγράμματι
594 1481 652 1564 τῆς
682 1472 854 1563 παρούσης
888 1469 1097 1565 ύποθέσεως,

60 1602 116 1654 ιιοε)
128 1580 267 1656 ἐκείνοις
285 1571 574 1665 ἀρκεσθησόμεθα.
613 1581 662 1646 13.
693 1578 763 1677 ἐπεὶ
782 1577 819 1645 δὲ
833 1574 915 1664 πρὸς
933 1592 1001 1657 τοῖς
1021 1579 1097 1666 ἐξη-

125 1680 299 1765 τασμένοις
317 1684 467 1766 ἔγνωμεν
485 1674 575 1762 παρὰ
599 1680 660 1746 τού
683 1681 830 1768 Χριστοῦ
855 1676 1021 1766 μαθόντες
1043 1676 1132 1751 ότιιε

125 1775 284 1866 γεννητὸς
301 1772 319 1846 ὁ
338 1777 476 1867 κόσμος,
494 1781 550 1848 καὶ
568 1774 618 1847 ὅτι
635 1775 779 1867 οὐρανός
797 1777 895 1861 αὐτὸς
919 1780 975 1850 καλ
1001 1775 1120 1869 ἥλιος.

125 1884 181 1950 καὶ
204 1879 327 1969 σελήνη
352 1882 407 1950 καλ
430 1877 535 1968 ύίστρα
551 1887 631 1968 ἔργα
654 1884 739 1951 θεού
762 1880 936 1971 τυγχάνει,
961 1883 1017 1951 καὶ
1042 1880 1095 1954 ὅτι

126 1979 187 2070 χρὴ
205 1979 248 2069 μὴ
267 1985 381 2066 ταῦτα,
400 1976 483 2050 ἇλλὰ
501 1981 559 2051 τὸν
576 1981 717 2070 ποιητὴν
735 1977 847 2053 αὐτῶν
865 1986 996 2071 σέβειν,
1016 1989 1096 2056 σκέ-

125 2094 256 2165 ψασθαι
273 2087 329 2152 ’δεῖ
343 2081 388 2171 μὴ
407 2079 471 2172 ίίρα
489 2081 705 2174 ἠπατήμεθα,
730 2088 849 2156 τούτου
872 2081 957 2173 παρ’
987 2080 1094 2158 αύτού

126 2186 342 2272 διδαχθέντες
376 2202 517 2273 φρονεῖν
558 2183 616 2256 τόν
656 2184 787 2276 τρόπον.
848 2192 896 2257 14.
933 2188 989 2256 καὶ
1024 2186 1132 2277 μὴνιο

120 2282 285 2377 Ἐβραίων
309 2289 365 2356 καλ
389 2275 487 2369 ούτος
512 2277 553 2376 ἦν
576 2282 593 2358 ὁ
613 2285 727 2377 λόγος,
754 2290 809 2358 καὶ
829 2286 1027 2377 φιλοσόφων
1056 2290 1093 2361 δὲ

124 2393 158 2457 οί
190 2385 331 2478 μάλιστα
367 2396 543 2479 διαφανεῖς
566 2408 635 2471 τοῖς
670 2389 784 2471 αὐτοῖς
820 2394 1093 2481 συνηνέχθησαν,

92 2512 104 2555 ι
122 2489 284 2580 γεννητόν
302 2494 357 2561 καλ
376 2489 479 2561 αὐτόν
496 2489 555 2562 τόν
573 2488 728 2580 οὐρανόν,
748 2495 804 2562 καλ
822 2489 934 2581 ἥλιον,
959 2494 1016 2562 καὶ
1033 2516 1094 2563 σε·

122 2591 240 2681 λήνην,
264 2594 319 2662 καλ
343 2589 462 2680 ίίστρα,
488 2594 543 2661 καὶ
570 2588 627 2662 τόν
658 2592 835 2682 σύμπαντα
858 2590 983 2684 κόσμον
1006 2592 1092 2683 πρός

121 2697 180 2762 τοῦ
198 2699 265 2762 τῶν
283 2690 372 2762 ὅλων
389 2695 529 2782 ποιητοῦ
546 2690 706 2781 γεγονότα
723 2690 983 2784 ἀποφηνάμενοι.
1003 2692 1091 2767 ἀλλὰ
1103 2725 1130 2767 σε

102 2789 178 2861 ’καλ
202 2796 398 2864 συντέλειαν
422 2795 477 2863 καλ
502 2791 689 2884 μεταβολὴν
712 2792 773 2884 τὴν
798 2798 852 2866 ἐπὶ
875 2794 915 2865 τὰ
951 2802 1091 2886 κρείττω

121 2898 220 2964 τοῦδε
238 2898 298 2966 τού
314 2894 438 2977 παντὸς
456 2901 595 2966 ἔσεσθαι
613 2900 805 2985 προσδοκᾶν
823 2901 992 2987 ἐδίδαξεν,
1016 2915 1091 2983 ταῖς

117 2990 280 3086 Ἐβραίων
299 2999 354 3067 καὶ
372 2999 468 3067 τούτο
486 2993 681 3080 ἀκολούθως
699 3017 853 3090 γραφαῖς.
888 3005 937 3072 15.
956 3007 993 3070 τί
1007 2990 1089 3087 ούν;
1135 3048 1146 3061 ·

121 3095 194 3188 ούχλ
214 3096 304 3169 καὶὸ
328 3096 473 3170 Πλάτων
497 3097 631 3189 φύσεως
656 3106 756 3190 λυτῆς
782 3103 838 3172 καὶ
862 3105 1017 3191 φθαρτῆς
1040 3103 1089 3175 οί-

123 3205 181 3270 δεν
206 3197 308 3272 αύτόν
339 3228 374 3271 τε
398 3199 544 3290 οὐρανόν
568 3205 623 3272 καλ
654 3199 749 3293 ἥλιον
784 3206 839 3273 καὶ
863 3201 1008 3293 σελήνην
1031 3207 1128 3275 καίεο

120 3301 197 3385 τοὺς
221 3303 356 3386 λοιπούς
380 3297 532 3395 ἀστέρας,
556 3312 587 3377 εί
610 3308 665 3375 καλ
689 3304 734 3395 μὴ
760 3303 977 3394 λυθήσεσθαί
1002 3329 1087 3395 φησι

118 3407 239 3492 ταῦτα,
261 3407 307 3498 τῷ
325 3402 369 3495 μὴ
387 3403 446 3478 τόν
463 3406 680 3497 συμπήξαντα
695 3405 896 3496 βούλεσθαι,
922 3407 975 3478 16.
994 3414 1026 3479 εί
1051 3404 1083 3479 δ’
