2326 3818
327 110 512 162 υιιΜοαεΤ.
531 111 664 162 EVANG.
688 113 735 162 ετ.
754 113 778 166 ι,
977 109 1040 172 219

65 251 170 341 ῶρῶν
179 279 215 319 τε
228 254 284 320 καὶ
302 249 517 336 καιρῶν-τοτὲ
535 250 597 336 μὲν
614 246 779 338 αὐξήσεις,
797 251 870 318 τοτὲ
885 251 922 319 δὲ
939 249 1041 338 μειῶ-

72 375 157 439 σεις,
190 350 334 431 κύκλους
357 378 393 419 τε
418 351 580 419 ἐνιαυτῶν
603 352 659 419 καί
690 348 867 439 περιόδους
897 350 1039 440 χρόνων,

72 451 205 543 ῶστρων
215 481 250 521 τε
268 447 506 540 περιδινήσας,
524 447 623 537 ήλίου
641 476 677 518 τε
695 448 850 540 δρόμους,
870 453 925 519 καὶ
944 451 1039 539 σελή-

71 584 132 643 νης
149 551 291 643 τροπὰς,
318 560 530 641 συμπαθείας
553 579 589 621 τε
614 553 670 621 καὶ
688 547 907 631 ἀντιπαθείας
931 549 1066 623 ἁπαν-ι

39 688 58 728 ,ε
72 685 151 742 των,
171 657 225 724 καὶ
243 652 368 742 κόσμον
386 656 446 723 ἕνα
464 649 576 723 αύτῶν
594 657 626 736 ἐξ
644 650 814 741 ἁπάντων,
832 643 896 741 ότρό
910 673 962 721 σοι
979 650 1041 738 τήν

72 753 211 844 ἀλογίαν
237 757 293 825 καί
317 754 353 825 τό
373 759 445 843 είκή
467 757 523 823 καὶ
542 749 587 834 ῶς
605 763 722 843 ἔτυχεν
739 761 851 824 αίτίαν
870 753 1041 823 εἶναιτῶν

71 853 160 927 όλων
190 856 330 946 θεμιτὸν
356 853 622 944 ἀποφαίνεσθαι,
653 852 675 944 ἢ
706 854 806 944 λόγον
834 853 878 936 ῶς
905 851 1041 943 ἀληθῶς

70 963 158 1030 θεοῦ
175 961 231 1028 καὶ
255 961 343 1030 θεοῦ
368 966 493 1046 σοφίαν
516 959 571 1027 καί
590 963 674 1027 θεοῦ
696 955 858 1046 δύνασιν,
884 961 941 1027 καὶ
964 954 1040 1027 ταύ-

71 1090 132 1148 την
149 1068 247 1149 μίαν,
266 1055 341 1129 ἀλλ’
362 1055 402 1129 ού
427 1056 590 1139 πολλας’
573 1074 754 1146 ανυμνεϊν;
786 1064 814 1127 9.
836 1062 907 1128 ἐπεὶ
931 1061 1021 1128 καλ’
1006 1088 1041 1128 εν

27 1194 58 1233 ,το
72 1158 246 1281 ρἰνθρῶιιῳ
264 1168 323 1249 μία
341 1157 431 1247 ψυχή
445 1161 554 1227 καί
513 1188 573 1247 μια
588 1158 702 1280 λογική
717 1157 858 1246 δύναμις
875 1168 1042 1230 πλείστων

71 1257 155 1385 ὁμρυ
144 1257 334 1347 ”’”γίνοιτ
315 1291 358 1330 αν
377 1259 594 1349 δημιουργὸς,
618 1289 639 1350 η
629 1249 713 1329 καὶ
736 1277 897 1349 γεωργεῖν
914 1260 935 1348 ή
955 1258 1041 1349 αύτή

71 1364 128 1430 καὶ
151 1378 339 1449 ναυπηγεῖν
362 1364 418 1430 καλ
442 1363 613 1448 κυβερναν
637 1363 755 1429 καλί
720 1367 910 1448 οἰκοδομεῖν
935 1355 1041 1429 πολλὰ

72 1466 230 1550 μαθοῦσα
250 1459 474 1549 ἐπιβάλλοντα·
503 1463 558 1529 καί
578 1456 625 1541 εἷς
643 1464 758 1541 νοῦςί
758 1491 778 1530 ν
796 1457 967 1554 ῦνθρῶπῳ
986 1465 1041 1531 καὶ

72 1559 227 1650 λογισμός
253 1559 375 1645 δέξαιτ’
406 1559 449 1632 ῶν
472 1588 551 1631 ποτε
573 1567 704 1650 μυρίων
729 1560 925 1650 ἐπιστήμας,
957 1590 1041 1650 γεω-

30 1695 59 1734 15
72 1663 227 1753 μετρήσει
252 1692 288 1732 τε
309 1662 327 1732 ὁ
353 1659 451 1744 αῦτδς
475 1666 530 1732 καὶ
555 1660 812 1752 ἆστρονομήσει,
843 1667 898 1733 καὶ
923 1663 1040 1753 λόγους

72 1771 298 1855 γραμματικῆς
321 1762 514 1856 παραδῶσει
537 1767 593 1834 καὶ
618 1768 783 1855 ίατρικής,
816 1773 853 1836 ἒν
878 1793 914 1834 τε
931 1764 1039 1854 μαθή-
1054 1796 1108 1847 (ιω)

71 1890 152 1955 μασι
179 1870 326 1948 καὶτοῖς
352 1859 435 1937 κατόι
458 1883 570 1956 χεῖρας
593 1864 831 1956 προστήσεται·
868 1869 922 1935 καὶ
946 1864 1040 1936 οὕτω

70 1996 109 2054 γε
127 1965 239 2049 οῦδελς
257 1967 391 2038 πῶποτε
409 1976 545 2047 πλείους
567 1971 603 2037 ίν
617 1970 667 2038 ἑνὶ
686 1967 814 2058 σῶματι
833 1967 940 2058 ψυχὰς
957 1966 1042 2055 ἡγή-

73 2091 153 2136 σατο
172 2068 275 2156 εἶναι,
294 2067 376 2138 οῦδὲ
394 2068 517 2148 πολλός
532 2070 725 2158 ἐθαύμασεν
737 2065 923 2159 ιἰυθρῶπου
940 2067 1041 2139 δυνό-

28 2199 59 2238 εο
73 2195 144 2255 μεις
164 2169 218 2236 διδι
236 2167 297 2256 τήν
315 2175 383 2238 τῶν
400 2174 535 2240 πολλῶν
552 2168 760 2258 μαθημάτων
777 2169 957 2259 ὑποδοχήν.
992 2177 1039 2239 10.

73 2275 104 2338 εί
122 2270 158 2337 δὲ
183 2271 238 2337 καλ
261 2266 414 2356 ἄμορφον
436 2266 523 2356 ῦλην
541 2274 649 2358 πηλοῦ
675 2299 724 2351 τις
749 2269 876 2359 εὑρῶν,
903 2268 1041 2340 κόλπειτα

73 2371 188 2459 χερσίν
214 2367 387 2450 ότπαλύνας
412 2369 565 2458 ἐπιθήσει
589 2368 673 2461 ζῶον
696 2369 847 2458 μορφήν,
872 2369 962 2461 ῶλλῳ
980 2372 1043 2458 μὲν

73 2469 213 2560 σχήματι
238 2469 406 2558 κεφαλήν,
432 2488 544 2559 χεῖρας
571 2471 607 2538 δε
632 2472 686 2538 καὶ
705 2468 810 2550 πόδας
829 2473 966 2559 ἑτέρως,
986 2473 1042 2538 καὶ

70 2569 271 2662 ὀφθαλμούς
290 2570 391 2643 πόλιν
409 2569 533 2659 ἄλλως,
551 2573 607 2641 καὶ
626 2570 764 2660 παρειὰς
783 2570 954 2659 ὡσαύτως,
975 2562 1042 2639 ῶτοί

29 2703 60 2743 ετ
74 2703 108 2744 τε
126 2676 181 2743 καὶ
200 2673 304 2763 στόμα
327 2676 382 2744 καί
407 2680 503 2765 ῥίνας
521 2676 641 2760 στέρνα
658 2700 694 2742 τε
711 2675 767 2742 καὶ
792 2670 902 2761 ῶμους
919 2668 1041 2742 ῦποτυ-

74 2773 268 2862 πωσόμενος
286 2777 384 2866 τέχνη
403 2780 443 2866 τή
462 2779 643 2865 πλαστικῇ,
662 2764 727 2861 ῦρα
745 2777 816 2845 ἐπεὶ
835 2774 942 2844 πολλὰ
961 2772 1042 2864 σχή-
1055 2806 1069 2845 b

74 2902 160 2962 ματα
183 2877 238 2943 καλ
262 2877 344 2963 με’λη
362 2879 417 2945 καλ
434 2874 554 2964 μίρη’
535 2905 584 2965 υφ
590 2872 670 2946 ’ἑνὶ
696 2874 822 3000 σῶμριτι
842 2875 1043 2965 δεδημιούρ-

73 3004 187 3096 γηται,
212 2973 391 3057 τοσούτους
416 3005 477 3098 χρη
465 2976 551 3047 καὶ
568 2974 646 3058 τούς
664 2977 801 3065 ποιητὰς
825 2972 1002 3065 ήγεισθαι,
1022 2971 1041 3062 ή

72 3074 131 3146 τόν
154 3081 214 3146 τοῦ
238 3077 361 3159 παντὸς
384 3074 517 3167 ἆθρόως
541 3087 694 3167 τεχνίτην
714 3082 901 3149 ἐπαινείν’
885 3080 935 3147 ενὶ
955 3086 1042 3163 λογι

32 3181 146 3271 εοσμῶ
170 3181 225 3247 καὶ
249 3184 308 3270 μιᾷ
332 3177 473 3269 δυνάμει
497 3177 533 3248 τό
558 3183 626 3248 πᾶν
648 3178 911 3267 τεκτηνάμενον;
937 3182 985 3246 11.
1011 3185 1045 3245 τί
1112 3198 1114 3200 ’

76 3284 159 3367 δήτα
177 3285 355 3369 τοιγαροῦν
373 3283 427 3350 ἐπὶ
444 3287 503 3350 τοῦ
527 3280 667 3367 παντὸς,
693 3279 766 3359 ἑνός
790 3280 852 3367 μλν
874 3275 986 3364 όντος,
1007 3282 1043 3347 ἐκ

73 3389 185 3470 μερῶν
204 3383 240 3451 δὲ
258 3389 424 3472 πλείστων
447 3379 657 3470 ὑφεστῶτος,
682 3377 806 3463 πολλαὶς
826 3384 913 3470 ηρὴυ
932 3378 1061 3446 {mzt-
