2326 3818
133 116 192 180 158
532 114 683 166 Ευεεοιι

130 255 195 345 άρα
213 246 256 343 ήν
274 253 408 343 φύσεως
431 249 451 342 ή
476 256 553 342 περὶ
571 250 674 325 αάτόν
700 252 858 343 δύναμις·
882 250 932 336 οἷς
957 251 1103 328 άκολού-

132 370 202 438 θως
224 359 279 427 καὶ
296 354 336 427 τά
361 363 420 444 τῆς
446 354 520 425 κατ’
546 352 649 426 αύτὸν
673 363 862 445 θεολογίας,
899 355 944 438 ὥς
967 354 1042 429 οἷόν
1064 362 1104 431 τί

131 463 221 530 ἐστιν
249 457 331 548 ήμῑν
354 461 574 545 ἐποπτεῦσαι,
599 455 817 547 ποιησόμεθα.
872 461 944 528 ἐπεὶ
981 466 1103 532 τοίνυν

77 587 116 637 μοι
132 567 198 631 των
222 559 372 631 ἀπίστων
395 566 431 630 oc
451 565 587 639 πλείους
610 557 713 648 γόητα
739 561 795 628 καὶ
825 558 954 630 πλάνον
973 558 1101 633 άποκα·

130 672 267 744 λούντες
305 654 362 731 κάλ
401 668 537 750 μυρίαις
565 656 680 742 άλλαις
709 668 924 749 κακηγορίαις
948 668 1126 754 βλασφηε

129 773 269 852 μοῦντες
293 759 397 833 αὐτόν
420 758 514 832 ούπω
538 764 594 830 καλ
617 768 687 832 νύν
710 760 892 850 παύονται,
925 769 1008 853 φέρε
1045 769 1102 837 καὶ

130 864 211 953 πρός
229 863 366 945 τούτους
391 859 651 952 ἀποκρινώμεθα
673 874 829 952 οίκοθεν,
848 864 910 952 μὲν
927 863 1047 953 ούδδν,
1067 872 1101 953 ἐξ

130 965 244 1036 αὐτων
270 965 307 1034 δὲ
324 971 392 1033 τῶν
410 963 515 1034 αὐτοῦ
533 970 659 1053 φωνῶν
677 967 732 1035 καὶ
751 956 791 1055 ής
808 970 983 1054 παρέδωκε
1002 973 1100 1040 διδα-

130 1074 268 1148 σκαλίας
285 1064 343 1149 τάς
361 1068 564 1154 παραθέσεις
582 1065 786 1155 ποιούμενοι.

103 1202 115 1239 ι
206 1183 253 1243 lll.
285 1171 458 1240 Πευστέον
484 1166 526 1255 δή
544 1165 657 1237 αύτων
680 1180 715 1239 εί
740 1171 822 1239 ποτέ
841 1197 890 1250 τις
913 1167 1013 1251 ἄλλος
1030 1188 1138 1243 τοιὲιο

129 1275 226 1353 οὗτος
260 1270 384 1353 πλάνος
421 1268 590 1359 ἱστόρηται
620 1269 804 1361 πραότητος
835 1273 891 1339 καὶ
922 1275 1101 1356 ἐπιεικείας

129 1375 350 1466 σωφροσύνης
380 1402 416 1444 τε
446 1374 502 1442 καὶ
528 1379 586 1461 τῆς
616 1369 718 1461 άλλης
748 1371 867 1461 άρετής
900 1371 1101 1457 διδάσκαλος
1150 1438 1157 1445 .

129 1492 197 1559 τοῖς
225 1474 452 1563 άπατωμὲνοις
488 1474 635 1563 γεγονός
664 1485 784 1561 αἴτιος,
815 1476 872 1542 καὶ
902 1481 933 1544 εί
959 1475 1102 1564 θεμιτόν

129 1576 257 1659 τούτοις
289 1573 472 1648 ἀποκαλεῖν
500 1593 568 1659 τοῖς
602 1575 743 1665 ὀνόμασι
772 1572 831 1645 τόν
867 1576 952 1664 μηδὲ
984 1579 1101 1666 ἐμβλέ·

129 1702 206 1746 πειν
236 1676 319 1768 μετά
351 1683 531 1767 ἕπιθνμιας
563 1676 749 1747 άκολάστον
784 1681 938 1765 γυναιξὶν
973 1682 1138 1768 ἐπιτρό-
1112 1708 1137 1749 ιε

131 1793 257 1869 ψαυτα,
290 1780 404 1853 καλί
373 1787 404 1850 εί
428 1779 591 1862 πλύνας’
576 1808 594 1849 ο
618 1809 680 1867 την
711 1776 811 1862 είς”
789 1808 894 1901 ακρον
926 1779 1101 1903 παραδούς

129 1891 334 1971 φιλοσοφίαν
349 1884 385 1951 ἐν
400 1888 448 1972 τῷ
458 1882 535 1961 τούς
549 1879 706 1969 φοιτητὰς
717 1879 893 1950 παιδεύειν
905 1887 974 1952 τῶν
987 1868 1100 1973 ύπαρ-

60 2013 115 2064 (ιω)
129 1979 257 2068 χόντων
277 1986 405 2054 ἐνδεέσι
424 1979 961 2071 κοινωνεῖνκαλτόφιλόπονουκαὶ
978 2011 1101 2108 κρινω-

130 2081 225 2153 νικόν
251 2087 329 2173 περὶ
353 2087 479 2154 πολλοῦ
501 2092 678 2171 τίθεσθαι,
702 2087 759 2153 καὶ
783 2091 815 2155 εί
841 2082 1012 2165 πλάνος’
997 2113 1015 2155 ο
1039 2090 1099 2175 τῆς

129 2183 308 2275 πανδήμου
330 2189 386 2255 καὶ
404 2183 563 2273 άγελαίου
588 2189 644 2255 καλ
666 2184 889 2275 θορυβώδους
914 2196 1136 2271 συνουσίαςιο

130 2284 331 2377 άνεγείρωυ,
351 2287 523 2358 διδάσκων
541 2290 578 2359 δὲ·
595 2285 704 2377 μόνην
717 2286 924 2372 ἀσπάζεσθαι
941 2285 1003 2375 τήν
1020 2294 1099 2374 περὶ

129 2387 168 2458 τά
190 2402 271 2461 θεῖα
296 2390 392 2478 λόγια
423 2390 556 2481 σχολήν.
592 2389 652 2460 λδ
671 2391 709 2460 δὲ
723 2388 845 2471 παντὸς
862 2388 925 2477 μὲν
949 2388 1099 2473 ψεύδους

129 2488 345 2580 ἀποτρέπων,
370 2491 432 2580 τήν
459 2488 492 2562 δ’
514 2489 679 2580 ἀλήθειαν
695 2490 759 2579 πρὸ
778 2490 901 2572 παντὸς
919 2494 1018 2578 τιμάν
1035 2519 1099 2563 πα-

130 2599 267 2681 ραινῶν,
287 2589 331 2674 ως
349 2591 428 2682 μηδ’
451 2590 605 2680 εὐορκίας
629 2599 782 2680 δεῖσθαι,
801 2599 927 2662 πολλοῦ
950 2598 1006 2663 δεῖ
1028 2598 1098 2665 ἐπι·

128 2709 257 2780 ορκεῖν·
272 2690 381 2763 “ἒστω
389 2691 452 2783 γάρ
460 2688 556 2781 ὑμῶν
569 2691 606 2763 τό
613 2696 670 2763 ναλ
688 2701 756 2782 ναί,
765 2693 801 2764 τό
819 2690 859 2764 ού
873 2690 948 2763 ού·”
964 2701 1035 2777 πως
1053 2690 1098 2767 άυ
1108 2722 1137 2763 ιε

128 2791 252 2876 πλάνος
271 2799 411 2876 ἐνδίκως
427 2791 651 2884 όνομασθείη;
678 2797 734 2865 καὶ
751 2803 787 2865 τι
809 2825 850 2884 με
875 2794 938 2886 χρή
956 2802 1098 2867 πλείονα

130 2899 194 2964 νῦν
221 2899 351 2984 λέγειν,
383 2896 492 2985 παρόν
518 2900 616 2966 ἐκ
571 2926 640 2967 των
663 2895 816 2988 πρόσθεν
843 2901 1029 3016 είρημὲνων
1045 2907 1097 2981 τίς

127 3023 207 3067 ποτε
224 2986 267 3086 ήν
310 2992 466 3086 ὁτρόπος
489 3002 615 3086 μνωναι
633 3003 709 3125 τής
707 2993 770 3068 ὑπ’
791 2995 897 3069 αύτού
924 3023 1097 3070 κατασπα-

99 3107 290 3222 ιρείσης
258 3127 304 3169 τω
293 3103 387 3194 βιφ
405 3098 623 3189 πολιτειας,’
606 3099 666 3188 αφ’
687 3091 726 3189 ἧς
744 3097 806 3190 οὐχ
840 3099 930 3181 όπως
952 3099 1094 3192 πλάνον,

128 3197 211 3271 άλλά
229 3230 305 3274 τινα
322 3215 420 3272 θεῖον
438 3197 481 3283 ύς
495 3200 630 3291 άληθως
648 3205 704 3272 καλ
722 3209 819 3285 θείας
836 3203 892 3272 καὶ
918 3200 1092 3294 εὐσεβοῦς,
1105 3226 1133 3268 ω

128 3299 206 3370 ἀλλ’
226 3300 267 3373 06
284 3308 342 3392 της
364 3309 478 3393 κοινῆς
501 3308 557 3374 καλ
580 3302 758 3394 πανδήμου
782 3312 981 3393 φιλοσοφίας
1004 3312 1094 3395 είση-

128 3400 233 3491 γητήν
250 3407 315 3486 πάς
332 3403 350 3473 6
368 3403 559 3495 φιλαλήθης
574 3404 677 3476 αὐτὸν
694 3401 895 3495 ὁμολογήσαι
913 3403 972 3491 άν;
991 3410 1019 3478 3,
1034 3406 1094 3477 τὸν
