2326 3818
76 114 140 178 482
487 115 636 166 εοεεεει

9 351 64 400 μου
386 316 464 391 Ἀπό
482 323 541 390 τοῦ
553 317 724 411 Ἱερεμίου.

48 486 62 526 ι
153 461 202 526 37.
216 453 322 527 “Ἰδοδ
336 454 455 545 ἡμέραι
467 464 629 544 ἔρχονται,
648 459 736 543 λέγει
750 453 876 546 κύριος,
895 459 955 526 καὶ
968 454 1057 531 ἅνα-

75 556 184 646 στὴσω
202 562 247 651 τῷ
266 560 382 646 Δαβλδ
404 554 570 645 ἆυατυλὴν
596 563 750 646 δικαίαν,
774 559 831 626 καὶ
850 559 1055 643 βασιλεύσει

74 658 249 748 βασιλεὺς,
268 662 323 729 καὶ
343 660 499 746 συνήσει,
520 661 576 727 καὶ
593 657 724 746 ποιὴσει
742 666 844 749 κρίμα
862 660 917 728 καλ
938 666 1054 735 δικαι-

6 790 57 843 [εεε]
72 760 199 851 οσύυηυ
225 765 278 830 ἐπὶ
302 768 359 848 τὴς
383 765 453 847 γῆς.
497 764 534 829 έν
551 776 623 840 ταῖς
640 758 776 848 ἡμέραις
799 757 904 831 αὐτοῦ
930 763 1079 855 (τυτθή-ε

73 886 164 933 σεται
186 860 331 949 Ἰούδας,
355 863 411 930 καί
432 857 833 950 Ἰσραὴλκατασκηνύσει
858 864 1052 957 πεποιθώς,

74 967 130 1034 καὶ
153 969 251 1033 τούτο
274 960 310 1031 τό
336 959 440 1052 ὄνομα
464 957 483 1032 δ
507 965 638 1032 καλέσει
663 960 766 1032 αὐτὸν
784 960 917 1050 κύριος,
933 960 1053 1038 'Imus-

74 1066 188 1152 δεκελμ
207 1067 243 1133 έν
260 1079 328 1144 τοῖς
345 1062 539 1153 προφήταις.
578 1067 615 1133 ἐν
632 1068 672 1154 τῇ
689 1058 796 1156 ἡμέρᾳ
821 1067 951 1155 ἐκείνῃ,
972 1066 1052 1139 εἷπε

73 1163 206 1254 κύριος,
232 1172 403 1255 συντρίψω
426 1163 486 1236 τόν
510 1164 609 1253 ζυγόν
634 1162 699 1234 ἆπδ
723 1162 889 1254 τραχήλου
916 1161 1048 1259 αὐτῶν,
1138 1171 1140 1184 ’

72 1269 128 1336 καλ
144 1264 222 1347 τούς
241 1265 381 1356 δεσμούς
399 1263 510 1337 αὐτῶν
529 1264 707 1355 διαρρὴξω,
725 1269 781 1335 καλ
798 1264 861 1336 ούκ
881 1269 1084 1354 ε’ργοὶνταειο

72 1375 119 1438 ἔτι
137 1381 230 1451 θεοῖς
249 1372 389 1458 ἑτέροις,
408 1365 491 1438 ἀλλὰ
511 1371 671 1458 έργῶνται
699 1375 805 1462 κυρίῳ
823 1371 869 1460 τῷ
888 1373 960 1460 θεῷ
980 1365 1048 1440 αὖ·

42 1475 156 1560 miv,
184 1474 239 1541 καλ
262 1469 320 1540 τόν
337 1472 452 1557 Δαβλδ
476 1472 614 1558 βασιλέα
639 1467 750 1538 αὐτῶν
773 1466 951 1555 ἀναστήσω
980 1467 1046 1541 αύ-

70 1570 171 1654 τοίς.”

146 1679 196 1743 38.
217 1669 314 1743 Μετδι
332 1682 488 1742 πλείστου
499 1675 557 1759 τῆς
571 1676 724 1757 τελευτῆς
742 1674 802 1740 τού
811 1673 937 1761 Λαβλδ,
956 1670 1045 1745 ἀλλὰ
1127 1665 1142 1738 ‘³³1

70 1776 203 1844 καὶτοῦ
222 1777 422 1862 Σολομῶνος
445 1771 567 1862 χρόνον
590 1776 694 1841 ταῦτα
718 1775 774 1841 καὶ
788 1767 944 1861 Ἱερεμίας
962 1777 1043 1864 περὶ
1055 1800 1080 1843 ιε
1129 1747 1141 1832 λ

69 1879 130 1946 τού
160 1877 338 1964 μέλλοντος
369 1878 404 1943 ἐκ
430 1877 615 1964 σπέρματος
643 1871 893 1960 ἀναστήσεσθαι
923 1878 1043 1964 Λαβλδ

69 1981 232 2063 βασιλέως
257 1982 423 2061 θεσπίζει,
447 1971 488 2044 δν
511 1975 724 2063 πρῶτονμὲν
747 1972 914 2063 ἆνατολὴν
931 1986 1039 2066 καλεῖ,

70 2078 126 2145 καὶ
145 2074 207 2164 οὐχ
226 2074 349 2161 διπλοῖς,
368 2071 452 2144 ἀλλὰ
472 2082 617 2163 δικαίαν,
637 2075 681 2157 ὦς
701 2071 744 2146 όίν
762 2080 794 2159 ἐξ
813 2074 912 2162 ἡλίου
931 2083 1043 2148 δικαι-

69 2175 192 2265 οσύνης
217 2173 482 2266 συστὴσόμευου,
507 2181 583 2267 περὶ
606 2167 648 2246 οὗ
673 2176 891 2266 διειλὴφαμευ
911 2180 948 2249 έν
965 2195 1040 2260 ταῖς

69 2282 229 2369 περὶτοῦ
260 2281 418 2368 δευτέρου
442 2286 551 2349 αίτίου
580 2276 807 2366 ἀποδείξεσιν,
841 2282 878 2348 έν
902 2275 956 2361 αλς
979 2280 1078 2352 τόνεο

40 2379 215 2471 οπροόντα
232 2388 292 2450 τοῦ
310 2387 394 2450 θεοῦ
413 2379 513 2468 λόγου
529 2387 664 2470 μυρίαις
682 2381 887 2471 κεχρημένον
906 2384 1040 2452 ἐπωνυ-

66 2492 156 2572 μίαις
175 2485 231 2552 καί
249 2481 344 2570 ἡλιυυ
362 2482 575 2571 δικαιοσύνης
592 2479 813 2570 ὀνομάζεσθαι
836 2479 1040 2552 όιπεδείκνυ-

66 2613 141 2673 μεν,
160 2585 222 2672 τὴυ
236 2582 434 2671 φάσκουσαν
446 2590 654 2672 προφητείαν
662 2578 754 2663 “vocs
767 2583 804 2651 δέ
813 2585 1039 2671 φοβουμένοις

66 2715 106 2775 με
136 2685 291 2755 ιἰυατελεῑ
319 2682 411 2771 ἡλιος
440 2680 675 2771 δικαιοσύυὴς”
701 2686 939 2773 παραθέμενοι.
983 2690 1035 2756 39.

67 2783 180 2872 ὥσπερ
204 2775 267 2854 οὖν
289 2781 385 2870 ἡλιον
409 2783 640 2874 δικαιοσύνης,
675 2782 762 2855 οὕτω
789 2787 845 2854 καὶ
868 2781 1075 2874 όνατολὴυεε

68 2893 202 2956 δικαίαν
231 2884 249 2955 ὁ
276 2884 371 2976 λόγος
403 2888 456 2956 ἐπὶ
481 2891 541 2957 τοῦ
570 2885 734 2976 παρόντος
763 2884 965 2976 ἀναστήσειν
989 2891 1036 2981 τῷ

66 2991 180 3076 Λαβλδ
210 2986 424 3079 προφητεύει.
474 2986 533 3058 τόν
558 2985 660 3059 αὐτόν
686 2989 722 3058 δὲ
751 2992 872 3059 τούτου
895 2992 1036 3077 βασιλέα

66 3094 240 3179 συνιέντα,
266 3094 321 3160 καλ
345 3095 505 3162 ποιοῦντα
528 3099 629 3182 κρίμα
658 3092 713 3160 καλ
738 3087 956 3178 δικαιοσύνην
981 3092 1036 3159 ἐπὶ

65 3201 121 3281 τῆς
141 3199 201 3283 γῆς
220 3191 448 3283 προαγορεύει.
487 3192 558 3262 εἶτα
576 3195 632 3262 καὶ
650 3187 835 3282 ὁμωνύμως
852 3190 911 3261 τὸν
929 3189 1034 3261 αὐτόν

68 3342 269 3351 —-—.-.-—.

134 3427 149 3474 2
168 3426 227 3476 Jer.
241 3427 282 3488 23,
296 3426 321 3478 6.
