2326 3818
124 116 188 179 284
527 116 675 166 ιεαειιωιτ

57 286 108 337 (τοο)
126 258 212 328 εἶναι
230 254 266 325 τὸ
282 257 443 344 διαφέρον
455 258 523 325 τῶν
536 252 614 344 παρ’
632 250 795 344 Ἑβραίοις
809 255 992 342 προφητῶν
1014 253 1106 344 πρὸς

123 356 164 427 τὰ
182 362 250 426 τῶν
273 361 398 426 λοιπῶν
424 360 535 426 ἐθνῶν
552 353 749 445 χρηστήρια·
783 352 827 436 ῶς
851 351 914 442 γὰρ
928 348 1105 442 Ἑβραίοις

126 456 182 528 διὰ
210 465 278 528 τῶν
300 461 441 528 τοιῶνδε
465 463 664 546 προφητῶν,
696 452 783 526 οὕτω
810 457 957 536 καὶτοῖς
981 452 1104 541 ἄλλοις

126 567 240 631 ἔθνεσι
258 560 314 629 διὰ
331 563 399 629 τῶν
416 558 499 628 κατὰ
516 557 619 627 τόπον
637 560 802 645 μαντειῶν
814 554 872 625 τόν
884 558 938 626 ἐπὶ
956 555 1104 631 πάντων

124 660 208 732 θεόν
232 666 316 751 χρῦν
338 663 392 730 καὶ
416 657 457 728 τῦ
482 662 697 748 συμφέροντα
721 656 955 728 ὑποτίθεσθαι.
995 664 1027 728 4.
1056 660 1129 750 μήε

124 762 188 881 γὰρ
203 759 376 834 Ἰουδαίων
400 758 511 882 μόνον
528 759 614 829 εἶναι
631 757 731 847 θεὸν,
759 756 842 828 ἀλλὰ
866 761 922 828 παὶ
938 762 1009 829 τῶν
1028 770 1105 833 λοι-

125 867 200 934 πῶν
217 861 374 931 ἁπάντων
392 856 600 982 ῦνθροήπων
628 858 745 929 καὶ’
708 889 749 929 ου
772 865 899 949 μᾶλλον
918 859 1104 952 ἐκείνωνῆ

124 962 253 1034 τούτων
268 960 444 1049 κήδεσθαι,
459 988 595 1031 παντων
608 959 640 1031 δ
663 965 695 1044 ἐξ
710 972 785 1031 ίσον
799 978 968 1050 προνοεῖν,
984 960 1103 1053 ῶσπερ

126 1055 189 1133 οῦν
207 1065 262 1131 καὶ
279 1058 375 1152 ήλιον
397 1058 558 1151 ἀφθόνως
575 1078 644 1143 τοίς
668 1067 749 1132 πῦσι
768 1052 1000 1151 δεδωρῆσθαι,
1020 1061 1101 1134 ἀλλ

127 1160 168 1234 οῦ
186 1163 299 1252 μόνοις
313 1159 488 1253 Εβραίοις,
507 1165 616 1234 καὶ
581 1193 638 1245 τας
654 1168 804 1253 ἐτησίους
817 1169 884 1233 τῶν
899 1166 1103 1287 ἐπιτηδείων
1115 1196 1139 1237 ιο

99 1294 113 1334 b
128 1273 301 1354 χορηγίας,
321 1263 484 1355 σωμάτων
501 1293 537 1335 τε
554 1281 623 1346 τοῖς
642 1269 722 1335 πᾶσι
737 1265 948 1350 κατασκευήν
964 1263 1102 1357 ὁμοίαν,

127 1370 186 1437 ἕνα
212 1394 248 1436 τε
269 1371 432 1455 γενέσεως
455 1382 524 1448 τοῖς
549 1370 630 1436 πῦσι
655 1364 780 1454 τρόπον
803 1367 859 1435 καὶ
876 1367 982 1454 φῦσιν
1006 1378 1104 1456 λογι-

127 1475 186 1556 ιιής
204 1472 312 1557 ψυχῆς
329 1476 418 1557 μίαν.
455 1474 485 1538 ῦ.
506 1465 593 1538 οῦτω
613 1469 650 1537 δὲ
672 1471 802 1555 καὶτῆς
820 1471 888 1536 τῶν
906 1467 1104 1555 μελλόντων

127 1568 347 1659 προγνώσεως
370 1570 432 1657 τήν
457 1567 640 1658 ἐπιστήμην
657 1575 760 1639 πᾶσιν
777 1566 971 1657 ἀνθρώποις
989 1567 1102 1657 ἀφθό-

127 1699 194 1751 νως
212 1672 388 1759 παρέχειν,
405 1686 475 1752 τοϊς
493 1671 555 1760 μὲν
573 1667 629 1739 διόι
646 1677 828 1760 προφητῶν
846 1665 1003 1758 ἀνδρῶν,
1031 1688 1102 1754 τοῖς
1114 1696 1139 1739 ιτ

130 1770 168 1839 δδ
186 1769 241 1838 διὰ
259 1779 485 1860 χρηστηρίων,
503 1788 573 1851 τοῑς
592 1772 637 1840 δὲ·
649 1768 703 1841 διόι
721 1769 873 1859 ὀρνίθων
890 1768 1062 1862 πτήσεως,
1075 1769 1104 1862 ή

130 1869 184 1941 διοὶ
202 1880 361 1962 θντιιιής,
380 1867 401 1960 ή
420 1870 465 1942 δι’
486 1869 773 1961 όνειροπομπείας,
791 1867 813 1960 ή
834 1871 890 1941 διὰ
909 1871 1101 1963 κληδόνων,

128 1969 149 2061 ἢ
173 1980 330 2061 παλμῶν,
354 1971 375 2059 ή
400 2001 503 2043 τινων
528 1975 650 2062 ἑτέρων
674 1971 861 2062 συμβόλων.
904 1981 1011 2042 ταῦτα
1034 1974 1101 2066 γάρ

127 2093 235 2160 φασιν
265 2079 367 2143 πᾶσιν
390 2070 583 2163 ἄνθρῶποις
607 2079 643 2145 ἐκ
665 2082 723 2164 τής
747 2081 807 2145 τοῦ
830 2080 916 2145 θεοῦ
940 2084 1103 2163 προνοίας

130 2178 362 2262 δεδωρῆσθαι,
401 2171 445 2257 ῶς
482 2178 588 2265 μηδὲν
619 2179 721 2247 πλέον
756 2183 844 2266 ἔχειν
876 2182 988 2246 δοκεῖν
1019 2176 1141 2260 τοῦςιο

123 2273 288 2364 Ἐβραίων
306 2275 486 2364 προφήτας,

101 2417 112 2445 0
206 2382 235 2446 6.
260 2384 414 2461 Τοιοῦτος
432 2379 495 2468 μὲν
511 2369 574 2449 οῦν
591 2375 608 2448 ὁ
627 2377 706 2465 παρ’
729 2383 867 2449 ἐκείνων
884 2377 996 2465 λόγος·
1021 2376 1040 2448 ό
1062 2380 1103 2450 δὲ

128 2476 208 2562 παρ’
229 2473 325 2568 ήμῶν
344 2469 412 2549 ῶδέ
428 2507 497 2560 πως
516 2476 628 2559 αὐτοῖς
646 2477 879 2567 ἀπαντήσεται.
923 2487 954 2550 εί
970 2482 1032 2567 μίν
1050 2510 1102 2562 τις

130 2587 270 2669 συνίστη
296 2578 392 2666 λόγος
416 2579 519 2661 θεοὺς
543 2577 695 2667 ἀληθῶς,
720 2576 741 2669 ἢ
764 2589 861 2661 θείας
881 2579 1058 2670 δυνάμεις,
1079 2578 1101 2670 ἢ

62 2709 115 2761 [ιω]
130 2687 291 2768 δαίμονας
304 2677 456 2768 ῶγαθοῦς
468 2678 645 2768 ἐφεσταναι
655 2697 723 2762 τοῖς
736 2711 804 2752 των
816 2685 1000 2771 εἰρημένων
1012 2711 1100 2770 μαν-
1113 2710 1141 2753 ω

128 2775 292 2867 τείοις,
271 2808 291 2867 η
315 2797 385 2863 τοῖς
403 2775 598 2904 οἰωνοῖς,
577 2809 598 2868 η
622 2797 689 2862 τοῖς
707 2792 835 2862 λοιποῖς
858 2799 926 2863 τοῖς
949 2812 1101 2854 κατωνο-

129 2883 324 2969 μασμένοις,
349 2873 392 3004 ήη
414 2912 458 2952 αν
481 2880 594 2972 χῶραν
611 2879 789 2973 ἀπονεῖμαι
809 2900 878 2964 τοῖς
896 2887 1099 2972 λεγομένοις,

130 2976 175 3061 ῶς
192 3009 251 3052 του
238 2986 323 3052 ἐπί
342 2982 478 3054 πόντων
495 2991 580 3055 θεοῦ
597 2980 736 3056 αακεῑνα
753 3001 822 3066 τοις
844 2987 1024 3073 χρωμένοις
1044 2982 1096 3055 ἐπ’

131 3079 275 3176 ῶφελείηι
299 3088 550 3175 δεδωρημένον·
593 3092 624 3156 εί
654 3087 691 3155 δὲ
716 3089 882 3156 ἐντελέσιν
907 3084 1098 3169 ἀποδείξεσι

130 3188 186 3254 καί
210 3181 322 3256 αῦτῶν
341 3181 512 3274 Ἐλλήπων
534 3182 722 3276 ὁμολογίαις
746 3184 811 3276 ήδη
835 3185 997 3276 πρότερον
1021 3194 1098 3257 δαί·
1109 3213 1138 3255 ιο

130 3312 234 3373 μονας
252 3285 374 3370 αῦτοῦς
393 3287 479 3359 είναι
493 3291 549 3359 καὶ
564 3284 629 3358 οῦδ
633 3285 641 3310 ’
660 3284 822 3378 όιγαθοῦς,
841 3286 949 3376 πόσης
969 3288 1006 3358 δὲ
1022 3286 1099 3378 βλά-

107 3414 121 3455 «ι
135 3392 196 3474 βης
220 3390 275 3456 καὶ
293 3397 478 3478 μοχθηρίας
501 3396 645 3477 αίτίους,
663 3397 734 3471 πῶς
757 3385 800 3459 ῶν
830 3388 987 3460 δύναιντο
1013 3394 1099 3461 θεοῦ
