2326 3818
362 107 511 158 EUSEBII

1 247 107 319 νάτον
124 274 166 336 με
184 246 269 317 πολι)
287 250 415 337 μᾶλλον
432 242 645 327 άνασπάσεις.
681 253 731 316 59.
751 248 807 315 καὶ
824 242 921 316 τοῦτό

18 353 157 432 ἐλπίζων
188 351 242 418 ἐπὶ
266 348 304 417 σὲ
329 349 476 417 πέποιθα
501 345 559 418 τδν
585 351 729 436 ἐμαυτοῦ
759 344 843 418 θεδν
865 347 921 417 nal

1 478 71 520 ,ιιον
84 452 140 519 καὶ
153 453 290 538 πατέρα,
310 451 365 518 καὶ
383 452 529 519 πέποιθα
543 446 583 519 οὐ
596 456 661 519 νῦν
674 452 808 537 πρῶτον
824 445 922 537 άρξά·

0 591 2 605 v
18 580 54 632 ος
70 556 128 639 της
152 558 199 632 είς
224 552 261 620 σὲ
279 555 431 637 ἐλπίδος,
456 548 613 620 ἀλλὰκαὶ
631 548 685 621 ὅτε
703 548 768 619 άπὸ
785 551 922 639 μαστῶν

19 651 76 742 ρός
93 682 159 743 μου
176 651 238 739 τήν
264 649 417 739 νηπιῶδη
434 651 564 741 τροφήν
581 647 830 742 ἀναλαμβάνων
848 654 948 721 ἔνο-τ
1065 667 1070 686 ¹

0 753 93 844 όμην
110 751 232 844 ὁμοίως
249 770 318 834 τοῖς
335 757 402 823 τῶν
419 749 613 841 άνθρῶπων
630 755 792 843 βρέφεσιν
805 747 923 840 άτελής

7 886 41 926 αι
59 858 115 925 καὶ
138 854 271 943 άλογος·
299 853 344 943 μή
369 848 416 924 ῶν
433 854 497 943 γάρ
515 858 679 940 τοιοῦτος,
700 861 732 924 εί
754 857 810 923 καὶ
827 849 923 942 σῶμά

32 956 147 1046 ὅμοιον
171 954 363 1044 ἀνθρώποις
387 946 447 1043 ήν,
471 952 546 1025 ἀλλ’
566 952 607 1026 οὗ
625 957 680 1025 καὶ
697 954 759 1044 τήν
778 953 924 1044 δύναμιν

4 1087 36 1128 ιε
54 1059 116 1147 τήν
132 1057 252 1128 οὐσίαν
269 1072 336 1138 τοῖς
352 1067 487 1138 πολλοῖς
505 1052 553 1125 ῶν
571 1054 732 1148 ἐμφερής,
751 1054 866 1137 άνετος
884 1054 923 1125 δὲ

0 1177 4 1198 ,
37 1158 46 1182 2
86 1158 94 1180 ι
251 1155 284 1187 ff!
428 1162 440 1175 ι
526 1163 540 1177 η
569 1154 578 1180 2
633 1157 641 1180 ι
1072 1171 1076 1182 ,

28 1169 210 1246 απολντος,
229 1188 284 1229 οια
301 1182 362 1228 σου
380 1187 439 1228 τον
456 1171 541 1228 θεον
559 1187 678 1247 αμνος,
702 1160 759 1228 καὶ
784 1161 817 1241 ἐξ
836 1162 923 1227 ἐκεί·
934 1187 961 1227 ιο
1072 1191 1074 1212 ³

0 1323 8 1334 .
34 1267 90 1349 της
104 1256 233 1349 ήλιιιίας
247 1258 526 1349 μαλονχοάμενος,
545 1262 630 1348 λέγω
650 1258 692 1349 δή
705 1257 925 1348 άπὰμαστῶν

0 1428 6 1435 ,
31 1361 152 1452 μητρός
169 1390 243 1451 μον.
284 1367 333 1430 60.
353 1365 409 1430 καλ
427 1359 521 1430 οὔπω
539 1366 636 1432 τοῦτο
660 1368 745 1450 μέγα
767 1389 817 1444 τις
839 1358 921 1450 ἡμή-

12 1494 63 1552 αι,
84 1470 115 1531 εί
131 1461 235 1551 μάθοι
253 1458 303 1531 ὅτι
321 1465 378 1532 καὶ
396 1469 443 1531 ἔτι
461 1460 623 1551 πρότερον
635 1456 715 1533 “ἐπὶ
732 1463 771 1532 σὲ
789 1465 924 1551 ἐπερρί-

1 1595 25 1634 ν
49 1569 85 1634 ἐκ
109 1562 250 1653 μήτρας,
282 1567 337 1632 καὶ
363 1561 427 1632 άπὸ
451 1561 593 1652 μαστρδς
616 1562 738 1653 μητρός
755 1590 821 1652 μον
843 1560 924 1644 θεός

39 1665 70 1734 εἷ
86 1663 160 1735 σά.”
199 1673 247 1735 ἔτι
265 1663 328 1754 γάρ
347 1671 448 1734 ἔνδον
465 1669 503 1734 έν
519 1669 567 1756 τῷ
583 1673 707 1759 ταμείῳ
724 1670 782 1751 τῆς
800 1692 923 1753 κυοφο-
936 1694 963 1733 ιι

0 1765 79 1856 ’σης
102 1795 143 1856 με
169 1764 352 1855 φερόμενος
375 1765 413 1835 σέ
436 1763 600 1836 τὸνθεόν
623 1794 688 1854 μου
708 1765 839 1854 ἕῶρων,
866 1760 924 1833 άτε

13 1868 141 1959 ’μηοτος
158 1871 214 1937 καὶ
232 1864 403 1947 ἀθόλωτος
422 1871 459 1937 ἐν
476 1871 516 1957 τῇ
534 1866 680 1955 τοσαύτῃ
697 1870 764 1936 τῶν
787 1868 924 1955 σαρκῶν

8 1977 117 2061 νωνίηι
140 1975 331 2057 διαμείνας,
357 1971 483 2057 μάλλον
508 1969 546 2037 δὲ
568 1966 740 2058 άσῶματος
763 1968 820 2036 καὶ
849 1963 923 2035 τότε

13 2124 22 2155 ,
41 2073 96 2139 καὶ
115 2069 251 2140 πάντων
270 2068 447 2157 ἐλεύθερος
465 2075 614 2158 δεσμῶν·
643 2065 747 2151 οὕτως
762 2069 799 2139 δέ
814 2070 867 2137 ἐπὶ
886 2066 924 2136 σὲ

16 2180 143 2259 ρρίφην
162 2176 198 2241 ἐκ
215 2168 357 2258 μήτρας,
383 2173 438 2240 καὶ
456 2167 521 2240 άπὸ
545 2171 686 2259 γαστρὸς
703 2167 825 2260 μητρὸς
842 2167 923 2250 θεάς
935 2199 962 2239 εο

38 2263 140 2361 ήσθα,
160 2268 204 2354 ῶς
223 2275 405 2342 αίσθέσθαι
421 2277 480 2357 της
499 2275 577 2360 έμης
597 2270 771 2360 δυνάμεως
784 2279 833 2341 ἔτι
846 2298 924 2341 uvo-

1 2380 165 2462 ρονμένης
184 2373 265 2459 πρὸς
283 2376 341 2461 της
359 2368 455 2459 άγίας
472 2375 647 2461 παρθένον
670 2373 729 2442 τὸν
747 2370 828 2461 έμὸν
845 2369 925 2459 πρό·

4 2509 11 2538 ι
17 2505 81 2564 μον
94 2473 265 2562 Ἰωάννην,
286 2477 342 2543 καί
361 2472 466 2546 αὐτὸν
479 2473 562 2543 κατά
574 2472 716 2563 μαστρδς
732 2479 790 2560 της
805 2469 889 2556 Ἐλιζ
909 2510 924 2522 ·

44 2575 334 2665 κνοφοροάμενον,
364 2571 450 2644 ῶστε
481 2571 548 2644 ὑπὸ
574 2581 632 2663 τής
664 2578 742 2665 ἐμῆς
765 2575 924 2663 θεότητος

11 2681 137 2766 ηθέντα
162 2680 337 2765 σκιρτῆσαι
367 2681 404 2746 ἐν
433 2671 625 2763 άμαλλιάσει
656 2679 712 2745 καί
734 2674 922 2763 πνεύματος
935 2705 961 2745 ετ

7 2787 53 2848 ὀυ
69 2785 270 2867 πλησθῆναι.
299 2783 350 2846 61.
364 2775 492 2847 τούτων
503 2767 734 2848 οάνάπάντων
743 2773 923 2865 ἀναφέρων

0 2917 2 2938 ι
34 2880 178 2968 μνήμην,
197 2881 252 2947 καὶ
267 2876 322 2947 διά
340 2877 463 2960 παντὸς
480 2878 538 2949 τὸν
556 2877 640 2949 θεόν
652 2907 717 2968 μου
729 2879 784 2947 καὶ
798 2880 923 2966 πατέρα

40 2979 103 3069 πρδ
120 2983 188 3049 τῶν
207 2983 296 3067 ἐμῶν
312 2977 499 3068 ὀφθαλμῶν
516 2984 702 3069 ταθέμενος,
721 2977 854 3061 εἰκότως
867 2981 924 3048 καὶ
944 3070 947 3075 .

18 3079 38 3150 ά
63 3079 122 3150 τὸν
146 3084 308 3150 ἐνεστῶτα
326 3086 385 3150 τοῦ
409 3082 619 3169 περιέχοντός
642 3109 683 3169 με
701 3079 832 3160 πάθους
850 3108 923 3149 και-

0 3221 2 3234 ι
25 3238 34 3267 ,
53 3179 107 3253 ὅτε
125 3185 178 3252 σοὶ
196 3186 241 3273 τῶ
260 3184 359 3266 πατρὶ
374 3181 552 3271 γενόμενος
563 3178 709 3269 ὑπήκοος
722 3178 922 3270 αὐθαίρετος
934 3208 961 3248 ω

24 3416 56 3462 '24
75 3415 141 3462 Luc.
157 3418 179 3474 λ,
193 3418 234 3465 41.

1086 205 1090 216 α

1084 217 1087 232 λ

1050 310 1056 329 Ι

1048 332 1066 417 μ
