2326 3818
254 109 261 120 '
354 129 539 181 υαωοαεε.
558 128 690 182 αιιαο.
710 129 760 180 111.
780 126 814 182 ο·-
990 128 1048 191 191

78 267 238 342 ἀνωτάτω
256 275 428 358 παραίτιος
445 270 666 358 γεγενημένος
676 274 725 350 τίς
738 263 781 338 άν
801 270 940 350 ἐνδίκως
959 299 1050 359 νομι·

48 442 51 449 ,
79 379 179 459 σθείη
198 367 218 461 ἢ
236 364 463 460 φιλοσόφωνὸ
482 369 665 459 πρώτιστος
677 372 733 439 καὶ
748 365 902 457 εὐσεβεῖν
914 367 1050 460 άνδρών

56 471 298 558 .διδάσκαλος;
327 475 382 541 καὶ
409 468 472 561 γάρ
499 466 541 541 άν
568 483 619 560 είη
637 478 780 558 βελτίων
800 469 841 559 δή
865 498 931 541 που
949 467 1048 554 πάςὸ

80 573 251 646 διδάσκων
274 577 342 644 τάν
365 577 667 663 μαθητευομένων
702 571 885 662 φιλόσοφος
910 569 975 662 άρα
994 577 1049 642 καὶ

51 675 215 766 εάληθῶς
234 674 390 764 εὐσεβὴς,
415 679 540 745 πολλοῦ
567 680 619 746 δει
638 672 763 758 πλάνος
782 672 894 743 καλ’
855 702 952 762 γοης,
969 669 1050 795 όμρ-

80 775 203 865 λογοῖτ’
230 773 273 848 άν
297 777 315 847 ὁ
339 775 450 867 σωτὴρ
475 779 531 847 καὶ
548 774 663 867 κύριος
679 774 801 866 ἡμῶν·
830 781 858 846 9.
880 783 912 846 εί
928 773 969 863 δὴ
987 777 1050 845 οὐν

79 877 210 949 τοιόσδε
227 907 276 960 τις
294 907 356 969 ην,
375 882 446 961 πῶς
464 873 506 949 άν
523 875 631 960 άλλως
647 882 808 969 ἐπεχείρει
826 893 899 959 ταῖς
917 889 1048 965 βαυμα
1064 907 1077 947 ι

78 976 286 1070 τουργίαις”
265 1010 286 1070 η
304 988 384 1072 θείᾳ
402 976 494 1050 καὶ’
475 977 651 1074 απορρήτῳ
672 978 813 1070 δυνάμει
831 982 945 1069 κοίτη
963 976 1049 1049 άυω-

78 1081 166 1153 τάτω
184 1085 262 1172 περὶ
279 1085 339 1152 τού
356 1085 424 1152 τῶν
441 1079 530 1152 ὅλων
548 1084 632 1152 θεοῦ
650 1078 824 1174 εὐσεβείᾳ,
848 1077 888 1152 δυ
912 1078 966 1152 οἷα
984 1107 1050 1151 πα-

41 1217 66 1256 ιο
79 1189 159 1272 τέρα
181 1188 288 1273 τιμάν
310 1185 366 1253 καὶ
392 1186 502 1271 σέβων
525 1180 565 1252 τά
588 1181 730 1272 μάλιστα
749 1178 988 1253 ἀποδείκνυται
1013 1187 1049 1253 ἐκ

79 1289 148 1355 τῶν
171 1287 249 1374 περὶ
267 1280 371 1354 αὐτοῦ
389 1281 515 1376 λόγους
545 1288 599 1355 ἐπὶ
624 1291 783 1355 τοσοῦτον
811 1285 847 1354 δὲ
872 1281 936 1372 άρα
961 1291 996 1353 οί
1013 1313 1048 1355 τε

79 1383 230 1476 άρχηθευ
248 1383 340 1477 αὐτῷ
364 1385 626 1474 προσεσχηκότες
649 1388 797 1475 μαθηταὶ
822 1382 925 1455 αὐτοῦ
944 1388 998 1454 καὶ
1017 1392 1052 1454 οί

79 1487 161 1578 μετά
178 1490 282 1557 ταῦτα
300 1492 358 1574 τῆς
378 1490 516 1556 ἐκείνων
535 1491 706 1578 διατριβῆς
730 1486 897 1576 διάδοχοι,
917 1513 1049 1617 πορρω-

20 1637 23 1645 ·
78 1589 165 1661 τάτω
190 1586 444 1677 καθεστήκεσαν
469 1585 600 1676 φαύλης
624 1591 680 1658 καὶ
704 1593 851 1678 πονηράς
875 1586 1048 1675 ὑπονοίας,

42 1722 66 1762 15
82 1686 126 1773 ὥς
143 1693 227 1781 μηδὲ
250 1720 287 1763 το
290 1708 319 1772 ις
337 1694 653 1780 νοσηλευομένοις’
637 1694 842 1791 επιτρὲπειν,
860 1687 914 1761 οἷα
932 1693 1048 1760 πολλοὶ

79 1792 185 1863 πολλά
205 1797 290 1883 δράν
309 1795 550 1883 ἐπιχειροῦσιν,
569 1787 792 1880 ἣπετάλωυ’
776 1808 974 1881 επιγραφαίς
993 1796 1078 1861 καὶε

79 1892 282 1985 περιάμμασι
300 1902 466 1984 χρῆσθαι,
490 1888 511 1982 ἢ
536 1911 605 1976 τοῖς
628 1894 828 1986 κατεπάδειυ
847 1897 1049 1982 ἐπαγγελλο-

79 1998 189 2080 μένοις
207 1994 432 2085 προσέχειν
401 2025 458 2067 τον
477 1991 609 2086 νοῦν,”
590 2025 610 2084 η
629 2001 728 2087 ῥιζῶν
742 2026 783 2067 κα
786 1998 964 2083 ὶβοτανων
982 2007 1049 2066 θυ-

79 2091 218 2182 μιάμασι
237 2103 297 2164 καί
311 2117 399 2166 τισιν
416 2093 529 2177 άλλοις
546 2097 810 2187 τοιουτοτρόποις
834 2096 963 2178 άκέσεις
981 2104 1048 2169 τεόν

41 2227 66 2267 οο
80 2196 203 2265 παθῶν
221 2198 351 2277 ἑαυτοῖς
370 2204 525 2285 πορίζειν.
571 2203 620 2267 10.
640 2200 744 2267 ταῦτα
762 2202 846 2285 γοῦν
864 2197 972 2269 πάντα
991 2203 1048 2288 τῆς

80 2300 227 2386 Χριστοῦ
246 2302 464 2378 διδασκαλίας
483 2296 689 2386 ἐξελήλαται,
709 2294 787 2368 οὐδ’
808 2306 898 2369 ἔστιν
916 2299 1048 2369 ποίποτε

80 2395 283 2488 Χριστιανὸν
306 2394 508 2522 περιάμματι
536 2395 708 2516 χράμευον
733 2396 941 2484 θεάσασθαι,
971 2396 1046 2467 οὐδ’

80 2496 321 2588 έπιλαλιαῖς,
301 2529 321 2589 η
340 2497 494 2570 πετάλων
511 2528 613 2569 τινων
631 2501 817 2602 περιέργων
837 2502 1047 2587 ἐπιγραφαῖς,

79 2600 154 2673 οὐδ’
176 2601 304 2691 άλλοις,
324 2631 374 2672 ων
390 2631 452 2692 την
470 2607 588 2691 χρῆσιν
606 2594 793 2690 ἀδιάφορον
811 2629 843 2670 οι
836 2603 977 2670 ’πολλοὶ
996 2629 1047 2671 νε-

41 2713 243 2794 ετνομίκασι.
282 2711 331 2775 11.
351 2712 401 2785 τίς
419 2694 481 2775 οὖν
499 2709 590 2794 αίρελ
605 2700 702 2793 λόγος
719 2731 796 2785 τους
809 2706 941 2773 τοιουδε
952 2709 1048 2773 διδα
1064 2731 1105 2784 [ω]

79 2804 204 2876 σκάλου
222 2805 339 2895 γόητος
357 2807 413 2876 καὶ
437 2804 566 2877 πλάνου
585 2803 737 2894 μαθητάς
755 2807 930 2894 γεγονέναι
952 2816 1048 2895 νομί-

79 2915 163 2992 ζειυ;
183 2907 317 2996 καὶμὴν
330 2906 746 2997 παυτόςέπαγγελλομένου
760 2937 791 2977 τι
800 2909 901 3026 μέγας
916 2913 1046 2997 ἐλεγχος
1062 2939 1074 2978 ο

77 3006 98 3098 ἡ
116 3011 184 3078 τῶν
202 3013 369 3097 φοιτητῶν
387 3016 561 3078 συνουσίαι.
596 3013 644 3078 12.
596 3006 785 3133 1άυδρες
800 3013 883 3098 γοῦν
901 3016 1047 3098 έντεχνοι

78 3113 133 3180 καὶ
158 3107 374 3200 ἐπιστήμονες
399 3107 531 3192 πάντως
555 3136 621 3181 που
644 3109 703 3181 τὸν
726 3121 835 3180 αίτιον
859 3106 972 3191 αὐτοῖς
991 3114 1047 3198 τῆς

40 3243 65 3283 ω
81 3210 258 3302 ἐπιστήμης
282 3210 369 3284 πολδ
392 3218 566 3303 κρειττονα
589 3235 687 3302 σφων
711 3210 823 3282 αυτάν
841 3208 1047 3299 ἀποφαίνου-

79 3336 145 3403 σιν,
165 3311 277 3406 άσπερ
292 3305 353 3387 οὖν
368 3317 508 3406 ίατρικοὶ
523 3315 644 3403 μὲν
603 3341 660 3402 της
674 3342 731 3383 του
722 3311 953 3384 διδασκάλου
971 3316 1047 3401 περὶ

78 3414 114 3485 τὸ
132 3414 273 3507 μάθημα
297 3414 539 3509 κατορθώσεως
563 3416 632 3487 εἶεν
656 3411 699 3487 άυ
716 3413 905 3509 μάρτυρες,
926 3443 1062 3503 γεωμε-
