<?xml version="1.0" encoding="UTF-8"?>
<!DOCTYPE html PUBLIC "-//W3C//DTD XHTML 1.0 Transitional//EN"
    "http://www.w3.org/TR/xhtml1/DTD/xhtml1-transitional.dtd">
<html xmlns="http://www.w3.org/1999/xhtml" xml:lang="en" lang="en">
 <head>
  <title>
</title>
<meta http-equiv="Content-Type" content="text/html;charset=utf-8" />
  <meta name='ocr-system' content='tesseract 3.04.00' />
  <meta name='ocr-capabilities' content='ocr_page ocr_carea ocr_par ocr_line ocrx_word'/>
</head>
<body>
  <div class='ocr_page' id='page_1' title='image "./eusebiicaesarie01dindgoog_0503.png"; bbox 0 0 2326 3818; ppageno 0'>
   <div class='ocr_carea' id='block_1_1' title="bbox 140 120 697 202">
    <p class='ocr_par' dir='ltr' id='par_1_1' title="bbox 140 120 697 202">
     <span class='ocr_line' id='line_1_1' title="bbox 140 120 697 202; baseline -0.004 -30"><span class='ocrx_word' id='word_1_1' title='bbox 140 120 203 182; x_wconf 71' lang='lat' dir='ltr'><em>43ss</em></span> <span class='ocrx_word' id='word_1_2' title='bbox 546 121 697 202; x_wconf 72' lang='grc' dir='ltr'><em>εοεεοιι</em></span> 
     </span>
    </p>
   </div>
   <div class='ocr_carea' id='block_1_2' title="bbox 74 255 1156 3291">
    <p class='ocr_par' dir='ltr' id='par_1_2' title="bbox 74 255 1153 1566">
     <span class='ocr_line' id='line_1_2' title="bbox 142 255 1117 348; baseline 0 -17"><span class='ocrx_word' id='word_1_3' title='bbox 142 258 285 348; x_wconf 75' lang='grc' dir='ltr'><em>δάμαλιν</em></span> <span class='ocrx_word' id='word_1_4' title='bbox 309 265 400 347; x_wconf 80' lang='grc' dir='ltr'><em>βοῶν</em></span> <span class='ocrx_word' id='word_1_5' title='bbox 425 257 558 339; x_wconf 77' lang='grc' dir='ltr'><strong><em>εἰκότως</em></strong></span> <span class='ocrx_word' id='word_1_6' title='bbox 576 255 753 348; x_wconf 81' lang='grc' dir='ltr'><em>άποκαλεϊ,</em></span> <span class='ocrx_word' id='word_1_7' title='bbox 778 257 968 347; x_wconf 75' lang='grc' dir='ltr'><em>γεννήματα</em></span> <span class='ocrx_word' id='word_1_8' title='bbox 986 269 1117 331; x_wconf 88' lang='grc' dir='ltr'><em>τελειο-</em></span> 
     </span>
     <span class='ocr_line' id='line_1_3' title="bbox 139 349 1114 451; baseline 0.002 -22"><span class='ocrx_word' id='word_1_9' title='bbox 139 365 245 448; x_wconf 85' lang='grc' dir='ltr'><em>τέρων</em></span> <span class='ocrx_word' id='word_1_10' title='bbox 263 366 354 449; x_wconf 79' lang='grc' dir='ltr'><em>βοῶν</em></span> <span class='ocrx_word' id='word_1_11' title='bbox 371 361 607 451; x_wconf 76' lang='grc' dir='ltr'><em>τυγχάνοντας,</em></span> <span class='ocrx_word' id='word_1_12' title='bbox 626 357 695 442; x_wconf 85' lang='grc' dir='ltr'><em>οἷος</em></span> <span class='ocrx_word' id='word_1_13' title='bbox 710 359 809 440; x_wconf 80' lang='grc' dir='ltr'><em>αὐτὸς</em></span> <span class='ocrx_word' id='word_1_14' title='bbox 828 349 870 446; x_wconf 77' lang='grc' dir='ltr'><em>ἦν</em></span> <span class='ocrx_word' id='word_1_15' title='bbox 884 355 901 430; x_wconf 87' lang='grc' dir='ltr'>ὁ</span> <span class='ocrx_word' id='word_1_16' title='bbox 915 357 1114 451; x_wconf 72' lang='grc' dir='ltr'><em>ἀπόστολος,</em></span> 
     </span>
     <span class='ocr_line' id='line_1_4' title="bbox 141 458 1115 555; baseline 0.002 -24"><span class='ocrx_word' id='word_1_17' title='bbox 141 465 216 552; x_wconf 79' lang='grc' dir='ltr'><em>περὶ</em></span> <span class='ocrx_word' id='word_1_18' title='bbox 236 464 359 533; x_wconf 77' lang='grc' dir='ltr'><em>ἑαυτοῦ</em></span> <span class='ocrx_word' id='word_1_19' title='bbox 377 466 432 532; x_wconf 80' lang='grc' dir='ltr'><em>καί</em></span> <span class='ocrx_word' id='word_1_20' title='bbox 456 466 524 532; x_wconf 80' lang='grc' dir='ltr'><em>των</em></span> <span class='ocrx_word' id='word_1_21' title='bbox 548 470 787 550; x_wconf 82' lang='grc' dir='ltr'><em>παραπλησίως</em></span> <span class='ocrx_word' id='word_1_22' title='bbox 805 458 898 555; x_wconf 71' lang='grc' dir='ltr'><em>αὐτῷ</em></span> <span class='ocrx_word' id='word_1_23' title='bbox 915 461 1115 551; x_wconf 86' lang='grc' dir='ltr'><em>καμνόντων</em></span> 
     </span>
     <span class='ocr_line' id='line_1_5' title="bbox 140 558 1115 657; baseline 0.002 -25"><span class='ocrx_word' id='word_1_24' title='bbox 140 567 247 652; x_wconf 86' lang='grc' dir='ltr'><em>λέγων</em></span> <span class='ocrx_word' id='word_1_25' title='bbox 261 559 328 653; x_wconf 60' lang='grc' dir='ltr'><em>’μὴ</em></span> <span class='ocrx_word' id='word_1_26' title='bbox 341 572 407 634; x_wconf 81' lang='grc' dir='ltr'><em>τῶν</em></span> <span class='ocrx_word' id='word_1_27' title='bbox 421 568 511 651; x_wconf 72' lang='grc' dir='ltr'><em>βοοῖν</em></span> <span class='ocrx_word' id='word_1_28' title='bbox 526 567 618 651; x_wconf 81' lang='grc' dir='ltr'><em>μέλει</em></span> <span class='ocrx_word' id='word_1_29' title='bbox 631 567 677 657; x_wconf 75' lang='grc' dir='ltr'><em>τῷ</em></span> <span class='ocrx_word' id='word_1_30' title='bbox 689 559 800 655; x_wconf 73' lang='grc' dir='ltr'><em>θεῷ;”</em></span> <span class='ocrx_word' id='word_1_31' title='bbox 820 559 841 650; x_wconf 75' lang='grc' dir='ltr'><strong><em>ἢ</em></strong></span> <span class='ocrx_word' id='word_1_32' title='bbox 855 559 900 632; x_wconf 84' lang='grc' dir='ltr'><em>δι’</em></span> <span class='ocrx_word' id='word_1_33' title='bbox 921 558 1005 651; x_wconf 76' lang='grc' dir='ltr'><em>ἡμᾶς</em></span> <span class='ocrx_word' id='word_1_34' title='bbox 1024 563 1115 634; x_wconf 89' lang='grc' dir='ltr'><em>πάν-</em></span> 
     </span>
     <span class='ocr_line' id='line_1_6' title="bbox 74 661 1140 753; baseline 0.003 -19"><span class='ocrx_word' id='word_1_35' title='bbox 74 694 127 744; x_wconf 81' lang='grc' dir='ltr'><em>(ωι)</em></span> <span class='ocrx_word' id='word_1_36' title='bbox 141 695 204 748; x_wconf 91' lang='grc' dir='ltr'><em>τως</em></span> <span class='ocrx_word' id='word_1_37' title='bbox 221 668 327 753; x_wconf 73' lang='grc' dir='ltr'><em>λέγεις</em></span> <span class='ocrx_word' id='word_1_38' title='bbox 356 672 405 736; x_wconf 76' lang='lat'><em>76.</em></span> <span class='ocrx_word' id='word_1_39' title='bbox 426 676 478 753; x_wconf 87' lang='grc' dir='ltr'><em>είή</em></span> <span class='ocrx_word' id='word_1_40' title='bbox 504 666 540 734; x_wconf 73' lang='grc' dir='ltr'><em>δὲ</em></span> <span class='ocrx_word' id='word_1_41' title='bbox 563 661 606 735; x_wconf 82' lang='grc' dir='ltr'><em>άν</em></span> <span class='ocrx_word' id='word_1_42' title='bbox 624 667 679 734; x_wconf 79' lang='grc' dir='ltr'><em>καί</em></span> <span class='ocrx_word' id='word_1_43' title='bbox 697 669 766 734; x_wconf 80' lang='grc' dir='ltr'><em>πάν</em></span> <span class='ocrx_word' id='word_1_44' title='bbox 787 663 824 733; x_wconf 85' lang='grc' dir='ltr'><em>νδ</em></span> <span class='ocrx_word' id='word_1_45' title='bbox 842 663 948 752; x_wconf 80' lang='grc' dir='ltr'><em>τάγμα</em></span> <span class='ocrx_word' id='word_1_46' title='bbox 966 669 1036 734; x_wconf 81' lang='grc' dir='ltr'><em>τῶν</em></span> <span class='ocrx_word' id='word_1_47' title='bbox 1053 669 1140 753; x_wconf 79' lang='grc' dir='ltr'><em>τὴςε</em></span> 
     </span>
     <span class='ocr_line' id='line_1_7' title="bbox 141 764 1115 855; baseline -0.001 -18"><span class='ocrx_word' id='word_1_48' title='bbox 141 772 315 855; x_wconf 79' lang='grc' dir='ltr'><em>ἐκκλησίας</em></span> <span class='ocrx_word' id='word_1_49' title='bbox 340 764 576 855; x_wconf 75' lang='grc' dir='ltr'><em>προεστώτων,</em></span> <span class='ocrx_word' id='word_1_50' title='bbox 602 764 707 855; x_wconf 80' lang='grc' dir='ltr'><em>άροόν</em></span> <span class='ocrx_word' id='word_1_51' title='bbox 730 795 766 835; x_wconf 89' lang='grc' dir='ltr'><em>τε</em></span> <span class='ocrx_word' id='word_1_52' title='bbox 791 767 848 834; x_wconf 82' lang='grc' dir='ltr'><em>καὶ</em></span> <span class='ocrx_word' id='word_1_53' title='bbox 872 781 1036 853; x_wconf 75' lang='grc' dir='ltr'><em>γεωργεῖν</em></span> <span class='ocrx_word' id='word_1_54' title='bbox 1054 767 1115 850; x_wconf 82' lang='grc' dir='ltr'><em>τὰς</em></span> 
     </span>
     <span class='ocr_line' id='line_1_8' title="bbox 139 865 1115 957; baseline -0.001 -18"><span class='ocrx_word' id='word_1_55' title='bbox 139 874 207 939; x_wconf 78' lang='grc' dir='ltr'><em>τεόν</em></span> <span class='ocrx_word' id='word_1_56' title='bbox 221 865 415 956; x_wconf 73' lang='grc' dir='ltr'><em>ἀνθρώπων</em></span> <span class='ocrx_word' id='word_1_57' title='bbox 426 866 533 956; x_wconf 82' lang='grc' dir='ltr'><em>ψυχάς</em></span> <span class='ocrx_word' id='word_1_58' title='bbox 548 869 853 957; x_wconf 79' lang='grc' dir='ltr'><em>ἐγκεχειρισμένων,</em></span> <span class='ocrx_word' id='word_1_59' title='bbox 870 865 1009 954; x_wconf 81' lang='grc' dir='ltr'><em>δάμαλις</em></span> <span class='ocrx_word' id='word_1_60' title='bbox 1029 865 1115 938; x_wconf 77' lang='grc' dir='ltr'><em>ὠνο-</em></span> 
     </span>
     <span class='ocr_line' id='line_1_9' title="bbox 139 966 1114 1058; baseline 0.002 -21"><span class='ocrx_word' id='word_1_61' title='bbox 139 972 292 1058; x_wconf 87' lang='grc' dir='ltr'><em>μασμένη</em></span> <span class='ocrx_word' id='word_1_62' title='bbox 310 971 418 1056; x_wconf 67' lang='grc' dir='ltr'><em>βοοῖν,</em></span> <span class='ocrx_word' id='word_1_63' title='bbox 442 966 633 1058; x_wconf 81' lang='grc' dir='ltr'><em>γεννήματα</em></span> <span class='ocrx_word' id='word_1_64' title='bbox 656 966 869 1057; x_wconf 83' lang='grc' dir='ltr'><em>τυγχάνουσα</em></span> <span class='ocrx_word' id='word_1_65' title='bbox 885 973 953 1037; x_wconf 79' lang='grc' dir='ltr'><em>τῶν</em></span> <span class='ocrx_word' id='word_1_66' title='bbox 971 966 1114 1039; x_wconf 79' lang='grc' dir='ltr'><em>ἀποστο-</em></span> 
     </span>
     <span class='ocr_line' id='line_1_10' title="bbox 140 1068 1115 1159; baseline 0.002 -20"><span class='ocrx_word' id='word_1_67' title='bbox 140 1073 243 1139; x_wconf 78' lang='grc' dir='ltr'><em>λικων</em></span> <span class='ocrx_word' id='word_1_68' title='bbox 260 1068 445 1159; x_wconf 83' lang='grc' dir='ltr'><em>τρόπωντε</em></span> <span class='ocrx_word' id='word_1_69' title='bbox 459 1073 512 1139; x_wconf 86' lang='grc' dir='ltr'><em>καὶ</em></span> <span class='ocrx_word' id='word_1_70' title='bbox 531 1068 750 1158; x_wconf 84' lang='grc' dir='ltr'><em>μαθημάτων,</em></span> <span class='ocrx_word' id='word_1_71' title='bbox 769 1077 803 1138; x_wconf 77' lang='grc' dir='ltr'><em>οἳ</em></span> <span class='ocrx_word' id='word_1_72' title='bbox 816 1072 871 1138; x_wconf 83' lang='grc' dir='ltr'><em>καὶ</em></span> <span class='ocrx_word' id='word_1_73' title='bbox 887 1077 933 1149; x_wconf 90' lang='grc' dir='ltr'><em>είς</em></span> <span class='ocrx_word' id='word_1_74' title='bbox 951 1077 1115 1142; x_wconf 84' lang='grc' dir='ltr'><em>τοσοῦτον</em></span> 
     </span>
     <span class='ocr_line' id='line_1_11' title="bbox 140 1169 1153 1261; baseline 0.006 -22"><span class='ocrx_word' id='word_1_75' title='bbox 140 1169 259 1261; x_wconf 83' lang='grc' dir='ltr'><em>άρετης</em></span> <span class='ocrx_word' id='word_1_76' title='bbox 279 1169 455 1242; x_wconf 74' lang='grc' dir='ltr'><em>ἐπιδώσειν</em></span> <span class='ocrx_word' id='word_1_77' title='bbox 474 1173 626 1260; x_wconf 87' lang='grc' dir='ltr'><em>λέγονται</em></span> <span class='ocrx_word' id='word_1_78' title='bbox 650 1169 695 1252; x_wconf 80' lang='grc' dir='ltr'><em>ὦς</em></span> <span class='ocrx_word' id='word_1_79' title='bbox 719 1175 756 1240; x_wconf 90' lang='grc' dir='ltr'><em>έκ</em></span> <span class='ocrx_word' id='word_1_80' title='bbox 776 1178 976 1258; x_wconf 90' lang='grc' dir='ltr'><em>πολυγονίας</em></span> <span class='ocrx_word' id='word_1_81' title='bbox 994 1176 1113 1242; x_wconf 78' lang='grc' dir='ltr'><em>τοσοῦ·</em></span> <span class='ocrx_word' id='word_1_82' title='bbox 1127 1206 1153 1245; x_wconf 90' lang='grc' dir='ltr'><em>ιο</em></span> 
     </span>
     <span class='ocr_line' id='line_1_12' title="bbox 140 1269 1114 1361; baseline 0.001 -19"><span class='ocrx_word' id='word_1_83' title='bbox 140 1301 200 1343; x_wconf 89' lang='grc' dir='ltr'><em>τον</em></span> <span class='ocrx_word' id='word_1_84' title='bbox 218 1273 469 1361; x_wconf 86' lang='grc' dir='ltr'><em>προβάλλεσθαι</em></span> <span class='ocrx_word' id='word_1_85' title='bbox 494 1271 633 1361; x_wconf 88' lang='grc' dir='ltr'><em>γόνιμον</em></span> <span class='ocrx_word' id='word_1_86' title='bbox 651 1275 707 1341; x_wconf 83' lang='grc' dir='ltr'><em>καὶ</em></span> <span class='ocrx_word' id='word_1_87' title='bbox 726 1269 860 1359; x_wconf 82' lang='grc' dir='ltr'><em>λογικόν</em></span> <span class='ocrx_word' id='word_1_88' title='bbox 877 1289 949 1352; x_wconf 81' lang='grc' dir='ltr'><em>ταῖς</em></span> <span class='ocrx_word' id='word_1_89' title='bbox 969 1279 1114 1360; x_wconf 89' lang='grc' dir='ltr'><em>είσαγω-</em></span> 
     </span>
     <span class='ocr_line' id='line_1_13' title="bbox 141 1371 1114 1463; baseline 0.001 -20"><span class='ocrx_word' id='word_1_90' title='bbox 141 1389 249 1462; x_wconf 82' lang='grc' dir='ltr'><em>γικαῖς</em></span> <span class='ocrx_word' id='word_1_91' title='bbox 274 1381 504 1454; x_wconf 81' lang='grc' dir='ltr'><em>διδασκαλίαις</em></span> <span class='ocrx_word' id='word_1_92' title='bbox 528 1372 629 1463; x_wconf 91' lang='grc' dir='ltr'><em>γάλα,</em></span> <span class='ocrx_word' id='word_1_93' title='bbox 658 1371 702 1456; x_wconf 82' lang='grc' dir='ltr'><em>ὡς</em></span> <span class='ocrx_word' id='word_1_94' title='bbox 725 1375 781 1443; x_wconf 79' lang='grc' dir='ltr'><em>καὶ</em></span> <span class='ocrx_word' id='word_1_95' title='bbox 805 1376 937 1460; x_wconf 83' lang='grc' dir='ltr'><em>ἑτέρους</em></span> <span class='ocrx_word' id='word_1_96' title='bbox 968 1382 1114 1462; x_wconf 86' lang='grc' dir='ltr'><em>μυρίους</em></span> 
     </span>
     <span class='ocr_line' id='line_1_14' title="bbox 141 1473 1114 1566; baseline 0.001 -22"><span class='ocrx_word' id='word_1_97' title='bbox 141 1479 327 1566; x_wconf 84' lang='grc' dir='ltr'><em>τρέφεσθαι</em></span> <span class='ocrx_word' id='word_1_98' title='bbox 347 1479 378 1558; x_wconf 78' lang='grc' dir='ltr'><em>ἐξ</em></span> <span class='ocrx_word' id='word_1_99' title='bbox 397 1474 520 1545; x_wconf 76' lang='grc' dir='ltr'><em>αὐτῶν.</em></span> <span class='ocrx_word' id='word_1_100' title='bbox 559 1481 607 1545; x_wconf 78' lang='grc'><em>77.</em></span> <span class='ocrx_word' id='word_1_101' title='bbox 626 1473 755 1545; x_wconf 82' lang='grc' dir='ltr'><em>τούτων</em></span> <span class='ocrx_word' id='word_1_102' title='bbox 776 1475 813 1543; x_wconf 72' lang='grc' dir='ltr'><em>δὲ</em></span> <span class='ocrx_word' id='word_1_103' title='bbox 831 1476 906 1561; x_wconf 87' lang='grc' dir='ltr'><em>πέρι</em></span> <span class='ocrx_word' id='word_1_104' title='bbox 924 1482 991 1544; x_wconf 80' lang='grc' dir='ltr'><em>τῶν</em></span> <span class='ocrx_word' id='word_1_105' title='bbox 1009 1503 1114 1549; x_wconf 75' lang='grc' dir='ltr'><em>κατα·</em></span> 
     </span>
    </p>

    <p class='ocr_par' dir='ltr' id='par_1_3' title="bbox 113 1574 1156 2583">
     <span class='ocr_line' id='line_1_15' title="bbox 113 1574 1114 1666; baseline 0.001 -21"><span class='ocrx_word' id='word_1_106' title='bbox 113 1606 126 1645; x_wconf 84' lang='grc' dir='ltr'><em>ι</em></span> <span class='ocrx_word' id='word_1_107' title='bbox 142 1582 351 1666; x_wconf 84' lang='grc' dir='ltr'><em>λειφθέντων</em></span> <span class='ocrx_word' id='word_1_108' title='bbox 371 1580 425 1647; x_wconf 82' lang='grc' dir='ltr'><em>ἐπὶ</em></span> <span class='ocrx_word' id='word_1_109' title='bbox 442 1582 500 1665; x_wconf 82' lang='grc' dir='ltr'><em>της</em></span> <span class='ocrx_word' id='word_1_110' title='bbox 517 1584 578 1665; x_wconf 79' lang='grc' dir='ltr'><em>γῆς</em></span> <span class='ocrx_word' id='word_1_111' title='bbox 595 1579 830 1665; x_wconf 75' lang='grc' dir='ltr'><em>γενησομένων</em></span> <span class='ocrx_word' id='word_1_112' title='bbox 849 1574 961 1663; x_wconf 80' lang='grc' dir='ltr'><em>ἕτερόν</em></span> <span class='ocrx_word' id='word_1_113' title='bbox 979 1605 1010 1645; x_wconf 89' lang='grc' dir='ltr'><em>τι</em></span> <span class='ocrx_word' id='word_1_114' title='bbox 1029 1601 1114 1666; x_wconf 89' lang='grc' dir='ltr'><em>συμ-</em></span> 
     </span>
     <span class='ocr_line' id='line_1_16' title="bbox 142 1674 1153 1772; baseline 0.002 -24"><span class='ocrx_word' id='word_1_115' title='bbox 142 1678 308 1768; x_wconf 82' lang='grc' dir='ltr'><em>βήσεσθαι</em></span> <span class='ocrx_word' id='word_1_116' title='bbox 332 1682 368 1748; x_wconf 89' lang='grc' dir='ltr'><em>έν</em></span> <span class='ocrx_word' id='word_1_117' title='bbox 392 1683 432 1768; x_wconf 98' lang='lat' dir='ltr'><em>vy}</em></span> <span class='ocrx_word' id='word_1_118' title='bbox 456 1674 565 1769; x_wconf 78' lang='grc' dir='ltr'><em>ἡμέρη</em></span> <span class='ocrx_word' id='word_1_119' title='bbox 587 1683 715 1766; x_wconf 84' lang='grc' dir='ltr'><em>ἐκείνη,</em></span> <span class='ocrx_word' id='word_1_120' title='bbox 742 1681 844 1765; x_wconf 78' lang='grc' dir='ltr'><em>δῆλον</em></span> <span class='ocrx_word' id='word_1_121' title='bbox 869 1678 906 1746; x_wconf 76' lang='grc' dir='ltr'><em>δὲ</em></span> <span class='ocrx_word' id='word_1_122' title='bbox 929 1676 978 1746; x_wconf 83' lang='grc' dir='ltr'><em>ὅτι</em></span> <span class='ocrx_word' id='word_1_123' title='bbox 1004 1681 1040 1746; x_wconf 84' lang='grc' dir='ltr'><em>έν</em></span> <span class='ocrx_word' id='word_1_124' title='bbox 1064 1681 1112 1772; x_wconf 78' lang='grc' dir='ltr'><em>τῷ</em></span> <span class='ocrx_word' id='word_1_125' title='bbox 1126 1710 1153 1750; x_wconf 73' lang='grc' dir='ltr'><em>τι</em></span> 
     </span>
     <span class='ocr_line' id='line_1_17' title="bbox 142 1776 1111 1874; baseline 0 -25"><span class='ocrx_word' id='word_1_126' title='bbox 142 1779 251 1874; x_wconf 80' lang='grc' dir='ltr'><em>χρόνῳ</em></span> <span class='ocrx_word' id='word_1_127' title='bbox 269 1784 326 1868; x_wconf 83' lang='grc' dir='ltr'><em>της</em></span> <span class='ocrx_word' id='word_1_128' title='bbox 344 1783 404 1849; x_wconf 78' lang='grc' dir='ltr'><em>τοῦ</em></span> <span class='ocrx_word' id='word_1_129' title='bbox 419 1776 626 1868; x_wconf 70' lang='grc' dir='ltr'><em>Ἐμμανουήλ</em></span> <span class='ocrx_word' id='word_1_130' title='bbox 640 1787 837 1868; x_wconf 88' lang='grc' dir='ltr'><em>παρουσίας,</em></span> <span class='ocrx_word' id='word_1_131' title='bbox 856 1795 1111 1865; x_wconf 81' lang='grc' dir='ltr'><em>προαναφωνεῑ·</em></span> 
     </span>
     <span class='ocr_line' id='line_1_18' title="bbox 142 1876 1113 1970; baseline -0.001 -20"><span class='ocrx_word' id='word_1_132' title='bbox 142 1890 176 1951; x_wconf 91' lang='grc' dir='ltr'><em>τί</em></span> <span class='ocrx_word' id='word_1_133' title='bbox 186 1882 222 1951; x_wconf 76' lang='grc' dir='ltr'><em>δὲ</em></span> <span class='ocrx_word' id='word_1_134' title='bbox 234 1887 348 1966; x_wconf 75' lang='grc' dir='ltr'><em>τοῦτος</em></span> <span class='ocrx_word' id='word_1_135' title='bbox 362 1876 450 1961; x_wconf 80' lang='grc' dir='ltr'><em>“πο”ις</em></span> <span class='ocrx_word' id='word_1_136' title='bbox 462 1879 572 1968; x_wconf 89' lang='grc' dir='ltr'><em>τόπος,</em></span> <span class='ocrx_word' id='word_1_137' title='bbox 588 1882 682 1969; x_wconf 82' lang='grc' dir='ltr'><em>φησὶ,</em></span> <span class='ocrx_word' id='word_1_138' title='bbox 700 1884 761 1950; x_wconf 77' lang='grc' dir='ltr'><em>τοὺ</em></span> <span class='ocrx_word' id='word_1_139' title='bbox 775 1885 811 1950; x_wconf 83' lang='grc' dir='ltr'><em>ἐκ</em></span> <span class='ocrx_word' id='word_1_140' title='bbox 824 1883 1000 1968; x_wconf 77' lang='grc' dir='ltr'><em>περιτομῆς</em></span> <span class='ocrx_word' id='word_1_141' title='bbox 1015 1885 1113 1970; x_wconf 85' lang='grc' dir='ltr'><em>λαοῦ,</em></span> 
     </span>
     <span class='ocr_line' id='line_1_19' title="bbox 144 1972 1114 2071; baseline -0.001 -19"><span class='ocrx_word' id='word_1_142' title='bbox 144 1980 199 2071; x_wconf 74' lang='grc' dir='ltr'><em>ἐφ’</em></span> <span class='ocrx_word' id='word_1_143' title='bbox 221 1972 263 2051; x_wconf 75' lang='grc' dir='ltr'><em>οὗ</em></span> <span class='ocrx_word' id='word_1_144' title='bbox 281 1974 367 2070; x_wconf 79' lang='grc' dir='ltr'><em>ἦσαν</em></span> <span class='ocrx_word' id='word_1_145' title='bbox 385 1989 487 2069; x_wconf 89' lang='grc' dir='ltr'><em>χίλιαι</em></span> <span class='ocrx_word' id='word_1_146' title='bbox 504 1979 644 2069; x_wconf 82' lang='grc' dir='ltr'><em>άμπελοι</em></span> <span class='ocrx_word' id='word_1_147' title='bbox 668 1990 785 2070; x_wconf 89' lang='grc' dir='ltr'><em>χιλίων</em></span> <span class='ocrx_word' id='word_1_148' title='bbox 803 1990 944 2068; x_wconf 90' lang='grc' dir='ltr'><em>σίκλων,</em></span> <span class='ocrx_word' id='word_1_149' title='bbox 970 1988 1017 2061; x_wconf 90' lang='grc' dir='ltr'><em>είς</em></span> <span class='ocrx_word' id='word_1_150' title='bbox 1036 1985 1114 2071; x_wconf 88' lang='grc' dir='ltr'><em>χέρ-</em></span> 
     </span>
     <span class='ocr_line' id='line_1_20' title="bbox 144 2080 1115 2172; baseline 0.001 -20"><span class='ocrx_word' id='word_1_151' title='bbox 144 2107 204 2152; x_wconf 94' lang='grc' dir='ltr'><em>σον</em></span> <span class='ocrx_word' id='word_1_152' title='bbox 224 2089 356 2151; x_wconf 86' lang='grc' dir='ltr'><em>έσονται</em></span> <span class='ocrx_word' id='word_1_153' title='bbox 380 2084 436 2150; x_wconf 87' lang='grc' dir='ltr'><em>καὶ</em></span> <span class='ocrx_word' id='word_1_154' title='bbox 461 2090 507 2163; x_wconf 90' lang='grc' dir='ltr'><em>είς</em></span> <span class='ocrx_word' id='word_1_155' title='bbox 534 2080 697 2154; x_wconf 82' lang='grc' dir='ltr'><em>άκανθαν.</em></span> <span class='ocrx_word' id='word_1_156' title='bbox 739 2080 820 2172; x_wconf 85' lang='grc' dir='ltr'><em>μετά</em></span> <span class='ocrx_word' id='word_1_157' title='bbox 838 2081 900 2171; x_wconf 83' lang='grc' dir='ltr'><em>γάρ</em></span> <span class='ocrx_word' id='word_1_158' title='bbox 919 2085 1038 2170; x_wconf 85' lang='grc' dir='ltr'><em>βέλους</em></span> <span class='ocrx_word' id='word_1_159' title='bbox 1056 2086 1115 2153; x_wconf 84' lang='grc' dir='ltr'><em>καὶ</em></span> 
     </span>
     <span class='ocr_line' id='line_1_21' title="bbox 144 2181 1156 2274; baseline 0 -21"><span class='ocrx_word' id='word_1_160' title='bbox 144 2181 339 2273; x_wconf 81' lang='grc' dir='ltr'><em>τοξεύματος</em></span> <span class='ocrx_word' id='word_1_161' title='bbox 359 2182 603 2254; x_wconf 79' lang='grc' dir='ltr'><em>εἰσελεύσονται</em></span> <span class='ocrx_word' id='word_1_162' title='bbox 622 2188 699 2272; x_wconf 79' lang='grc' dir='ltr'><em>ἐκεῖ,</em></span> <span class='ocrx_word' id='word_1_163' title='bbox 719 2185 838 2274; x_wconf 74' lang='grc' dir='ltr'><em>(δῆλον</em></span> <span class='ocrx_word' id='word_1_164' title='bbox 857 2181 888 2253; x_wconf 84' lang='grc' dir='ltr'><em>δ’</em></span> <span class='ocrx_word' id='word_1_165' title='bbox 904 2181 953 2252; x_wconf 80' lang='grc' dir='ltr'><em>ὅτι</em></span> <span class='ocrx_word' id='word_1_166' title='bbox 966 2190 1001 2253; x_wconf 87' lang='grc' dir='ltr'><em>οί</em></span> <span class='ocrx_word' id='word_1_167' title='bbox 1017 2187 1113 2253; x_wconf 86' lang='grc' dir='ltr'><em>πολέ-</em></span> <span class='ocrx_word' id='word_1_168' title='bbox 1127 2218 1156 2259; x_wconf 78' lang='lat'><em>20</em></span> 
     </span>
     <span class='ocr_line' id='line_1_22' title="bbox 144 2280 1112 2376; baseline 0.002 -22"><span class='ocrx_word' id='word_1_169' title='bbox 144 2284 227 2374; x_wconf 83' lang='grc' dir='ltr'><em>μιοι)</em></span> <span class='ocrx_word' id='word_1_170' title='bbox 247 2282 296 2354; x_wconf 83' lang='grc' dir='ltr'><em>ὅτι</em></span> <span class='ocrx_word' id='word_1_171' title='bbox 321 2288 437 2376; x_wconf 90' lang='grc' dir='ltr'><em>χέρσος</em></span> <span class='ocrx_word' id='word_1_172' title='bbox 459 2289 515 2356; x_wconf 79' lang='grc' dir='ltr'><em>καὶ</em></span> <span class='ocrx_word' id='word_1_173' title='bbox 533 2284 666 2356; x_wconf 83' lang='grc' dir='ltr'><em>άκανθα</em></span> <span class='ocrx_word' id='word_1_174' title='bbox 685 2292 776 2355; x_wconf 79' lang='grc' dir='ltr'><em>ἔσται</em></span> <span class='ocrx_word' id='word_1_175' title='bbox 794 2290 884 2354; x_wconf 84' lang='grc' dir='ltr'><em>πᾶσα</em></span> <span class='ocrx_word' id='word_1_176' title='bbox 909 2280 1023 2373; x_wconf 81' lang='grc' dir='ltr'><em>ἡγη.”</em></span> <span class='ocrx_word' id='word_1_177' title='bbox 1061 2291 1112 2357; x_wconf 86' lang='lat'><em>78.</em></span> 
     </span>
     <span class='ocr_line' id='line_1_23' title="bbox 145 2384 1114 2479; baseline 0 -23"><span class='ocrx_word' id='word_1_178' title='bbox 145 2390 200 2457; x_wconf 81' lang='grc' dir='ltr'><em>καὶ</em></span> <span class='ocrx_word' id='word_1_179' title='bbox 222 2390 286 2458; x_wconf 90' lang='grc' dir='ltr'><em>θέα</em></span> <span class='ocrx_word' id='word_1_180' title='bbox 310 2417 348 2476; x_wconf 90' lang='grc' dir='ltr'><em>γε</em></span> <span class='ocrx_word' id='word_1_181' title='bbox 374 2385 436 2457; x_wconf 85' lang='grc' dir='ltr'><em>ὅσα</em></span> <span class='ocrx_word' id='word_1_182' title='bbox 461 2393 498 2458; x_wconf 84' lang='grc' dir='ltr'><em>ἐν</em></span> <span class='ocrx_word' id='word_1_183' title='bbox 515 2391 555 2478; x_wconf 88' lang='lat' dir='ltr'><em>vy}</em></span> <span class='ocrx_word' id='word_1_184' title='bbox 573 2386 678 2479; x_wconf 78' lang='grc' dir='ltr'><em>ἡμέρη</em></span> <span class='ocrx_word' id='word_1_185' title='bbox 696 2391 757 2457; x_wconf 77' lang='grc' dir='ltr'><em>τοῦ</em></span> <span class='ocrx_word' id='word_1_186' title='bbox 769 2384 990 2475; x_wconf 80' lang='grc' dir='ltr'><em>Ἐμμανουηλ,</em></span> <span class='ocrx_word' id='word_1_187' title='bbox 1010 2386 1114 2475; x_wconf 87' lang='grc' dir='ltr'><em>(λέγω</em></span> 
     </span>
     <span class='ocr_line' id='line_1_24' title="bbox 146 2485 1116 2583; baseline -0.003 -24"><span class='ocrx_word' id='word_1_188' title='bbox 146 2489 183 2559; x_wconf 73' lang='grc' dir='ltr'><em>δέ</em></span> <span class='ocrx_word' id='word_1_189' title='bbox 202 2493 301 2583; x_wconf 77' lang='grc' dir='ltr'><em>ἐντῷ</em></span> <span class='ocrx_word' id='word_1_190' title='bbox 318 2495 376 2578; x_wconf 77' lang='grc' dir='ltr'><em>τῆς</em></span> <span class='ocrx_word' id='word_1_191' title='bbox 394 2486 555 2576; x_wconf 84' lang='grc' dir='ltr'><em>άνατολης</em></span> <span class='ocrx_word' id='word_1_192' title='bbox 574 2494 677 2581; x_wconf 76' lang='grc' dir='ltr'><em>καιρῷ</em></span> <span class='ocrx_word' id='word_1_193' title='bbox 693 2491 754 2558; x_wconf 79' lang='grc' dir='ltr'><em>τού</em></span> <span class='ocrx_word' id='word_1_194' title='bbox 772 2493 908 2576; x_wconf 87' lang='grc' dir='ltr'><em>λογικοῦ</em></span> <span class='ocrx_word' id='word_1_195' title='bbox 926 2485 1035 2576; x_wconf 81' lang='grc' dir='ltr'><em>φωτός</em></span> <span class='ocrx_word' id='word_1_196' title='bbox 1053 2490 1116 2557; x_wconf 76' lang='grc' dir='ltr'><em>τοῦ</em></span> 
     </span>
    </p>

    <p class='ocr_par' dir='ltr' id='par_1_4' title="bbox 115 2585 1155 2780">
     <span class='ocr_line' id='line_1_25' title="bbox 115 2585 1114 2679; baseline -0.002 -19"><span class='ocrx_word' id='word_1_197' title='bbox 115 2591 201 2660; x_wconf 79' lang='grc' dir='ltr'><em>ιδιά</em></span> <span class='ocrx_word' id='word_1_198' title='bbox 223 2596 283 2661; x_wconf 84' lang='grc' dir='ltr'><em>τοῦ</em></span> <span class='ocrx_word' id='word_1_199' title='bbox 307 2595 453 2678; x_wconf 77' lang='grc' dir='ltr'><em>σωτῆρος</em></span> <span class='ocrx_word' id='word_1_200' title='bbox 475 2586 571 2678; x_wconf 77' lang='grc' dir='ltr'><em>ἡμῶν</em></span> <span class='ocrx_word' id='word_1_201' title='bbox 594 2597 640 2669; x_wconf 87' lang='grc' dir='ltr'><em>είς</em></span> <span class='ocrx_word' id='word_1_202' title='bbox 664 2588 789 2671; x_wconf 89' lang='grc' dir='ltr'><em>πάντας</em></span> <span class='ocrx_word' id='word_1_203' title='bbox 813 2585 1015 2679; x_wconf 81' lang='grc' dir='ltr'><em>άνθρωπους</em></span> <span class='ocrx_word' id='word_1_204' title='bbox 1040 2592 1114 2658; x_wconf 86' lang='grc' dir='ltr'><em>έπι-</em></span> 
     </span>
     <span class='ocr_line' id='line_1_26' title="bbox 145 2684 1155 2780; baseline 0.002 -20"><span class='ocrx_word' id='word_1_205' title='bbox 145 2690 350 2780; x_wconf 80' lang='grc' dir='ltr'><em>λάμψαντος)</em></span> <span class='ocrx_word' id='word_1_206' title='bbox 369 2692 445 2777; x_wconf 85' lang='grc' dir='ltr'><em>περὶ</em></span> <span class='ocrx_word' id='word_1_207' title='bbox 463 2687 499 2760; x_wconf 83' lang='grc' dir='ltr'><em>τό</em></span> <span class='ocrx_word' id='word_1_208' title='bbox 516 2689 689 2760; x_wconf 89' lang='grc' dir='ltr'><em>Ἰουδαίων</em></span> <span class='ocrx_word' id='word_1_209' title='bbox 708 2699 807 2771; x_wconf 83' lang='grc' dir='ltr'><em>ἔθνος</em></span> <span class='ocrx_word' id='word_1_210' title='bbox 824 2699 962 2762; x_wconf 80' lang='grc' dir='ltr'><em>ἔσεσθαι</em></span> <span class='ocrx_word' id='word_1_211' title='bbox 979 2684 995 2757; x_wconf 84' lang='grc' dir='ltr'>ὁ</span> <span class='ocrx_word' id='word_1_212' title='bbox 1015 2686 1112 2776; x_wconf 85' lang='grc' dir='ltr'><em>λόγος</em></span> <span class='ocrx_word' id='word_1_213' title='bbox 1127 2723 1155 2764; x_wconf 82' lang='lat'><em>25</em></span> 
     </span>
    </p>

    <p class='ocr_par' dir='ltr' id='par_1_5' title="bbox 116 2786 1154 3291">
     <span class='ocr_line' id='line_1_27' title="bbox 116 2786 1114 2881; baseline -0.002 -21"><span class='ocrx_word' id='word_1_214' title='bbox 116 2790 120 2797; x_wconf 38' lang='lat'>⁸</span> <span class='ocrx_word' id='word_1_215' title='bbox 145 2800 307 2874; x_wconf 80' lang='grc' dir='ltr'><em>θεσπίζει·</em></span> <span class='ocrx_word' id='word_1_216' title='bbox 338 2789 496 2880; x_wconf 91' lang='grc' dir='ltr'><em>δυνάμεις</em></span> <span class='ocrx_word' id='word_1_217' title='bbox 505 2821 541 2861; x_wconf 88' lang='grc' dir='ltr'><em>τε</em></span> <span class='ocrx_word' id='word_1_218' title='bbox 559 2788 769 2881; x_wconf 88' lang='grc' dir='ltr'><em>άκαθάρτους</em></span> <span class='ocrx_word' id='word_1_219' title='bbox 788 2796 843 2862; x_wconf 82' lang='grc' dir='ltr'><em>καὶ</em></span> <span class='ocrx_word' id='word_1_220' title='bbox 861 2786 1037 2881; x_wconf 86' lang='grc' dir='ltr'><em>πολεμικάς</em></span> <span class='ocrx_word' id='word_1_221' title='bbox 1055 2786 1114 2872; x_wconf 86' lang='grc' dir='ltr'><em>τάς</em></span> 
     </span>
     <span class='ocr_line' id='line_1_28' title="bbox 145 2889 1114 2986; baseline -0.003 -22"><span class='ocrx_word' id='word_1_222' title='bbox 145 2891 246 2964; x_wconf 89' lang='grc' dir='ltr'><em>πάλαι</em></span> <span class='ocrx_word' id='word_1_223' title='bbox 271 2895 306 2962; x_wconf 84' lang='grc' dir='ltr'><em>έν</em></span> <span class='ocrx_word' id='word_1_224' title='bbox 331 2909 399 2973; x_wconf 80' lang='grc' dir='ltr'><em>τοῖς</em></span> <span class='ocrx_word' id='word_1_225' title='bbox 422 2901 560 2964; x_wconf 82' lang='grc' dir='ltr'><em>ἔθνεσιν</em></span> <span class='ocrx_word' id='word_1_226' title='bbox 585 2891 800 2986; x_wconf 78' lang='grc' dir='ltr'><em>ἐνεργούσας,</em></span> <span class='ocrx_word' id='word_1_227' title='bbox 828 2901 866 2964; x_wconf 83' lang='grc' dir='ltr'><em>έν</em></span> <span class='ocrx_word' id='word_1_228' title='bbox 892 2921 927 2964; x_wconf 90' lang='grc' dir='ltr'><em>τε</em></span> <span class='ocrx_word' id='word_1_229' title='bbox 951 2889 1114 2985; x_wconf 73' lang='grc' dir='ltr'><em>Αίγύπτιμ</em></span> 
     </span>
     <span class='ocr_line' id='line_1_29' title="bbox 146 2991 1113 3086; baseline 0 -24"><span class='ocrx_word' id='word_1_230' title='bbox 146 2997 201 3063; x_wconf 83' lang='grc' dir='ltr'><em>καὶ</em></span> <span class='ocrx_word' id='word_1_231' title='bbox 218 2997 258 3085; x_wconf 89' lang='lat' dir='ltr'><em>vy}</em></span> <span class='ocrx_word' id='word_1_232' title='bbox 278 2991 368 3086; x_wconf 72' lang='grc' dir='ltr'><em>χοίρμ</em></span> <span class='ocrx_word' id='word_1_233' title='bbox 387 2998 454 3064; x_wconf 78' lang='grc' dir='ltr'><em>τῶν</em></span> <span class='ocrx_word' id='word_1_234' title='bbox 469 2993 667 3085; x_wconf 83' lang='grc' dir='ltr'><em>Ἀσσυρίων,</em></span> <span class='ocrx_word' id='word_1_235' title='bbox 686 3001 745 3067; x_wconf 80' lang='grc' dir='ltr'><em>τοῦ</em></span> <span class='ocrx_word' id='word_1_236' title='bbox 768 3003 889 3085; x_wconf 88' lang='grc' dir='ltr'><em>κυρίου</em></span> <span class='ocrx_word' id='word_1_237' title='bbox 912 3002 1113 3084; x_wconf 90' lang='grc' dir='ltr'><em>συρίσαντος</em></span> 
     </span>
     <span class='ocr_line' id='line_1_30' title="bbox 146 3094 1114 3189; baseline 0 -25"><span class='ocrx_word' id='word_1_238' title='bbox 146 3100 201 3165; x_wconf 82' lang='grc' dir='ltr'><em>καλ</em></span> <span class='ocrx_word' id='word_1_239' title='bbox 229 3094 372 3187; x_wconf 75' lang='grc' dir='ltr'><em>ὡσπερεί</em></span> <span class='ocrx_word' id='word_1_240' title='bbox 396 3095 671 3189; x_wconf 80' lang='grc' dir='ltr'><em>παρορμήσαντος</em></span> <span class='ocrx_word' id='word_1_241' title='bbox 694 3101 750 3167; x_wconf 80' lang='grc' dir='ltr'><em>καί</em></span> <span class='ocrx_word' id='word_1_242' title='bbox 774 3098 1114 3185; x_wconf 85' lang='grc' dir='ltr'><em>παρακελευσαμένου</em></span> 
     </span>
     <span class='ocr_line' id='line_1_31' title="bbox 146 3195 1154 3291; baseline 0.007 -26"><span class='ocrx_word' id='word_1_243' title='bbox 146 3197 277 3286; x_wconf 74' lang='grc' dir='ltr'><em>αὐτοῖς,</em></span> <span class='ocrx_word' id='word_1_244' title='bbox 303 3202 344 3288; x_wconf 85' lang='lat' dir='ltr'><em>vy}</em></span> <span class='ocrx_word' id='word_1_245' title='bbox 368 3196 458 3291; x_wconf 76' lang='grc' dir='ltr'><em>χοίρμ</em></span> <span class='ocrx_word' id='word_1_246' title='bbox 493 3201 599 3287; x_wconf 82' lang='grc' dir='ltr'><em>φησὶν</em></span> <span class='ocrx_word' id='word_1_247' title='bbox 625 3195 737 3269; x_wconf 80' lang='grc' dir='ltr'><em>αὐτῶν</em></span> <span class='ocrx_word' id='word_1_248' title='bbox 768 3197 1025 3284; x_wconf 80' lang='grc' dir='ltr'><em>ἐπελεύσεσθαι,</em></span> <span class='ocrx_word' id='word_1_249' title='bbox 1057 3196 1154 3272; x_wconf 84' lang='grc' dir='ltr'><em>διδιοο</em></span> 
     </span>
    </p>
   </div>
   <div class='ocr_carea' id='block_1_3' title="bbox 214 3432 422 3495">
    <p class='ocr_par' dir='ltr' id='par_1_6' title="bbox 214 3432 422 3495">
     <span class='ocr_line' id='line_1_32' title="bbox 214 3432 422 3495; baseline -0.005 -14"><span class='ocrx_word' id='word_1_250' title='bbox 214 3435 231 3481; x_wconf 84' lang='grc'>4</span> <span class='ocrx_word' id='word_1_251' title='bbox 251 3434 273 3480; x_wconf 92' lang='lat' dir='ltr'><em>l.</em></span> <span class='ocrx_word' id='word_1_252' title='bbox 284 3432 345 3484; x_wconf 81' lang='lat' dir='ltr'>Cor.</span> <span class='ocrx_word' id='word_1_253' title='bbox 360 3435 384 3495; x_wconf 81' lang='lat'><em>9,</em></span> <span class='ocrx_word' id='word_1_254' title='bbox 399 3435 422 3480; x_wconf 83' lang='lat'><em>9.</em></span> 
     </span>
    </p>
   </div>
   <div class='ocr_carea' id='block_1_4' title="bbox 0 0 1176 3818">
    <p class='ocr_par' dir='ltr' id='par_1_7' title="bbox 0 0 1176 3818">
     <span class='ocr_line' id='line_1_33' title="bbox 0 0 1176 3818; baseline 0 0"><span class='ocrx_word' id='word_1_255' title='bbox 0 0 1176 3818; x_wconf 95' lang='lat' dir='ltr'><em> </em></span> 
     </span>
    </p>
   </div>
  </div>
 </body>
</html>
