2326 3818
321 113 507 166 οεωονεε.
529 112 661 163 ονενο.
679 114 712 162 ν.
732 117 755 163 1.
963 110 1026 174 297

59 252 204 342 ρεόομεν
220 250 278 323 τόν
296 248 399 321 αὐτόν
416 249 496 321 ὄντα
512 255 556 338 τη
574 254 764 340 δηλουμένη
787 259 898 342 σοφίᾳ.
938 248 1027 334 ὅπως

62 356 98 423 δὲ
116 357 266 442 γέννημα
290 357 375 425 θεοῦ
394 349 497 422 αὐτόν
517 351 730 441 εἶναιφαμέν
750 357 837 432 ἰδίας
855 347 897 422 ἀν
920 357 1027 423 δέοιτο

63 452 259 542 ἐξετάσεως,
280 456 351 524 ἐπεὶ
368 452 450 542 μήτε
467 450 551 523 αατά
567 451 739 540 προβολὴν
756 450 839 542 μήτε
856 451 938 522 κατὰ
957 452 1026 523 ὃιά·

61 578 197 643 στασιν,
215 551 237 644 ἢ
257 561 440 644 διαίρεσιν,
458 549 480 643 ἢ
497 562 654 644 μείωσιν,
679 549 700 642 ἢ
717 553 838 644 τομὴν,
857 550 877 641 ἢ
896 553 978 623 αατά
994 583 1026 624 τι

36 653 147 740 εόλως
170 662 239 728 τῶν
263 659 316 726 ἐπὶ
334 661 393 745 της
416 660 544 743 θνητῆς
566 659 729 744 γενέσεως
754 658 1028 743 ἐπιτελουμένων,

63 756 126 847 τὴν
160 755 350 848 ἀπόρρητον
385 753 489 828 αὐτοῦ
529 764 784 846 γενεσιουργίαν
821 759 1054 845 έπινοουμεν.ο

63 866 92 930 9.
119 856 200 931 οὐδὲ
217 858 280 950 γάρ
299 863 397 948 θέμις
419 865 488 930 τῶν
512 863 550 928 έν
572 875 744 947 γεννητοῖς
765 881 832 927 τισι
849 855 911 945 την
929 855 1029 946 ἀρρη-

61 989 120 1031 τον
137 964 193 1030 καὶ
211 959 492 1049 ἀκατονόμαστον
509 957 614 1030 αὐτοῦ
630 964 766 1047 γένεσίν
782 986 820 1029 τε
838 962 894 1029 καὶ
907 957 1028 1029 οάσίω-

63 1086 119 1133 σιν
136 1061 334 1152 ἀφομοιοῦν,
352 1059 435 1132 οὐδέ
450 1091 525 1131 τινα
542 1068 610 1131 τῶν
629 1065 810 1149 ἐπικαίρων
824 1063 880 1130 καλ
892 1065 1031 1148 θνητῶν

24 1192 50 1232 10
64 1163 292 1251 παραβάλλειν
312 1161 402 1255 αὐτῷ
422 1160 551 1250 εἰκόνα,
576 1164 647 1232 ἐπεὶ
667 1162 751 1252 μηδὲ
769 1161 851 1231 κατὰ
869 1162 926 1243 τὰς
945 1159 1024 1248 παρ’

14 1347 25 1361 .
65 1263 146 1353 ἡμῖν
164 1268 232 1334 ταῖν
255 1269 348 1357 ζῴων
370 1266 516 1351 γενέσεις
540 1260 662 1332 οὐσίαν
680 1266 712 1345 έξ
729 1260 847 1343 οὐσίας
865 1261 947 1332 κατὰ
965 1261 1030 1332 πά-

64 1377 126 1445 θος
150 1361 171 1452 ἢ
197 1370 362 1450 διαίρεσιν
398 1363 558 1453 μεριστὴν
574 1367 630 1434 καὶ
648 1363 814 1452 χωριστὴν
833 1369 869 1433 έκ
886 1368 947 1433 του
965 1391 1030 1432 πα-

65 1465 142 1589 τρὸς
159 1468 427 1553 προεληλυθέναι
442 1463 500 1535 τόν
513 1462 590 1535 υίόν
602 1464 709 1553 φάναι
720 1461 823 1536 ὅσιον.
845 1470 892 1534 10.
912 1463 1030 1555 ἀμερές
1042 1489 1096 1541 μετ]

64 1566 127 1655 γὰρ
145 1565 240 1636 ααλ”
220 1595 344 1656 ατομον
359 1565 396 1636 τό
414 1578 524 1655 θεῖον,
542 1558 583 1636 οὗ
596 1568 811 1655 τεμνόμενον,
828 1596 868 1637 ου
858 1562 1029 1656 ’διαιρού-

26 1695 51 1735 ιι
64 1696 260 1758 μενον,ουα
198 1664 524 1758 οόαέττεινόμενον,
543 1663 585 1738 οά
602 1666 815 1758 μειούμενον,
832 1665 874 1738 οὐ
892 1676 1057 1742 συστελ-ι

64 1767 225 1860 λόμενον,
251 1768 292 1840 οό
317 1779 445 1860 μεῖξον,
469 1765 510 1841 οό
535 1786 684 1890 χεῖρον,
688 1767 730 1838 οὗ
754 1787 904 1856 κρεῖττον
925 1764 1029 1893 αμτού

61 1871 258 1962 γινόμενον,
298 1868 362 1943 οὐκ
397 1879 474 1961 ἔχον
504 1875 591 1942 έν
575 1873 684 1962 εαυτηί
714 1869 829 1958 ἔτερόν
856 1900 889 1941 τι
914 1868 1029 1959 αὐτοῦ,

61 1979 116 2043 ἵνα
144 1977 200 2043 καὶ
222 1972 364 2062 πρόηται
386 1980 492 2043 τοῦτο.
541 1979 590 2044 ll.
618 1978 687 2044 πᾶν
709 1969 773 2061 γάρ
791 1970 829 2042 τό
852 1979 890 2042 έν
906 2001 972 2042 τινι
989 1966 1030 2041 όν

61 2067 82 2160 ἢ
102 2071 148 2154 ὡς
165 2071 388 2163 συμβεβηκός,
405 2070 479 2144 οἷον
495 2073 620 2144 λευκὸν
639 2077 675 2143 έν
692 2071 838 2163 στόματι,
856 2070 877 2162 ἢ
895 2072 940 2154 ὡς
958 2077 1029 2143 ἕτε-

22 2201 48 2241 εο
62 2201 123 2259 ρον
141 2179 177 2243 έν
196 2177 298 2266 ἑτέρω
314 2173 483 2262 τυγχάνει,
502 2172 546 2255 ὥς
561 2174 599 2245 τὸ
613 2179 650 2245 ἐν
662 2182 703 2262 τη
717 2173 930 2264 αυοφοροόση
945 2174 1028 2244 κατὰ

61 2272 204 2361 γαστρὸς
222 2273 512 2363 αυοφοροόμενον,
536 2303 557 2362 η
582 2305 626 2357 ως
644 2278 742 2365 μέρος
769 2279 805 2345 έν
821 2305 868 2345 τω
853 2272 965 2367 ὅλῳ,
984 2274 1028 2357 τός

61 2371 104 2445 ἀν
130 2379 166 2446 έν
190 2372 317 2464 στόματι
341 2371 454 2465 χεὶρ
434 2403 455 2462 η
480 2403 572 2498 πμυς
587 2406 608 2462 η
633 2374 795 2456 δάκτυλος
817 2405 878 2445 του
904 2376 1028 2457 παντὸς

61 2474 142 2546 ὄντα
160 2478 262 2599 μέρη,
288 2506 336 2547 ων
360 2472 535 2563 ἀποκοπὴν
558 2473 580 2564 ἥ
602 2505 677 2546 τινα
702 2504 807 2600 τομην
824 2505 844 2564 η
829 2473 1028 2563 ”διυίρεσιν

61 2577 295 2665 πεπονθότων,
313 2575 425 2660 ἀτελές
443 2580 500 2648 καὶ
517 2576 725 2667 αολοβόν,’
702 2606 747 2659 ως
771 2571 815 2647 ἀν
831 2606 891 2648 του
875 2579 1029 2666 μέρους

21 2707 47 2748 ει
60 2677 394 2769 ἦαρωτηριασμένου,
423 2675 713 2750 ἀπολέλειπται
680 2708 719 2750 το
741 2683 817 2752 πᾶν.
866 2684 915 2749 12.
943 2677 1028 2748 ἀλλά

61 2781 124 2868 γὰρ
150 2785 206 2851 καὶ
229 2781 266 2851 τό
291 2782 394 2852 είκόνι
416 2785 528 2872 τοιᾷδε
551 2785 608 2852 καὶ
629 2776 787 2870 όμοιιόσει
808 2788 954 2872 χρῆσθαι
972 2783 1027 2851 ἐπὶ

60 2885 119 2968 τῆς
136 2876 320 2970 ἀγεννήτου
336 2879 471 2970 φύσεως
488 2886 549 2953 του
570 2889 639 2953 τῶν
655 2880 745 2953 ὅλων
761 2890 864 2970 θεοῦ,
896 2885 951 2952 καὶ
969 2886 1027 2972 τῆς
1038 2909 1096 2959 (ιιι,

60 2986 135 3052 τοῦ
151 2987 353 3072 μονογενοῦς
383 2982 489 3054 αὐτοῦ
519 2987 575 3054 καὶ
606 2981 819 3068 πρωτοτόκου
852 2987 1026 3073 γενέσεως,

60 3082 197 3154 πόντων
214 3078 257 3156 ἀν
274 3094 325 3208 εἴη
338 3082 571 3173 ἀσεβέστατον.
602 3089 652 3154 13
670 3112 711 3154 ον
699 3083 876 3156 Ητοίνυν
855 3114 898 3167 ως
914 3088 1028 3171 ἕτερον

21 3189 99 3255 εοέν
21 3188 220 3279 εοετέρω
245 3190 278 3269 ἐξ
300 3182 451 3276 ἀπείρων
468 3182 562 3255 μαλ’
541 3183 698 3276 ανάρχων
711 3177 877 3256 αίοόνων
858 3214 901 3273 ην
918 3213 936 3254 ο
925 3180 1027 3265 υίός

60 3277 241 3375 ἀγέννητος
260 3291 296 3357 έν
313 3316 360 3357 τω
348 3290 491 3375 πατρὶ,
508 3281 653 3376 μέροςἸ
626 3316 675 3357 ων
693 3283 808 3374 αὐτου,
827 3315 844 3355 ο
830 3282 1025 3376 “μεταβλη·

60 3385 166 3458 θέν”
142 3414 285 3477 υστερον
303 3391 359 3458 καὶ
374 3389 526 3459 κενωθέν
541 3385 685 3470 έκτός’
645 3416 750 3458 αυτου
737 3390 895 3478 γέγονε
922 3393 1042 3476 τροπὴ
