<?xml version="1.0" encoding="UTF-8"?>
<!DOCTYPE html PUBLIC "-//W3C//DTD XHTML 1.0 Transitional//EN"
    "http://www.w3.org/TR/xhtml1/DTD/xhtml1-transitional.dtd">
<html xmlns="http://www.w3.org/1999/xhtml" xml:lang="en" lang="en">
 <head>
  <title>
</title>
<meta http-equiv="Content-Type" content="text/html;charset=utf-8" />
  <meta name='ocr-system' content='tesseract 3.04.00' />
  <meta name='ocr-capabilities' content='ocr_page ocr_carea ocr_par ocr_line ocrx_word'/>
</head>
<body>
  <div class='ocr_page' id='page_1' title='image "./eusebiicaesarie01dindgoog/eusebiicaesarie01dindgoog_0250.png"; bbox 0 0 2326 3818; ppageno 0'>
   <div class='ocr_carea' id='block_1_1' title="bbox 336 122 1055 186">
    <p class='ocr_par' dir='ltr' id='par_1_1' title="bbox 336 122 1055 186">
     <span class='ocr_line' id='line_1_1' title="bbox 336 122 1055 186; baseline 0.018 -12"><span class='ocrx_word' id='word_1_1' title='bbox 336 123 524 177; x_wconf 72' lang='grc' dir='ltr'><em>νωιτοωεν.</em></span> <span class='ocrx_word' id='word_1_2' title='bbox 542 123 676 176; x_wconf 70' lang='grc' dir='ltr'><em>εοεαε.</em></span> <span class='ocrx_word' id='word_1_3' title='bbox 695 123 746 174; x_wconf 89' lang='lat'>111.</span> <span class='ocrx_word' id='word_1_4' title='bbox 766 125 792 174; x_wconf 85' lang='grc' dir='ltr'><em>ο.</em></span> <span class='ocrx_word' id='word_1_5' title='bbox 995 122 1055 186; x_wconf 82' lang='grc'><em>189</em></span> 
     </span>
    </p>
   </div>
   <div class='ocr_carea' id='block_1_2' title="bbox 10 260 1120 3302">
    <p class='ocr_par' dir='ltr' id='par_1_2' title="bbox 10 260 1055 657">
     <span class='ocr_line' id='line_1_2' title="bbox 10 260 1054 354; baseline -0.004 -17"><span class='ocrx_word' id='word_1_6' title='bbox 10 276 12 283; x_wconf 84' lang='grc'><strong>’</strong></span> <span class='ocrx_word' id='word_1_7' title='bbox 78 266 141 337; x_wconf 77' lang='grc' dir='ltr'><em>καί</em></span> <span class='ocrx_word' id='word_1_8' title='bbox 165 260 314 345; x_wconf 88' lang='grc' dir='ltr'><em>ἀνοσίοις</em></span> <span class='ocrx_word' id='word_1_9' title='bbox 340 266 520 354; x_wconf 73' lang='grc' dir='ltr'><em>ἐγχειρῶν,</em></span> <span class='ocrx_word' id='word_1_10' title='bbox 546 261 655 335; x_wconf 88' lang='grc' dir='ltr'><em>πάντα</em></span> <span class='ocrx_word' id='word_1_11' title='bbox 678 260 814 353; x_wconf 75' lang='grc' dir='ltr'><em>πράττει</em></span> <span class='ocrx_word' id='word_1_12' title='bbox 842 266 982 353; x_wconf 82' lang='grc' dir='ltr'><strong><em>αἰσχροῦ</em></strong></span> <span class='ocrx_word' id='word_1_13' title='bbox 1000 267 1054 334; x_wconf 80' lang='grc' dir='ltr'><em>καὶ</em></span> 
     </span>
     <span class='ocr_line' id='line_1_3' title="bbox 80 353 1055 457; baseline -0.002 -20"><span class='ocrx_word' id='word_1_14' title='bbox 80 368 241 457; x_wconf 80' lang='grc' dir='ltr'><em>βνπαροῶ</em></span> <span class='ocrx_word' id='word_1_15' title='bbox 262 366 404 456; x_wconf 73' lang='grc' dir='ltr'><em>κέρδους</em></span> <span class='ocrx_word' id='word_1_16' title='bbox 430 362 536 454; x_wconf 88' lang='grc' dir='ltr'><em>χάριν.</em></span> <span class='ocrx_word' id='word_1_17' title='bbox 577 370 608 433; x_wconf 75' lang='lat'><em>2.</em></span> <span class='ocrx_word' id='word_1_18' title='bbox 627 362 672 454; x_wconf 85' lang='grc' dir='ltr'><em>μή</em></span> <span class='ocrx_word' id='word_1_19' title='bbox 695 394 726 435; x_wconf 92' lang='grc' dir='ltr'><em>τι</em></span> <span class='ocrx_word' id='word_1_20' title='bbox 749 353 811 435; x_wconf 77' lang='grc' dir='ltr'><em>οὖν</em></span> <span class='ocrx_word' id='word_1_21' title='bbox 835 366 892 433; x_wconf 84' lang='grc' dir='ltr'><em>καὶ</em></span> <span class='ocrx_word' id='word_1_22' title='bbox 910 363 927 433; x_wconf 85' lang='grc' dir='ltr'>ὁ</span> <span class='ocrx_word' id='word_1_23' title='bbox 947 364 1055 455; x_wconf 69' lang='grc' dir='ltr'><em>σωτὴρ</em></span> 
     </span>
     <span class='ocr_line' id='line_1_4' title="bbox 79 461 1054 556; baseline -0.003 -17"><span class='ocrx_word' id='word_1_24' title='bbox 79 468 141 539; x_wconf 79' lang='grc' dir='ltr'><em>καί</em></span> <span class='ocrx_word' id='word_1_25' title='bbox 164 462 280 556; x_wconf 87' lang='grc' dir='ltr'><em>κύριος</em></span> <span class='ocrx_word' id='word_1_26' title='bbox 304 461 400 556; x_wconf 78' lang='grc' dir='ltr'><em>ἡμῶν</em></span> <span class='ocrx_word' id='word_1_27' title='bbox 420 461 561 554; x_wconf 83' lang='grc' dir='ltr'><em>Ἰησοῦς,</em></span> <span class='ocrx_word' id='word_1_28' title='bbox 584 463 763 555; x_wconf 87' lang='grc' dir='ltr'><em>ὁΧριστὸς</em></span> <span class='ocrx_word' id='word_1_29' title='bbox 786 469 845 536; x_wconf 83' lang='grc' dir='ltr'><em>τού</em></span> <span class='ocrx_word' id='word_1_30' title='bbox 863 470 965 553; x_wconf 84' lang='grc' dir='ltr'><em>θεοῦ,</em></span> <span class='ocrx_word' id='word_1_31' title='bbox 989 496 1054 537; x_wconf 88' lang='grc' dir='ltr'><em>τοι·</em></span> 
     </span>
     <span class='ocr_line' id='line_1_5' title="bbox 80 558 1055 657; baseline -0.004 -15"><span class='ocrx_word' id='word_1_32' title='bbox 80 570 285 643; x_wconf 77' lang='grc' dir='ltr'><em>οίσδίτισιν</em></span> <span class='ocrx_word' id='word_1_33' title='bbox 302 574 414 657; x_wconf 79' lang='grc' dir='ltr'><em>ἔνοχος</em></span> <span class='ocrx_word' id='word_1_34' title='bbox 432 558 492 656; x_wconf 79' lang='grc' dir='ltr'><em>ᾖν;</em></span> <span class='ocrx_word' id='word_1_35' title='bbox 515 566 644 656; x_wconf 86' lang='grc' dir='ltr'><em>πόθεν,</em></span> <span class='ocrx_word' id='word_1_36' title='bbox 663 561 684 655; x_wconf 77' lang='grc' dir='ltr'><strong><em>ἦ</em></strong></span> <span class='ocrx_word' id='word_1_37' title='bbox 702 570 789 655; x_wconf 91' lang='grc' dir='ltr'><em>πῶς,</em></span> <span class='ocrx_word' id='word_1_38' title='bbox 808 561 826 636; x_wconf 85' lang='grc' dir='ltr'>ὁ</span> <span class='ocrx_word' id='word_1_39' title='bbox 845 583 914 646; x_wconf 80' lang='grc' dir='ltr'><em>τοῖς</em></span> <span class='ocrx_word' id='word_1_40' title='bbox 934 568 1055 638; x_wconf 81' lang='grc' dir='ltr'><em>ἑαυτοῦ</em></span> 
     </span>
    </p>

    <p class='ocr_par' dir='ltr' id='par_1_3' title="bbox 53 665 1081 1167">
     <span class='ocr_line' id='line_1_6' title="bbox 53 665 1081 761; baseline -0.005 -20"><span class='ocrx_word' id='word_1_41' title='bbox 53 682 271 761; x_wconf 77' lang='grc' dir='ltr'><em>ιμαθηταῑς,</em></span> <span class='ocrx_word' id='word_1_42' title='bbox 298 665 343 751; x_wconf 88' lang='grc' dir='ltr'><em>ῶς</em></span> <span class='ocrx_word' id='word_1_43' title='bbox 366 665 449 759; x_wconf 78' lang='grc' dir='ltr'><em>πρὸς</em></span> <span class='ocrx_word' id='word_1_44' title='bbox 478 666 590 740; x_wconf 80' lang='grc' dir='ltr'><em>αὐτῶν</em></span> <span class='ocrx_word' id='word_1_45' title='bbox 616 666 881 760; x_wconf 78' lang='grc' dir='ltr'><em>μεμαρτύρηται,</em></span> <span class='ocrx_word' id='word_1_46' title='bbox 914 668 1081 757; x_wconf 78' lang='grc' dir='ltr'><em>είβηκῶςα</em></span> 
     </span>
     <span class='ocr_line' id='line_1_7' title="bbox 75 767 1054 863; baseline -0.006 -19"><span class='ocrx_word' id='word_1_47' title='bbox 75 768 146 863; x_wconf 79' lang='grc' dir='ltr'><em>“μὴ</em></span> <span class='ocrx_word' id='word_1_48' title='bbox 169 768 341 859; x_wconf 73' lang='grc' dir='ltr'><em>κτήσησθε</em></span> <span class='ocrx_word' id='word_1_49' title='bbox 366 769 493 861; x_wconf 83' lang='grc' dir='ltr'><em>χρυσόν</em></span> <span class='ocrx_word' id='word_1_50' title='bbox 517 769 595 861; x_wconf 89' lang='grc' dir='ltr'><em>μηδ’</em></span> <span class='ocrx_word' id='word_1_51' title='bbox 622 769 772 863; x_wconf 86' lang='grc' dir='ltr'><em>άργυρον</em></span> <span class='ocrx_word' id='word_1_52' title='bbox 798 777 844 851; x_wconf 87' lang='grc' dir='ltr'><em>είς</em></span> <span class='ocrx_word' id='word_1_53' title='bbox 868 768 926 852; x_wconf 87' lang='grc' dir='ltr'><em>τάς</em></span> <span class='ocrx_word' id='word_1_54' title='bbox 951 767 1054 854; x_wconf 79' lang='grc' dir='ltr'><em>ζῶνας</em></span> 
     </span>
     <span class='ocr_line' id='line_1_8' title="bbox 81 867 1054 963; baseline -0.004 -18"><span class='ocrx_word' id='word_1_55' title='bbox 81 869 201 963; x_wconf 74' lang='grc' dir='ltr'><em>ἀμῶν,</em></span> <span class='ocrx_word' id='word_1_56' title='bbox 227 870 273 962; x_wconf 80' lang='grc' dir='ltr'><em>μη</em></span> <span class='ocrx_word' id='word_1_57' title='bbox 296 870 409 962; x_wconf 78' lang='grc' dir='ltr'><em>πήραν</em></span> <span class='ocrx_word' id='word_1_58' title='bbox 434 879 480 954; x_wconf 88' lang='grc' dir='ltr'><em>είς</em></span> <span class='ocrx_word' id='word_1_59' title='bbox 498 867 596 962; x_wconf 83' lang='grc' dir='ltr'><em>ὁδόν,</em></span> <span class='ocrx_word' id='word_1_60' title='bbox 621 872 700 963; x_wconf 91' lang='grc' dir='ltr'><em>μηδ’</em></span> <span class='ocrx_word' id='word_1_61' title='bbox 721 868 963 963; x_wconf 79' lang='grc' dir='ltr'><em>ύποδηματα;”</em></span> <span class='ocrx_word' id='word_1_62' title='bbox 984 877 1054 954; x_wconf 87' lang='grc' dir='ltr'><em>πῶς</em></span> 
     </span>
     <span class='ocr_line' id='line_1_9' title="bbox 83 970 1055 1065; baseline -0.002 -18"><span class='ocrx_word' id='word_1_63' title='bbox 83 972 119 1047; x_wconf 90' lang='grc' dir='ltr'><em>δ’</em></span> <span class='ocrx_word' id='word_1_64' title='bbox 146 970 191 1047; x_wconf 85' lang='grc' dir='ltr'><em>άν</em></span> <span class='ocrx_word' id='word_1_65' title='bbox 217 979 395 1046; x_wconf 73' lang='grc' dir='ltr'><em>ἐπείθοντο</em></span> <span class='ocrx_word' id='word_1_66' title='bbox 422 977 553 1063; x_wconf 82' lang='grc' dir='ltr'><em>λέγοντι</em></span> <span class='ocrx_word' id='word_1_67' title='bbox 578 981 634 1045; x_wconf 81' lang='grc' dir='ltr'><em>καὶ</em></span> <span class='ocrx_word' id='word_1_68' title='bbox 654 979 690 1045; x_wconf 78' lang='grc' dir='ltr'><em>ἐν</em></span> <span class='ocrx_word' id='word_1_69' title='bbox 714 972 1055 1065; x_wconf 80' lang='grc' dir='ltr'><em>ἀπομνημονεύμασιν</em></span> 
     </span>
     <span class='ocr_line' id='line_1_10' title="bbox 82 1072 1055 1167; baseline 0.001 -21"><span class='ocrx_word' id='word_1_70' title='bbox 82 1074 265 1167; x_wconf 71' lang='grc' dir='ltr'><em>ἐγγράφοις</em></span> <span class='ocrx_word' id='word_1_71' title='bbox 283 1081 386 1146; x_wconf 86' lang='grc' dir='ltr'><em>ταῦτα</em></span> <span class='ocrx_word' id='word_1_72' title='bbox 405 1073 629 1166; x_wconf 76' lang='grc' dir='ltr'><em>παραδιδόναι</em></span> <span class='ocrx_word' id='word_1_73' title='bbox 652 1072 786 1165; x_wconf 75' lang='grc' dir='ltr'><em>ἠξίουν,</em></span> <span class='ocrx_word' id='word_1_74' title='bbox 812 1085 844 1147; x_wconf 89' lang='grc' dir='ltr'><em>εί</em></span> <span class='ocrx_word' id='word_1_75' title='bbox 864 1077 1055 1167; x_wconf 81' lang='grc' dir='ltr'><em>χρηματιζό-</em></span> 
     </span>
    </p>

    <p class='ocr_par' dir='ltr' id='par_1_4' title="bbox 41 1175 1120 3302">
     <span class='ocr_line' id='line_1_11' title="bbox 41 1175 1055 1269; baseline 0.001 -21"><span class='ocrx_word' id='word_1_76' title='bbox 41 1208 70 1249; x_wconf 86' lang='grc' dir='ltr'><em>ιο</em></span> <span class='ocrx_word' id='word_1_77' title='bbox 83 1206 188 1269; x_wconf 80' lang='grc' dir='ltr'><em>μενον</em></span> <span class='ocrx_word' id='word_1_78' title='bbox 210 1175 271 1250; x_wconf 85' lang='grc' dir='ltr'><em>τὸν</em></span> <span class='ocrx_word' id='word_1_79' title='bbox 295 1175 500 1248; x_wconf 87' lang='grc' dir='ltr'><em>διδάσκαλον</em></span> <span class='ocrx_word' id='word_1_80' title='bbox 523 1176 639 1268; x_wconf 82' lang='grc' dir='ltr'><em>ἑῶρων</em></span> <span class='ocrx_word' id='word_1_81' title='bbox 667 1181 722 1248; x_wconf 77' lang='grc' dir='ltr'><em>καὶ</em></span> <span class='ocrx_word' id='word_1_82' title='bbox 739 1175 899 1249; x_wconf 86' lang='grc' dir='ltr'><em>τάναντία</em></span> <span class='ocrx_word' id='word_1_83' title='bbox 917 1175 966 1261; x_wconf 81' lang='grc' dir='ltr'><em>οἷς</em></span> <span class='ocrx_word' id='word_1_84' title='bbox 985 1183 1055 1249; x_wconf 80' lang='grc' dir='ltr'><em>ἑτέ-</em></span> 
     </span>
     <span class='ocr_line' id='line_1_12' title="bbox 85 1275 1055 1369; baseline 0.001 -20"><span class='ocrx_word' id='word_1_85' title='bbox 85 1307 167 1367; x_wconf 87' lang='grc' dir='ltr'><em>ρους</em></span> <span class='ocrx_word' id='word_1_86' title='bbox 180 1284 336 1351; x_wconf 80' lang='grc' dir='ltr'><em>ἐδίδασκε</em></span> <span class='ocrx_word' id='word_1_87' title='bbox 349 1277 519 1369; x_wconf 84' lang='grc' dir='ltr'><em>μετιόντα;</em></span> <span class='ocrx_word' id='word_1_88' title='bbox 538 1286 568 1350; x_wconf 87' lang='grc'><em>3.</em></span> <span class='ocrx_word' id='word_1_89' title='bbox 587 1278 689 1349; x_wconf 88' lang='grc' dir='ltr'><em>πάλαι</em></span> <span class='ocrx_word' id='word_1_90' title='bbox 705 1275 737 1348; x_wconf 91' lang='grc' dir='ltr'><em>δ’</em></span> <span class='ocrx_word' id='word_1_91' title='bbox 753 1275 796 1349; x_wconf 86' lang='grc' dir='ltr'><em>άν</em></span> <span class='ocrx_word' id='word_1_92' title='bbox 808 1279 1055 1367; x_wconf 85' lang='grc' dir='ltr'><em>καταγελάσαν-</em></span> 
     </span>
     <span class='ocr_line' id='line_1_13' title="bbox 70 1378 1055 1479; baseline 0.001 -28"><span class='ocrx_word' id='word_1_93' title='bbox 70 1408 140 1479; x_wconf 79' lang='grc' dir='ltr'><em>τες</em></span> <span class='ocrx_word' id='word_1_94' title='bbox 156 1382 262 1453; x_wconf 78' lang='grc' dir='ltr'><em>αὐτού</em></span> <span class='ocrx_word' id='word_1_95' title='bbox 279 1383 335 1452; x_wconf 81' lang='grc' dir='ltr'><em>καί</em></span> <span class='ocrx_word' id='word_1_96' title='bbox 352 1386 420 1451; x_wconf 87' lang='grc' dir='ltr'><em>τῶν</em></span> <span class='ocrx_word' id='word_1_97' title='bbox 433 1379 543 1469; x_wconf 89' lang='grc' dir='ltr'><em>λόγων</em></span> <span class='ocrx_word' id='word_1_98' title='bbox 555 1380 823 1461; x_wconf 88' lang='grc' dir='ltr'><em>καταπτύσαυτες</em></span> <span class='ocrx_word' id='word_1_99' title='bbox 837 1378 1055 1470; x_wconf 76' lang='grc' dir='ltr'><em>ἀνεχώρησαν</em></span> 
     </span>
     <span class='ocr_line' id='line_1_14' title="bbox 82 1479 1054 1574; baseline -0.004 -21"><span class='ocrx_word' id='word_1_100' title='bbox 82 1486 144 1572; x_wconf 80' lang='grc' dir='ltr'><em>τῆς</em></span> <span class='ocrx_word' id='word_1_101' title='bbox 159 1491 345 1574; x_wconf 85' lang='grc' dir='ltr'><em>μαθητείας</em></span> <span class='ocrx_word' id='word_1_102' title='bbox 364 1481 511 1571; x_wconf 80' lang='grc' dir='ltr'><em>εἰκότως,</em></span> <span class='ocrx_word' id='word_1_103' title='bbox 531 1490 562 1553; x_wconf 81' lang='grc' dir='ltr'><em>εί</em></span> <span class='ocrx_word' id='word_1_104' title='bbox 573 1479 686 1567; x_wconf 81' lang='grc' dir='ltr'><em>αὐτοῖς</em></span> <span class='ocrx_word' id='word_1_105' title='bbox 703 1483 765 1572; x_wconf 74' lang='grc' dir='ltr'><em>μὲν</em></span> <span class='ocrx_word' id='word_1_106' title='bbox 777 1485 912 1551; x_wconf 81' lang='grc' dir='ltr'><em>τοιαῦτα</em></span> <span class='ocrx_word' id='word_1_107' title='bbox 925 1486 1054 1569; x_wconf 84' lang='grc' dir='ltr'><em>σεμνῶς</em></span> 
     </span>
     <span class='ocr_line' id='line_1_15' title="bbox 83 1581 1050 1675; baseline -0.005 -18"><span class='ocrx_word' id='word_1_108' title='bbox 83 1591 335 1675; x_wconf 79' lang='grc' dir='ltr'><em>νομοθετοῦντα</em></span> <span class='ocrx_word' id='word_1_109' title='bbox 355 1582 488 1674; x_wconf 84' lang='grc' dir='ltr'><em>ἕῶρων,</em></span> <span class='ocrx_word' id='word_1_110' title='bbox 515 1581 619 1655; x_wconf 81' lang='grc' dir='ltr'><em>αὐτὸν</em></span> <span class='ocrx_word' id='word_1_111' title='bbox 638 1584 674 1654; x_wconf 73' lang='grc' dir='ltr'><em>δὲ</em></span> <span class='ocrx_word' id='word_1_112' title='bbox 697 1581 756 1654; x_wconf 84' lang='grc' dir='ltr'><em>τόν</em></span> <span class='ocrx_word' id='word_1_113' title='bbox 774 1586 962 1674; x_wconf 78' lang='grc' dir='ltr'><em>νομοθέτην</em></span> <span class='ocrx_word' id='word_1_114' title='bbox 979 1583 1050 1653; x_wconf 86' lang='grc' dir='ltr'><em>κατ’</em></span> 
     </span>
     <span class='ocr_line' id='line_1_16' title="bbox 42 1681 1052 1776; baseline -0.001 -20"><span class='ocrx_word' id='word_1_115' title='bbox 42 1714 70 1757; x_wconf 82' lang='grc' dir='ltr'><em>τε</em></span> <span class='ocrx_word' id='word_1_116' title='bbox 84 1681 210 1757; x_wconf 80' lang='grc' dir='ltr'><em>ούδίνα</em></span> <span class='ocrx_word' id='word_1_117' title='bbox 227 1684 352 1776; x_wconf 88' lang='grc' dir='ltr'><em>τρόπον</em></span> <span class='ocrx_word' id='word_1_118' title='bbox 371 1683 534 1776; x_wconf 87' lang='grc' dir='ltr'><em>ἑπόμενον</em></span> <span class='ocrx_word' id='word_1_119' title='bbox 551 1704 620 1769; x_wconf 83' lang='grc' dir='ltr'><em>τοῖς</em></span> <span class='ocrx_word' id='word_1_120' title='bbox 638 1693 773 1771; x_wconf 78' lang='grc' dir='ltr'><em>οἰκείοις</em></span> <span class='ocrx_word' id='word_1_121' title='bbox 791 1685 910 1776; x_wconf 84' lang='grc' dir='ltr'><em>λόγοις.</em></span> <span class='ocrx_word' id='word_1_122' title='bbox 943 1690 972 1755; x_wconf 87' lang='grc'><em>4.</em></span> <span class='ocrx_word' id='word_1_123' title='bbox 993 1683 1052 1755; x_wconf 91' lang='grc' dir='ltr'><em>πά·</em></span> 
     </span>
     <span class='ocr_line' id='line_1_17' title="bbox 84 1783 1053 1877; baseline -0.003 -18"><span class='ocrx_word' id='word_1_124' title='bbox 84 1783 175 1859; x_wconf 83' lang='grc' dir='ltr'><em>λινό</em></span> <span class='ocrx_word' id='word_1_125' title='bbox 199 1789 261 1877; x_wconf 77' lang='grc' dir='ltr'><em>μὲν</em></span> <span class='ocrx_word' id='word_1_126' title='bbox 284 1787 364 1876; x_wconf 85' lang='grc' dir='ltr'><em>γόης</em></span> <span class='ocrx_word' id='word_1_127' title='bbox 382 1790 438 1857; x_wconf 78' lang='grc' dir='ltr'><em>καὶ</em></span> <span class='ocrx_word' id='word_1_128' title='bbox 458 1783 503 1868; x_wconf 91' lang='grc' dir='ltr'><em>ῶς</em></span> <span class='ocrx_word' id='word_1_129' title='bbox 529 1785 665 1877; x_wconf 86' lang='grc' dir='ltr'><em>άληθῶς</em></span> <span class='ocrx_word' id='word_1_130' title='bbox 690 1787 813 1870; x_wconf 90' lang='grc' dir='ltr'><em>πλάνος</em></span> <span class='ocrx_word' id='word_1_131' title='bbox 831 1805 901 1868; x_wconf 81' lang='grc' dir='ltr'><em>τοῖς</em></span> <span class='ocrx_word' id='word_1_132' title='bbox 919 1783 1053 1876; x_wconf 85' lang='grc' dir='ltr'><em>ἀπειρη-</em></span> 
     </span>
     <span class='ocr_line' id='line_1_18' title="bbox 82 1885 1120 1979; baseline -0.005 -18"><span class='ocrx_word' id='word_1_133' title='bbox 82 1893 197 1979; x_wconf 81' lang='grc' dir='ltr'><em>μίνοις</em></span> <span class='ocrx_word' id='word_1_134' title='bbox 215 1893 353 1971; x_wconf 83' lang='grc' dir='ltr'><em>καὶτοῖς</em></span> <span class='ocrx_word' id='word_1_135' title='bbox 377 1885 524 1971; x_wconf 87' lang='grc' dir='ltr'><em>ἀνοσίοις</em></span> <span class='ocrx_word' id='word_1_136' title='bbox 543 1890 666 1961; x_wconf 84' lang='grc' dir='ltr'><em>ἑαυτὸν</em></span> <span class='ocrx_word' id='word_1_137' title='bbox 690 1895 888 1961; x_wconf 81' lang='grc' dir='ltr'><em>ἐπιδίδωσιν</em></span> <span class='ocrx_word' id='word_1_138' title='bbox 907 1885 1054 1959; x_wconf 78' lang='grc' dir='ltr'><em>ἀνοσίων</em></span> <span class='ocrx_word' id='word_1_139' title='bbox 1068 1920 1120 1965; x_wconf 60' lang='grc' dir='ltr'><em>(αα</em></span> 
     </span>
     <span class='ocr_line' id='line_1_19' title="bbox 84 1986 1055 2082; baseline -0.003 -19"><span class='ocrx_word' id='word_1_140' title='bbox 84 1994 142 2063; x_wconf 78' lang='grc' dir='ltr'><em>καὶ</em></span> <span class='ocrx_word' id='word_1_141' title='bbox 158 1990 331 2082; x_wconf 75' lang='grc' dir='ltr'><em>ἀθεμίτων</em></span> <span class='ocrx_word' id='word_1_142' title='bbox 354 1986 489 2079; x_wconf 78' lang='grc' dir='ltr'><em>ἡδονῶν</em></span> <span class='ocrx_word' id='word_1_143' title='bbox 513 1995 628 2065; x_wconf 80' lang='grc' dir='ltr'><em>ἕνεκεν</em></span> <span class='ocrx_word' id='word_1_144' title='bbox 645 1991 772 2082; x_wconf 83' lang='grc' dir='ltr'><em>θήρας,</em></span> <span class='ocrx_word' id='word_1_145' title='bbox 799 1990 884 2064; x_wconf 88' lang='grc' dir='ltr'><em>ῶστε</em></span> <span class='ocrx_word' id='word_1_146' title='bbox 909 1987 975 2079; x_wconf 77' lang='grc' dir='ltr'><em>ἤδη</em></span> <span class='ocrx_word' id='word_1_147' title='bbox 1000 1990 1055 2061; x_wconf 87' lang='grc' dir='ltr'><em>διά</em></span> 
     </span>
     <span class='ocr_line' id='line_1_20' title="bbox 84 2091 1052 2185; baseline 0 -23"><span class='ocrx_word' id='word_1_148' title='bbox 84 2092 143 2175; x_wconf 87' lang='grc' dir='ltr'><em>τάς</em></span> <span class='ocrx_word' id='word_1_149' title='bbox 158 2099 362 2185; x_wconf 87' lang='grc' dir='ltr'><em>μαγγανείας</em></span> <span class='ocrx_word' id='word_1_150' title='bbox 380 2091 502 2180; x_wconf 87' lang='grc' dir='ltr'><em>γύναιά</em></span> <span class='ocrx_word' id='word_1_151' title='bbox 519 2121 594 2164; x_wconf 87' lang='grc' dir='ltr'><em>τινα</em></span> <span class='ocrx_word' id='word_1_152' title='bbox 613 2093 833 2182; x_wconf 77' lang='grc' dir='ltr'><em>καταβάλλειν</em></span> <span class='ocrx_word' id='word_1_153' title='bbox 850 2097 906 2166; x_wconf 88' lang='grc' dir='ltr'><em>καὶ</em></span> <span class='ocrx_word' id='word_1_154' title='bbox 923 2091 1052 2163; x_wconf 86' lang='grc' dir='ltr'><em>ύποσύ-</em></span> 
     </span>
     <span class='ocr_line' id='line_1_21' title="bbox 43 2188 1110 2287; baseline 0 -24"><span class='ocrx_word' id='word_1_155' title='bbox 43 2222 72 2265; x_wconf 82' lang='grc' dir='ltr'><em>νο</em></span> <span class='ocrx_word' id='word_1_156' title='bbox 86 2222 160 2287; x_wconf 91' lang='grc' dir='ltr'><em>ρειν</em></span> <span class='ocrx_word' id='word_1_157' title='bbox 177 2199 220 2286; x_wconf 74' lang='grc' dir='ltr'><em>τῇ</em></span> <span class='ocrx_word' id='word_1_158' title='bbox 237 2190 341 2265; x_wconf 82' lang='grc' dir='ltr'><em>αύτοῶ</em></span> <span class='ocrx_word' id='word_1_159' title='bbox 359 2203 473 2285; x_wconf 77' lang='grc' dir='ltr'><em>κακίᾳ·</em></span> <span class='ocrx_word' id='word_1_160' title='bbox 510 2188 527 2263; x_wconf 88' lang='grc' dir='ltr'>ὁ</span> <span class='ocrx_word' id='word_1_161' title='bbox 548 2196 586 2265; x_wconf 74' lang='grc' dir='ltr'><em>δὲ</em></span> <span class='ocrx_word' id='word_1_162' title='bbox 609 2195 719 2285; x_wconf 77' lang='grc' dir='ltr'><em>σωτὴρ</em></span> <span class='ocrx_word' id='word_1_163' title='bbox 744 2200 799 2265; x_wconf 81' lang='grc' dir='ltr'><em>καὶ</em></span> <span class='ocrx_word' id='word_1_164' title='bbox 823 2196 938 2284; x_wconf 88' lang='grc' dir='ltr'><em>κύριος</em></span> <span class='ocrx_word' id='word_1_165' title='bbox 961 2190 1055 2283; x_wconf 73' lang='grc' dir='ltr'><em>ἡμῶν</em></span> <span class='ocrx_word' id='word_1_166' title='bbox 1070 2224 1110 2275; x_wconf 72' lang='grc' dir='ltr'><em>μοι</em></span> 
     </span>
     <span class='ocr_line' id='line_1_22' title="bbox 84 2292 1054 2386; baseline -0.005 -17"><span class='ocrx_word' id='word_1_167' title='bbox 84 2292 160 2369; x_wconf 74' lang='grc' dir='ltr'><em>οὐδ’</em></span> <span class='ocrx_word' id='word_1_168' title='bbox 183 2303 275 2367; x_wconf 83' lang='grc' dir='ltr'><em>ἔστιν</em></span> <span class='ocrx_word' id='word_1_169' title='bbox 300 2303 408 2367; x_wconf 76' lang='grc' dir='ltr'><em>εἰπεῖν</em></span> <span class='ocrx_word' id='word_1_170' title='bbox 430 2293 521 2377; x_wconf 82' lang='grc' dir='ltr'><em>ὅπως</em></span> <span class='ocrx_word' id='word_1_171' title='bbox 539 2292 764 2386; x_wconf 78' lang='grc' dir='ltr'><em>ἀνέστραπται</em></span> <span class='ocrx_word' id='word_1_172' title='bbox 781 2299 858 2386; x_wconf 86' lang='grc' dir='ltr'><em>περὶ</em></span> <span class='ocrx_word' id='word_1_173' title='bbox 877 2296 1054 2385; x_wconf 84' lang='grc' dir='ltr'><em>σωφροσύ-</em></span> 
     </span>
     <span class='ocr_line' id='line_1_23' title="bbox 83 2393 1054 2487; baseline -0.004 -17"><span class='ocrx_word' id='word_1_174' title='bbox 83 2427 166 2487; x_wconf 93' lang='grc' dir='ltr'><em>νην,</em></span> <span class='ocrx_word' id='word_1_175' title='bbox 191 2393 290 2469; x_wconf 84' lang='grc' dir='ltr'><em>ὁπότε</em></span> <span class='ocrx_word' id='word_1_176' title='bbox 308 2396 410 2468; x_wconf 90' lang='grc' dir='ltr'><em>πάλιν</em></span> <span class='ocrx_word' id='word_1_177' title='bbox 428 2403 463 2466; x_wconf 82' lang='grc' dir='ltr'><em>οί</em></span> <span class='ocrx_word' id='word_1_178' title='bbox 481 2400 630 2487; x_wconf 82' lang='grc' dir='ltr'><em>μαθηταὶ</em></span> <span class='ocrx_word' id='word_1_179' title='bbox 653 2402 859 2486; x_wconf 79' lang='grc' dir='ltr'><em>μαρτυροῦσι</em></span> <span class='ocrx_word' id='word_1_180' title='bbox 876 2413 1054 2484; x_wconf 81' lang='grc' dir='ltr'><em>παραινεῖν</em></span> 
     </span>
     <span class='ocr_line' id='line_1_24' title="bbox 83 2494 1052 2590; baseline -0.003 -20"><span class='ocrx_word' id='word_1_181' title='bbox 83 2498 163 2590; x_wconf 87' lang='grc' dir='ltr'><em>μηδ’</em></span> <span class='ocrx_word' id='word_1_182' title='bbox 185 2500 363 2589; x_wconf 77' lang='grc' dir='ltr'><em>ἐμβλέπειν</em></span> <span class='ocrx_word' id='word_1_183' title='bbox 389 2501 524 2586; x_wconf 83' lang='grc' dir='ltr'><em>γυναικὶ</em></span> <span class='ocrx_word' id='word_1_184' title='bbox 549 2494 620 2588; x_wconf 86' lang='grc' dir='ltr'><em>μετ’</em></span> <span class='ocrx_word' id='word_1_185' title='bbox 650 2501 830 2588; x_wconf 81' lang='grc' dir='ltr'><em>ἐπιθυμίας</em></span> <span class='ocrx_word' id='word_1_186' title='bbox 855 2495 1052 2586; x_wconf 86' lang='grc' dir='ltr'><em>ἀκολάστου,</em></span> 
     </span>
     <span class='ocr_line' id='line_1_25' title="bbox 84 2595 1053 2691; baseline -0.001 -19"><span class='ocrx_word' id='word_1_187' title='bbox 84 2599 242 2691; x_wconf 78' lang='grc' dir='ltr'><em>φήσαντα</em></span> <span class='ocrx_word' id='word_1_188' title='bbox 256 2596 402 2691; x_wconf 80' lang='grc' dir='ltr'><em>“ἐρρε’θη</em></span> <span class='ocrx_word' id='word_1_189' title='bbox 419 2618 488 2684; x_wconf 82' lang='grc' dir='ltr'><em>τοῖς</em></span> <span class='ocrx_word' id='word_1_190' title='bbox 505 2596 672 2691; x_wconf 89' lang='grc' dir='ltr'><em>ἀρχαίοις,</em></span> <span class='ocrx_word' id='word_1_191' title='bbox 695 2595 737 2672; x_wconf 83' lang='grc' dir='ltr'><em>ού</em></span> <span class='ocrx_word' id='word_1_192' title='bbox 754 2597 957 2691; x_wconf 80' lang='grc' dir='ltr'><em>μοιχεύσεις·</em></span> <span class='ocrx_word' id='word_1_193' title='bbox 988 2600 1053 2688; x_wconf 85' lang='grc' dir='ltr'><em>ε’γῶ</em></span> 
     </span>
     <span class='ocr_line' id='line_1_26' title="bbox 43 2699 1053 2794; baseline -0.001 -21"><span class='ocrx_word' id='word_1_194' title='bbox 43 2733 71 2773; x_wconf 78' lang='grc' dir='ltr'><em>ετ</em></span> <span class='ocrx_word' id='word_1_195' title='bbox 87 2702 125 2773; x_wconf 67' lang='grc' dir='ltr'><em>δὲ</em></span> <span class='ocrx_word' id='word_1_196' title='bbox 143 2705 229 2791; x_wconf 81' lang='grc' dir='ltr'><em>λέγω</em></span> <span class='ocrx_word' id='word_1_197' title='bbox 247 2700 331 2792; x_wconf 78' lang='grc' dir='ltr'><em>ὑμῖν</em></span> <span class='ocrx_word' id='word_1_198' title='bbox 356 2699 406 2773; x_wconf 82' lang='grc' dir='ltr'><em>ὅτι</em></span> <span class='ocrx_word' id='word_1_199' title='bbox 431 2707 497 2784; x_wconf 86' lang='grc' dir='ltr'><em>πάς</em></span> <span class='ocrx_word' id='word_1_200' title='bbox 519 2701 537 2774; x_wconf 87' lang='grc' dir='ltr'>ὁ</span> <span class='ocrx_word' id='word_1_201' title='bbox 557 2706 731 2794; x_wconf 76' lang='grc' dir='ltr'><em>ἐμβλέπων</em></span> <span class='ocrx_word' id='word_1_202' title='bbox 754 2718 900 2793; x_wconf 79' lang='grc' dir='ltr'><em>γυναῖκα</em></span> <span class='ocrx_word' id='word_1_203' title='bbox 918 2701 999 2792; x_wconf 82' lang='grc' dir='ltr'><em>πρὸς</em></span> <span class='ocrx_word' id='word_1_204' title='bbox 1017 2701 1053 2773; x_wconf 84' lang='grc' dir='ltr'><em>τό</em></span> 
     </span>
     <span class='ocr_line' id='line_1_27' title="bbox 87 2801 1053 2896; baseline 0.002 -23"><span class='ocrx_word' id='word_1_205' title='bbox 87 2807 294 2894; x_wconf 78' lang='grc' dir='ltr'><em>ε’πνθυμῆσαι</em></span> <span class='ocrx_word' id='word_1_206' title='bbox 311 2801 418 2893; x_wconf 78' lang='grc' dir='ltr'><em>αὐτὴν</em></span> <span class='ocrx_word' id='word_1_207' title='bbox 439 2802 509 2894; x_wconf 78' lang='grc' dir='ltr'><em>η”δη</em></span> <span class='ocrx_word' id='word_1_208' title='bbox 528 2809 722 2895; x_wconf 77' lang='grc' dir='ltr'><em>ἐμοίχευσεν</em></span> <span class='ocrx_word' id='word_1_209' title='bbox 741 2803 847 2894; x_wconf 74' lang='grc' dir='ltr'><em>αὐτὴν</em></span> <span class='ocrx_word' id='word_1_210' title='bbox 868 2809 904 2875; x_wconf 78' lang='grc' dir='ltr'><em>ἐν</em></span> <span class='ocrx_word' id='word_1_211' title='bbox 917 2811 956 2896; x_wconf 78' lang='grc' dir='ltr'><em>τῇ</em></span> <span class='ocrx_word' id='word_1_212' title='bbox 976 2836 1053 2894; x_wconf 84' lang='grc' dir='ltr'><em>ναρ·</em></span> 
     </span>
     <span class='ocr_line' id='line_1_28' title="bbox 88 2900 1054 3000; baseline 0.002 -27"><span class='ocrx_word' id='word_1_213' title='bbox 88 2908 145 2996; x_wconf 81' lang='grc' dir='ltr'><em>δίη</em></span> <span class='ocrx_word' id='word_1_214' title='bbox 163 2900 299 2977; x_wconf 81' lang='grc' dir='ltr'><em>αύτοῦ.”</em></span> <span class='ocrx_word' id='word_1_215' title='bbox 337 2911 367 2975; x_wconf 83' lang='lat'><em>5.</em></span> <span class='ocrx_word' id='word_1_216' title='bbox 386 2914 446 2976; x_wconf 89' lang='grc' dir='ltr'><em>καί</em></span> <span class='ocrx_word' id='word_1_217' title='bbox 462 2933 541 2977; x_wconf 88' lang='grc' dir='ltr'><em>ποτε</em></span> <span class='ocrx_word' id='word_1_218' title='bbox 554 2905 744 2995; x_wconf 85' lang='grc' dir='ltr'><em>ἀναγκαίως</em></span> <span class='ocrx_word' id='word_1_219' title='bbox 763 2910 817 2977; x_wconf 83' lang='grc' dir='ltr'><em>ἐπὶ</em></span> <span class='ocrx_word' id='word_1_220' title='bbox 835 2903 980 3000; x_wconf 82' lang='grc' dir='ltr'><em>ῶφελείμ</em></span> <span class='ocrx_word' id='word_1_221' title='bbox 999 2911 1054 2977; x_wconf 81' lang='grc' dir='ltr'><em>καὶ</em></span> 
     </span>
     <span class='ocr_line' id='line_1_29' title="bbox 85 3007 1080 3101; baseline 0 -24"><span class='ocrx_word' id='word_1_222' title='bbox 85 3015 234 3101; x_wconf 79' lang='grc' dir='ltr'><em>σωτηρίᾳ</em></span> <span class='ocrx_word' id='word_1_223' title='bbox 261 3012 396 3079; x_wconf 90' lang='grc' dir='ltr'><em>πολλῶν</em></span> <span class='ocrx_word' id='word_1_224' title='bbox 413 3014 633 3097; x_wconf 86' lang='grc' dir='ltr'><em>Σαμαρείτιδι</em></span> <span class='ocrx_word' id='word_1_225' title='bbox 655 3011 791 3096; x_wconf 83' lang='grc' dir='ltr'><em>γυναικὶ</em></span> <span class='ocrx_word' id='word_1_226' title='bbox 818 3007 1054 3097; x_wconf 87' lang='grc' dir='ltr'><em>διαλεγόμενον</em></span> <span class='ocrx_word' id='word_1_227' title='bbox 1068 3036 1080 3070; x_wconf 85' lang='grc' dir='ltr'><em>ι</em></span> 
     </span>
     <span class='ocr_line' id='line_1_30' title="bbox 85 3105 1054 3200; baseline -0.005 -21"><span class='ocrx_word' id='word_1_228' title='bbox 85 3105 189 3181; x_wconf 77' lang='grc' dir='ltr'><em>αὐτόν</em></span> <span class='ocrx_word' id='word_1_229' title='bbox 206 3112 402 3200; x_wconf 81' lang='grc' dir='ltr'><em>τεθεαμένοι</em></span> <span class='ocrx_word' id='word_1_230' title='bbox 424 3108 629 3198; x_wconf 79' lang='grc' dir='ltr'><em>ἐθαύμαζον,</em></span> <span class='ocrx_word' id='word_1_231' title='bbox 648 3107 698 3179; x_wconf 82' lang='grc' dir='ltr'><em>ὅτι</em></span> <span class='ocrx_word' id='word_1_232' title='bbox 711 3109 792 3199; x_wconf 84' lang='grc' dir='ltr'><em>μετά</em></span> <span class='ocrx_word' id='word_1_233' title='bbox 805 3109 964 3197; x_wconf 84' lang='grc' dir='ltr'><em>γυναικὸς</em></span> <span class='ocrx_word' id='word_1_234' title='bbox 984 3106 1054 3175; x_wconf 80' lang='grc' dir='ltr'><em>ἐλά-</em></span> 
     </span>
     <span class='ocr_line' id='line_1_31' title="bbox 44 3205 1053 3302; baseline -0.003 -21"><span class='ocrx_word' id='word_1_235' title='bbox 44 3238 72 3281; x_wconf 81' lang='grc' dir='ltr'><em>ιο</em></span> <span class='ocrx_word' id='word_1_236' title='bbox 85 3220 153 3301; x_wconf 80' lang='grc' dir='ltr'><em>λιι,</em></span> <span class='ocrx_word' id='word_1_237' title='bbox 172 3210 363 3302; x_wconf 83' lang='grc' dir='ltr'><em>παράδοξόν</em></span> <span class='ocrx_word' id='word_1_238' title='bbox 380 3240 411 3282; x_wconf 93' lang='grc' dir='ltr'><em>τι</em></span> <span class='ocrx_word' id='word_1_239' title='bbox 429 3215 525 3281; x_wconf 85' lang='grc' dir='ltr'><em>τοῦτο</em></span> <span class='ocrx_word' id='word_1_240' title='bbox 545 3209 700 3293; x_wconf 83' lang='grc' dir='ltr'><em>δόξαντες</em></span> <span class='ocrx_word' id='word_1_241' title='bbox 717 3209 812 3298; x_wconf 80' lang='grc' dir='ltr'><em>ὁρᾶν,</em></span> <span class='ocrx_word' id='word_1_242' title='bbox 830 3208 941 3299; x_wconf 86' lang='grc' dir='ltr'><em>ῶσπερ</em></span> <span class='ocrx_word' id='word_1_243' title='bbox 960 3205 1053 3278; x_wconf 86' lang='grc' dir='ltr'><em>ούπω</em></span> 
     </span>
    </p>
   </div>
   <div class='ocr_carea' id='block_1_3' title="bbox 156 3443 752 3508">
    <p class='ocr_par' dir='ltr' id='par_1_5' title="bbox 156 3443 752 3508">
     <span class='ocr_line' id='line_1_32' title="bbox 156 3443 752 3508; baseline 0.002 -14"><span class='ocrx_word' id='word_1_244' title='bbox 156 3447 172 3495; x_wconf 86' lang='grc'><strong>6</strong></span> <span class='ocrx_word' id='word_1_245' title='bbox 191 3445 292 3495; x_wconf 81' lang='lat' dir='ltr'>Matth.</span> <span class='ocrx_word' id='word_1_246' title='bbox 308 3448 347 3508; x_wconf 87' lang='lat'><em>10,</em></span> <span class='ocrx_word' id='word_1_247' title='bbox 364 3447 403 3496; x_wconf 87' lang='grc'><em>10.</em></span> <span class='ocrx_word' id='word_1_248' title='bbox 509 3446 542 3493; x_wconf 77' lang='lat'><em>24</em></span> <span class='ocrx_word' id='word_1_249' title='bbox 560 3443 658 3495; x_wconf 78' lang='lat' dir='ltr'><strong>Matth.</strong></span> <span class='ocrx_word' id='word_1_250' title='bbox 673 3446 698 3507; x_wconf 75' lang='grc' dir='ltr'><em>ὖ,</em></span> <span class='ocrx_word' id='word_1_251' title='bbox 712 3443 752 3495; x_wconf 79' lang='grc'><em>27.</em></span> 
     </span>
    </p>
   </div>
   <div class='ocr_carea' id='block_1_4' title="bbox 0 0 1169 3818">
    <p class='ocr_par' dir='ltr' id='par_1_6' title="bbox 0 0 1169 3818">
     <span class='ocr_line' id='line_1_33' title="bbox 0 0 1169 3818; baseline 0 0"><span class='ocrx_word' id='word_1_252' title='bbox 0 0 1169 3818; x_wconf 95' lang='lat' dir='ltr'><em> </em></span> 
     </span>
    </p>
   </div>
  </div>
 </body>
</html>
