2326 3818
117 128 177 192 14ss
527 128 676 180 ευεεοιι

116 271 316 357 πραγμένος,
334 271 399 338 θέα
416 266 534 338 λοιπὸν
553 270 606 338 ἐπὶ
623 266 728 357 μόνον
745 265 849 338 αὐτὸν
861 270 918 340 καλ
930 266 1012 341 οὐδ’
1033 269 1084 362 έφ

117 376 230 458 ἕτερον
247 367 430 458 ἀναφέρειν
447 367 510 489 χρή
523 369 585 459 τήν
603 367 693 459 παρὰ
716 380 840 491 Μφσεῑ
862 380 1087 463 προφητείαν,

92 471 161 543 «δι’
188 461 227 592 ής
250 469 365 562 ὅμοιον
383 465 474 565 αὐτῷ
497 471 725 560 παραστήσειν
755 465 876 554 ὁθεός
902 475 1088 549 ἐθέσπισεν

119 573 223 646 εἰπών
242 569 440 663 ’προφήτην
455 577 553 643 ἐκ
508 602 577 643 των
594 569 752 663 ἀδελφων
774 571 888 644 αὐτων
904 572 1087 666 ἀναστήσω

116 673 245 765 αὐτοῖς,
266 671 378 798 ὥσπερ
401 676 457 762 σέ,
481 677 537 744 καλ
561 672 659 744 δω’σω
689 672 726 744 τὸ
750 672 840 767 ρήμιῖ
864 703 930 764 μου
962 679 1001 746 έν
1037 684 1113 772 τρέε

114 779 250 868 στόματι
269 773 390 864 αὐτοῦ,
416 727 472 846 κάλ
495 773 632 865 λαλήσει
654 773 780 864 αὐτοῖς,
799 777 890 848 καθά
912 770 956 849 ἀν
981 781 1088 851 έντεέ·

115 891 222 971 λωμαι
240 875 349 971 αὐτῷ.
376 879 431 946 καὶ
448 872 466 947 5
485 874 665 966 ἅνθρωπος
682 874 719 960 ὃς
736 874 779 948 ἀν
797 875 842 968 μή
860 877 991 971 ἀκούση
1015 885 1088 954 τῶν

116 983 225 1071 λόγων
251 977 376 1068 αὐτοῦ,
395 976 464 1050 ὅσα
488 975 530 1050 ἀν
556 977 730 1071 λαλήση’
715 1009 733 1050 ο
758 978 931 1069 προφήτης
956 983 1012 1052 ἐπὶ
1037 987 1087 1077 τῷ

114 1082 256 1170 ὀνόματί
270 1109 348 1170 μου,
367 1078 431 1169 έγώ
450 1079 615 1169 ἐκδικήσω
630 1084 663 1165 ἐξ
681 1077 813 1152 αάτοῦ.”

191 1188 242 1254 29.
277 1180 388 1264 Αὐτός
412 1210 448 1252 τε
480 1190 610 1271 Μωσῆς
635 1182 718 1271 πρὸς
741 1183 801 1253 τὸν
823 1182 905 1254 λαὸν
929 1175 993 1272 τήν
1021 1192 1123 1257 τοῦτο

116 1291 199 1357 θεοῦ
218 1283 448 1375 διερμηνεάων
465 1284 584 1375 φωνήν
601 1293 727 1375 ἔφησεν
746 1279 946 1374 ’προφήτην
963 1290 1002 1357 ἐκ
1014 1290 1087 1359 τῶν

88 1410 101 1448 «1
116 1384 275 1477 ἀδελφῶν
292 1381 387 1476 ὑμῶν
404 1383 585 1475 ἀναστήσει
611 1385 723 1476 κύριος
746 1384 764 1457 5
788 1379 869 1468 θεὸς
886 1385 997 1477 ὑμῶν·
1022 1386 1087 1459 αδ·

114 1497 173 1561 τοῦ
190 1486 379 1561 ἀκούσεσθε
398 1486 480 1558 κατὰ
494 1486 603 1559 πάντα
620 1486 684 1560 ὅσα
706 1484 820 1577 ήτήσω
844 1488 935 1577 παρὰ
960 1497 1086 1583 κυρίου

61 1614 101 1665 Ιν-Ἰ
117 1597 177 1662 τοῦ
194 1596 278 1662 θεοῦ
296 1614 359 1661 σου
377 1595 414 1660 έν
432 1589 555 1680 Χωρήβ
573 1596 613 1680 τῇ
630 1585 737 1682 ἡμέρᾳ
756 1595 813 1678 τῆς
832 1587 1038 1678 έκκλησίας.”

191 1697 240 1762 30.
261 1690 332 1763 Ὅτι
356 1692 394 1761 δέ
418 1699 485 1761 τῶν
502 1689 584 1781 μετά
603 1695 731 1762 Μωσέα
762 1696 943 1781 προφητῶν
966 1689 1122 1777 οὖδελςω

116 1793 180 1881 πρὸ
198 1797 256 1864 τοῦ
274 1796 422 1882 σωτῆρος
440 1788 535 1882 ήμῶν
552 1790 663 1882 ὅμοιος
681 1790 855 1882 ἐγήγερται
876 1803 1001 1864 Μωσεῑ
1024 1817 1085 1868 σα·

114 1901 187 1984 φῶς
217 1890 238 1983 ή
265 1894 391 1966 παλαιὰ
421 1892 534 1983 γραφή
559 1891 710 1964 διδάοκει
747 1896 891 1982 λέγουσα
913 1889 993 1966 “nal
1017 1896 1086 1971 οὐκ

114 1995 235 2085 ἀνέστη
254 2006 302 2068 ἔτι
320 1992 492 2084 προφήτης
511 1999 548 2066 έν
561 1992 703 2084 Ἰσραὴλ,
723 1991 768 2076 οἷς
786 2001 925 2086 Μωσῆς,
935 1993 975 2067 ὃν
993 2006 1085 2087 ἔγνω

115 2096 228 2186 κύριος
252 2096 433 2185 πρόσωπον
451 2096 534 2167 κατὰ
557 2095 737 2188 πρόσωπον
762 2101 799 2168 ἐν
822 2101 903 2169 πᾶσι
926 2115 996 2182 τοῖς
1019 2124 1086 2190 ση-

114 2209 219 2289 μείοις
237 2203 292 2270 καὶ
310 2194 453 2289 τέρασι.”
1095 2228 1124 2273 τε

191 2307 242 2372 31.
270 2305 449 2372 Δέδεικται
483 2306 600 2371 τοίνυν
633 2299 669 2370 τὸ
705 2306 827 2372 ἔνθεον
861 2305 994 2393 πνεῦμα
1025 2303 1086 2377 διά

116 2407 267 2486 Μωσέως
291 2406 369 2493 περὶ
392 2410 451 2474 τοῦ
474 2408 622 2492 σωτῆρος
646 2395 741 2491 ήμῶν
770 2410 957 2492 θεσπίσαν,
983 2412 1015 2475 εἰ
1038 2404 1084 2498 δή

114 2506 215 2595 μόνος
233 2505 334 2588 αὐτὸς
352 2507 408 2576 καὶ
426 2500 502 2575 οὐδ’
523 2502 624 2585 ἀλλος
640 2499 751 2592 ὅμοιος
769 2509 816 2595 τῷ
839 2514 962 2576 Μωσεῑ
983 2535 1085 2597 γεγο-

117 2609 181 2690 νώς
214 2625 285 2688 ταῖς
312 2608 416 2677 αὐτοῦ
440 2611 592 2686 Μωσέως
623 2622 753 2693 φωναῖς
776 2601 973 2688 ἀκολούθως
996 2630 1082 2681 συν-

60 2737 100 2788 ιιι]
117 2712 202 2798 έστη.
240 2711 359 2790 σκέψαι
379 2708 416 2776 δέ
434 2709 491 2776 καὶ
507 2703 612 2795 ἀλλην
630 2713 836 2795 προφητείαν
854 2703 1080 2795 ἀνάγραπτον.
1094 2734 1122 2779 τε

114 2814 165 2878 32.
176 2806 431 2898 ἐπειδήγάρτόν
448 2808 645 2897 σωτήρακαὶ
658 2804 775 2897 κύριον
788 2807 883 2898 ήμῶν
895 2806 1084 2902 ἀνθρωπον

115 2911 197 2980 κατὰ
216 2907 323 2996 σάρκα
347 2907 530 2999 γενόμενον
554 2913 590 2979 ἐκ
613 2911 799 3000 σπέρματος
822 2905 953 2999 Ἰσραήλ
974 2920 1083 3003 μυρέετ

114 3011 229 3101 πλήθη
238 3017 274 3083 έν
292 3016 373 3082 πᾶσι
387 3029 455 3092 τοῖς
469 3017 585 3083 ἔθνεσι
598 3019 798 3099 κυριολογελ,
810 3015 867 3099 τῆς
881 3015 1006 3084 ἐνθέου
1018 3019 1084 3107 δυγ

113 3113 243 3204 υάμεως
266 3112 371 3184 αὐτοῦ
398 3110 495 3203 χάριν
518 3110 635 3205 κύριον
657 3108 894 3203 ὁμολογοῦντα,
914 3116 1083 3189 καὶτοῦτο

114 3216 215 3288 πάλιν
232 3223 362 3305 Μωσῆς
387 3212 538 3286 συνιδών
569 3219 615 3308 τῷ
640 3222 725 3309 θείῳ
750 3213 915 3305 πνεύματι
942 3214 999 3286 διά
1021 3216 1121 3306 τήςετ

183 3449 200 3495 4
217 3448 301 3498 Dent.
318 3450 356 3510 18,
372 3452 412 3502 18.
519 3453 549 3500 17
568 3449 650 3500 Deut.
665 3449 706 3511 34,
721 3450 760 3502 10.
