2326 3818
136 119 199 181 423
555 116 702 166 Ευεενιι

138 267 342 341 θεσπίζουσα
360 253 480 335 αὐτούς
498 254 653 344 μὲντοὺς
672 252 743 324 κατ’
766 258 873 324 έκεῖνο
890 256 1011 336 καιροῦ
1030 249 1116 324 ’1ου-

139 367 255 440 δαίους
278 386 314 428 τε
337 361 394 427 καὶ
417 355 648 446 ἀλλοφύλους,
667 355 749 425 κατὰ
766 359 826 426 του
844 357 927 423 λαου
943 359 1004 423 τοῦ
1023 360 1117 426 θεοῦ

141 459 248 543 δεξιὰς
266 458 419 548 ἀλλήλοις
439 456 637 542 δεδωκότας,
656 453 776 527 αὐτίκα
794 454 880 545 μάλα
900 457 1113 546 διαλυθήσε-

138 575 220 632 σθαι
243 564 299 631 καὶ
324 557 556 649 ἀποχωρήσειν
579 564 639 628 τοῦ
663 560 808 645 πολέμου
840 564 938 644 φησί·
974 555 1040 645 τήν
1072 589 1115 648 γε

137 661 203 752 μήν
227 672 401 752 βασιλείαν
426 659 537 730 αὐτῶν
562 662 617 729 καὶ
641 657 703 746 τήν
722 658 883 747 διαδοχήν
901 665 948 738 είς
965 655 1002 726 τό
1021 687 1140 731 παν-ι

138 765 228 844 τελὲς
246 759 544 848 καταλυθήσεσθαι
562 762 617 829 καί
639 756 958 847 ἀποσβεσθήσεσθαι
978 761 1033 829 ἐπὶ
1053 765 1115 850 τῆς

138 873 197 935 τοῦ
234 865 529 954 προφητευομένου
564 857 643 949 μεθ’
685 859 781 947 ήμῶν
815 863 900 930 θεού
934 862 1113 947 γενέσεως.

115 972 188 1034 ε44.
219 970 397 1050 ἐπίστησον
415 971 531 1032 τοίνυν
549 961 628 1030 πότε
651 959 671 1048 ή
690 965 925 1048 Δαμασκηνῶν
943 958 1028 1048 ὁμοῦ
1054 957 1114 1034 καί

135 1065 307 1135 Ἰουδαίων
325 1061 494 1150 κατελύθη
514 1071 683 1151 βασιλεία,
708 1064 763 1130 καί
789 1060 871 1130 κατὰ
895 1069 1011 1143 ποίους
1030 1064 1115 1153 χρό-

139 1195 219 1246 νους
246 1173 450 1253 κατελείφθη
474 1163 494 1251 ή
519 1170 560 1253 χή
590 1169 658 1234 τών
681 1159 853 1234 Ἰουδαίων
876 1161 1111 1253 ἀβασίλευτος,
1125 1196 1150 1237 ιο

140 1269 195 1336 καὶ
222 1264 306 1354 αὐτή
330 1295 370 1356 γε
394 1264 414 1353 ή
439 1268 521 1355 πρὶν
544 1264 650 1334 πολλὰ
676 1268 847 1352 δυναμένη
871 1270 1112 1353 Δαμασκηνῶν

140 1366 247 1457 χώρα,
271 1368 397 1456 μεχάλη
421 1369 507 1457 χειρὶ
529 1365 565 1436 τό
593 1362 737 1435 παλαιὸν
754 1368 812 1452 της
831 1372 959 1453 Συρίας
978 1360 1111 1455 ἀπάσης

140 1468 375 1555 βασιλεύουσα.
419 1473 470 1537 45.
505 1470 558 1536 ἐπὶ
576 1465 640 1557 χάρ
657 1471 715 1555 της
733 1465 862 1536 τούτων
880 1470 1111 1554 καθαιρέσεως

139 1570 197 1640 τὸν
217 1567 425 1659 Ἐμμανουήλ
452 1566 583 1650 πάντως
606 1595 672 1638 που
701 1564 977 1655 νεννηθήσεσθαι
1009 1566 1129 1657 εἰκὸς,

112 1675 196 1741 (ικαὶ
214 1671 272 1741 τὸν
291 1669 586 1760 προφητευόμενου
605 1673 814 1758 ἐληλυθέναι.
844 1677 876 1737 εί
887 1669 949 1754 μὲν
964 1659 1027 1738 οὖν
1039 1676 1111 1740 τών
1123 1698 1148 1740 τι

141 1775 358 1859 δηλουμένων
381 1778 491 1861 παρῆν
518 1769 602 1859 ὁρᾶν
620 1767 832 1848 συνεστώσας
848 1767 906 1849 τάς
924 1778 1110 1859 βασιλείας,

140 1871 242 1944 οὐδέν
260 1877 345 1961 χρήν
362 1875 544 1962 περαιτέρω
564 1880 689 1958 ζητεῖν,
716 1869 820 1958 μόνον
844 1871 881 1939 δὲ
906 1880 952 1940 ἔτι
970 1873 1027 1940 καὶ
1045 1877 1111 1944 νῦν

73 2003 125 2055 μου
142 1983 188 2054 είς
219 1978 381 2061 μέλλοντα
413 1969 533 2060 χρόνον
565 1969 713 2060 ἀναρτᾶν
736 1968 793 2051 τὰς
822 1975 972 2052 ἐλπίδας·
1014 1981 1045 2042 εί
1072 1976 1110 2043 δὲ

140 2083 227 2165 ἔργω
258 2069 432 2160 προφανής
459 2067 479 2158 ή
506 2081 701 2161 καθαίρεσις
732 2078 801 2142 τῶν
830 2076 1032 2161 εἰρημένων,
1065 2070 1110 2154 ώς

139 2174 238 2299 μήτε
249 2177 285 2242 ἐν
314 2178 485 2265 Δαμασκῷ
511 2173 594 2262 μήτε
621 2179 657 2243 ἐν
683 2178 723 2261 πή
747 2170 892 2264 Ἰουδαίᾳ
915 2170 996 2244 καθ’
1023 2172 1149 2264 ήμᾶςω

140 2273 261 2370 αὐτους
279 2283 463 2393 φαίνεσθαι
476 2280 626 2406 βασιλέα,
641 2274 811 2363 πρόδηλον
826 2270 869 2355 ώς
883 2278 997 2355 τέλους
1012 2283 1111 2366 ἔτυχε

140 2377 176 2447 τὸ
201 2375 315 2498 λόχιον
341 2372 484 2466 φήσαν
486 2372 554 2446 καὶ
585 2375 886 2498 καταλειφθήσεται
917 2405 941 2496 η
969 2383 1011 2499 χή
1043 2373 1110 2448 ἀπὸ

139 2478 321 2599 προσώπου
335 2484 402 2548 τών
417 2477 479 2548 δύο
491 2468 714 2565 βασιλέων,
688 2506 735 2547 ων
749 2500 791 2545 συ
805 2482 907 2567 φοβή,
921 2474 987 2546 ἀπὸ
1003 2501 1111 2566 προσ-

141 2580 234 2651 ώπου
263 2576 410 2666 αὐτῶν,”
435 2607 503 2648 των
535 2582 700 2664 βασιλέων
730 2573 805 2647 ἀντὶ
828 2583 896 2648 τών
929 2582 1109 2664 βασιλειων

80 2710 125 2760 ωτι)
142 2680 398 2768 ὠνομασμένων.
451 2684 501 2747 46.
539 2677 658 2766 ὁνούν
676 2676 857 2768 Συμμαχός
871 2701 973 2768 φησιν
985 2675 1105 2764 “ένκα·
1121 2707 1148 2749 τε

139 2778 401 2868 ταλειφθήσεται
424 2778 516 2869 ήχή,
536 2777 596 2866 ἀφ’
616 2771 654 2868 ής
673 2777 715 2850 συ
734 2785 901 2868 έχκακείς,
920 2775 983 2849 ἀπὸ
1001 2804 1110 2867 προσ-

141 2880 234 2950 ώπου
265 2885 332 2948 των
365 2879 427 2949 δύο
456 2885 622 2968 βασιλέων
654 2877 793 2968 αὐτης,”
836 2885 893 2951 καὶ
924 2876 941 2951 ὁ
969 2877 1109 2961 Ἀκάλας

135 2977 501 3070 δ’έγκαταλειφθήσεται
525 2981 545 3070 ή
565 2981 677 3071 χθών,
701 2977 744 3072 ήν
762 2980 804 3052 σι)
823 2990 1020 3071 σικχαίνεις,
1042 2980 1108 3052 ἀπὸ

141 3081 321 3171 προσώπου
352 3086 419 3153 των
450 3082 512 3153 δύο
542 3088 708 3170 βασιλέων
739 3080 874 3172 αὐτής.”
927 3089 978 3153 47.
1016 3083 1108 3154 καὶὸ

142 3191 331 3254 Θεοδοτίων
351 3185 387 3253 δὲ
405 3188 524 3254 τουτου
542 3184 731 3274 ἡρμήνευσε
748 3184 806 3255 τὸν
833 3182 964 3274 τρόπον,
986 3180 1108 3273 “έχκα-
1121 3213 1149 3256 ιο

141 3283 400 3374 ταλειφθήσεται
418 3281 438 3374 ή
457 3289 510 3375 γη,
529 3277 572 3374 ήν
587 3285 629 3356 σύ
643 3284 827 3376 βδελάσση,
846 3282 912 3355 ἀπὸ
926 3283 1109 3374 προσώπου

141 3387 208 3453 τών
240 3385 301 3455 δύο
331 3391 497 3473 βασιλέων
528 3384 662 3475 αὐτής,”
716 3392 768 3457 48.
811 3384 891 3479 ὁρᾷς
922 3382 1011 3468 ὅπως
1045 3385 1109 3474 τήν
