2326 3818
84 151 126 216 92
492 150 652 228 εοεεειιΙ

87 297 223 382 δένδρα,
242 288 318 362 οὔτε
335 289 375 361 ιά
394 289 609 381 βδελάγματα
624 287 736 361 αι’τῶν
749 293 790 379 τῇ
807 286 914 383 ἡμέρᾳ
929 293 1049 384 ἐκείνη.

86 401 216 464 ἔσονται
235 398 273 462 αἱ
287 390 400 475 πόλεις
417 414 480 464 σου
499 393 846 482 έμκιιταλελειμμέναι,
870 388 910 463 δν
927 390 1052 481 τρόπον

87 500 301 584 ἐγκατέλιπον
319 500 353 564 οἱ
364 491 555 585 Ἀμορραῑοι
570 497 626 565 καὶ
645 501 679 565 ολ
694 489 816 564 mato»
833 489 899 565 ἀπό
918 493 1052 581 προσῶ-

86 625 151 667 που
168 603 235 668 τῶν
253 599 338 667 υίῶυ
358 592 496 684 Ἰσραήλ.
532 602 581 667 16.
598 598 653 666 καὶ
671 602 801 666 ἔσονται
820 602 947 687 ἔρημοι,
967 593 1053 667 διότι

87 701 294 788 ἐγκατέλιπες
319 696 484 769 τὸνθεόν
507 697 568 768 τὸν
591 694 724 787 σωτῆρά
749 718 828 785 σον,
852 700 907 768 καὶ
931 706 1079 787 κυρίονε

58 806 145 870 ετοῦ
166 805 250 871 θεοῦ
275 821 337 870 σου
360 828 422 871 ουκ
446 797 625 929 ἐμνήσθης.
669 796 726 870 διά
753 802 850 869 τοῦτο
874 797 1053 922 φυτεύσεις

85 900 249 1023 φύτευμα
256 897 411 970 ἀπιστον
439 929 478 993 τη
468 897 571 971 '‘66
552 905 659 996 ημέρη
676 891 701 992 ᾖ
716 892 759 970 διν
776 899 958 993 φυτεύσῃς,
971 911 1052 972 πλα-

86 999 249 1093 πενθήσω

416 1152 476 1244 λδ.
518 1161 585 1228 Τοῦ
603 1152 716 1227 αὐτοῦ.

88 1344 217 1418 Δήλωσις
234 1354 329 1404 καθαι
349 1349 433 1414 ε’σεως
455 1353 511 1406 τῶν
526 1346 698 1406 Ἰουδαϊκῶν
720 1346 832 1407 πόλεων
852 1353 903 1407 καλ
924 1356 975 1420 τῆς
996 1354 1053 1408 τῶν
1066 1361 1094 1400 10

331 1369 429 1474 ἀθνῶν
440 1414 514 1474 κατὰ
527 1418 601 1475 θεὸν
614 1414 802 1489 εὐφροσύνης

165 1576 245 1646 17.
248 1573 373 1663 Κύριε
396 1572 511 1658 ὁθεός
531 1608 596 1666 μου
615 1576 743 1661 δοξάσω
768 1602 823 1664 σε,
851 1574 991 1668 ὑμνήσω
1015 1578 1053 1650 τὸ
1103 1607 1107 1620 ·

86 1676 192 1768 όνομά
210 1701 283 1764 σου,
301 1677 351 1747 ὅτι
370 1682 527 1767 ἐποίησας
551 1680 729 1768 θαυμαστοὶ
752 1679 945 1770 πράγματα,
972 1689 1052 1769 βου·

88 1778 150 1867 λὴν
174 1776 336 1869 ἀρχαίαν,
362 1774 539 1868 ἀληθινήν.
581 1788 709 1869 γένοιτο
727 1779 838 1870 κύριε,
858 1778 908 1851 ότι
927 1789 1053 1871 ἔθηκας

87 1879 199 1962 πόλεις
228 1888 275 1963 εἰς
305 1885 416 1970 χῶμα,
440 1879 553 1963 πόλεις
572 1879 694 1972 ὀχυρὰς
718 1887 780 1954 τοῦ
798 1901 917 1954 πεσεῖν
940 1882 1094 1958 αὐτῶναι

87 1982 126 2052 τὰ
149 1985 299 2071 θεμέλια.
343 1986 412 2052 τῶν
435 1979 569 2070 ἀσεβῶν
593 1983 687 2066 πόλις
711 1991 758 2064 εἰς
788 1983 847 2055 τὸν
871 1990 978 2056 αἰῶνα
1011 1982 1053 2057 οά

63 2081 132 2171 ομὴ
150 2088 367 2176 ολκοδομηθῇ.
413 2082 469 2154 διά
496 2088 594 2156 τοῦτο
619 2084 793 2175 εὐλογήσω
818 2087 855 2156 σὲ
877 2082 895 2155 6
925 2087 1003 2169 λαὸς
1034 2085 1053 2157 6

88 2184 228 2274 πτωχὸς,
244 2188 300 2255 καὶ
317 2183 428 2268 πόλεις
446 2184 640 2277 ἀνθρώπων
657 2184 889 2278 ἀδικουμένων
913 2186 1050 2278 εὐλογή-

87 2294 190 2358 σονσί
204 2309 251 2360 σε.
286 2289 404 2376 ἐγένου
422 2287 486 2380 γάρ
510 2287 601 2381 πάση
619 2287 714 2360 πόλει
744 2295 887 2381 ταπεινῂ
914 2289 1052 2380 βοηθός,

87 2392 143 2459 καὶ
174 2405 245 2471 τοῖς
275 2384 472 2479 ἀθυμήσασι
504 2388 553 2462 δι’
578 2398 712 2462 ἔνδειαν
743 2397 858 2481 σκέπη.
910 2399 958 2462 18.
996 2395 1094 2464 καὶω

86 2489 218 2580 ποιησει
247 2490 360 2580 πόριος
380 2491 535 2582 Σαβαῶθ
565 2496 646 2564 πᾶσι
676 2508 745 2575 τοῖς
776 2502 914 2565 ἔθνεσιν
939 2496 993 2565 έπδ
1015 2493 1053 2566 τὸ

86 2589 163 2683 ὅρος
179 2599 288 2682 τοῦτο,
306 2600 440 2665 πίουται
458 2591 685 2685 εὐφροσύνην,
704 2605 836 2667 πίονται
853 2596 965 2685 οἶνον,
983 2605 1054 2687 χρέ-

87 2715 202 2763 σουται
224 2693 331 2783 μύρου
359 2697 395 2765 έν
423 2699 470 2788 τῷ
497 2693 567 2783 ὄρει
600 2695 718 2789 τούτῳ.
770 2696 919 2788 παράδος
948 2703 1053 2768 ταῦτα

87 2792 197 2864 πάντα
228 2812 295 2876 τοῖς
321 2791 522 2884 ἔθνεσιν,
503 2826 525 2886 η
551 2795 615 2885 γὰρ
633 2767 802 2887 βοῶλὴ
758 2828 841 2888 αντη
861 2803 915 2870 ἐπὶ
942 2797 1053 2872 πάντα

87 2924 127 2964 τα
117 2892 248 2985 ἔθνη·
284 2895 479 2970 κατέπιεν’
464 2927 482 2968 ο
508 2897 656 2979 θάνατος
674 2898 828 2991 ἰσχύσας,
864 2903 920 2971 καὶ
951 2899 1094 2974 πάλινω

88 2995 264 3119 ἀφεῖλενε
249 3026 267 3068 ο
286 2990 366 3079 θεδς
382 3003 451 3071 πάν
470 2997 655 3089 δάκρυον’
635 2999 700 3072 απὸ
718 3003 840 3085 παντὸς
858 3001 1053 3093 προσῶπου,

88 3098 124 3167 τὸ
142 3097 272 3181 ὄνειδος
299 3104 359 3170 τοῦ
383 3106 466 3171 λαοῦ
491 3099 664 3191 ἀφεῖλευὸ
689 3102 804 3186 θεδς’
787 3104 852 3176 απὸ
874 3103 982 3195 πάσης
995 3133 1054 3195 της

89 3229 156 3289 γης.
193 3199 230 3272 τὸ
247 3199 310 3291 γάρ
328 3200 432 3292 στόμα
449 3211 571 3296 κυρίου
589 3201 730 3294 ἐλάλησε
747 3203 880 3278 ταῶνα.”

87 3365 290 3378 ’ἢ

157 3468 188 3516 13
201 3464 249 3525 ηις
266 3469 307 3533 εε,
324 3470 346 3518 1.
