2326 3818
127 106 190 171 426
536 109 684 161 Ευεοειτ

131 244 208 336 οάχὶ
227 250 281 316 καὶ
298 251 366 317 τών
383 245 467 337 πρός
483 244 542 330 οὓς
560 245 577 316 ὁ
596 246 708 336 λόγος,
731 247 790 319 τόν
816 247 1028 339 κοποόμενον
1047 259 1110 325 καὶ

134 352 187 419 ἐπὶ
205 346 263 420 τόν
280 349 395 437 ἀγῶνα
412 345 645 438 ἀποδυόμενον
663 367 862 438 προσεῖπεν,
886 349 948 420 οὐκ
971 348 1014 420 άν
1035 355 1109 444 φή-

134 472 194 533 σας
217 449 302 523 θεόν
324 482 390 541 μου
417 448 476 521 τόν
501 454 555 520 ἐπὶ
580 449 716 521 πάντων
738 450 822 522 θεὸν
854 455 890 521 έν
915 448 1108 546 Ἰουδαίοις,

132 549 211 642 παρ’
236 549 285 635 οἷς
310 556 345 623 ἐκ
369 556 521 642 πατέρων
544 550 581 622 τὸ
605 555 681 638 περὶ
704 550 763 622 τόν
785 558 853 622 τῶν
876 550 1013 623 πάντων
1040 563 1107 646 δη-

13 738 24 754 *
64 655 292 744 (ειημιουργὸυ
321 655 404 726 θεόν
433 658 533 743 σέβας
560 651 768 740 ἐφυλάττετο.
821 659 872 724 36.
908 663 957 734 τίς
990 652 1022 723 ‹5'
1060 656 1133 730 ἀντ

132 768 182 844 είη
200 754 218 825 ό
236 753 329 844 ἀγολν
347 759 402 826 καὶ
421 753 547 846 μόχθος
571 750 592 844 ἢ
620 750 638 824 ό
656 753 757 835 κόπος
774 743 840 824 τοῦ’
851 764 1107 847 προφητευομέ·

131 885 193 926 νου
211 851 338 943 θεοῦ,ἢ
362 857 398 927 τὸ
424 865 471 938 είς
494 853 688 944 ἀνθρώπων
706 858 838 942 γένεσιν
857 860 988 944 ἐλθεῖν,
1014 861 1104 931 κατά

130 958 193 1047 μὲν
216 953 301 1045 ἡμᾶς
324 961 381 1029 καὶ
404 958 466 1047 τὴν
494 961 562 1028 τιόν
594 954 821 1044 ἑβδομήκοντα
850 960 1037 1046 ἑρμηνείαν
1066 967 1105 1032 έκ

130 1060 305 1147 παρθένου
327 1059 557 1151 γεννώμενον,
582 1054 664 1126 κατά
688 1056 726 1126 δέ
750 1056 812 1145 τὴν
829 1062 893 1128 νῦν
911 1058 1001 1147 παρά
1017 1056 1103 1132 'Iov-

132 1165 239 1240 ὃαίοις
263 1164 452 1251 φερομένην
483 1165 519 1230 ἐκ
548 1156 719 1243 νεάνιδος;
747 1156 857 1248 εὕροις
885 1157 915 1227 δ’
941 1156 984 1230 άν
1008 1163 1102 1254 παρά
1117 1193 1142 1233 ιο

132 1270 255 1331 Μωσεῑ
282 1265 338 1332 καὶ
372 1261 434 1352 τὴν
468 1261 739 1351 ὁμολογουμένως
775 1262 943 1349 παρθένον
982 1271 1104 1337 νεᾶυιν

62 1384 117 1437 μεε]
131 1369 463 1454 προσηγορευμέυην,
481 1362 543 1450 τὴν
560 1366 643 1449 γοῦν
667 1362 768 1453 ἑτέρῳ
791 1366 1103 1453 μεμυηστευμένην,

129 1461 190 1551 ὑφ’
228 1467 342 1555 ἑτέρου
378 1467 417 1536 δέ
451 1464 713 1552 έκβεβιασμέυην
743 1459 849 1554 τούτῳ
880 1464 1020 1551 κέκληκε
1053 1470 1104 1559 τῷ

131 1563 346 1656 προσρήματι.
401 1572 451 1635 37.
488 1563 573 1635 ἀλλά
601 1566 656 1632 καὶ
685 1560 703 1632 ό
737 1565 772 1632 έκ
802 1569 859 1651 τῆς
891 1568 1102 1655 θηλουμέυης

100 1667 372 1756 οτεχθησόμενυς
386 1666 595 1757 Ἐμμανουηλ
612 1672 745 1753 μείζονα
769 1658 790 1751 ἢ
808 1663 890 1733 κατά
908 1664 966 1735 τὸν
984 1667 1102 1738 κοινόν
1115 1696 1140 1739 15

129 1764 313 1857 άνθρωπον
332 1773 521 1856 ἐπιφέρεται
540 1765 702 1854 δύναμιν,
729 1762 942 1854 ἐκλεγόμενος
960 1765 997 1835 τό
1015 1764 1103 1856 ἀγα-

129 1866 195 1938 θὸν
218 1871 299 1959 πρὶν
322 1864 343 1958 ἢ
366 1873 494 1957 γυῶυαι
520 1866 666 1955 πονηρά,
696 1869 752 1935 καὶ
776 1861 929 1936 ἀπειθῶν
952 1878 1101 1960 πονηρίᾳ

129 1973 189 2038 τοῦ
208 1971 404 2052 ἐκλέξασθαι
422 1969 458 2038 τό
477 1966 623 2055 ἀγαθόν·
656 1968 832 2036 καὶταῦτα
850 1966 912 2037 οὐκ
931 1973 967 2038 ἐν
984 1974 1025 2058 τῇ
1039 1977 1100 2041 τοῦ

129 2065 252 2158 ἀνδρὸς
277 2066 406 2161 ἡλικία,
438 2067 510 2139 ἀλλ’
542 2072 578 2138 ἐν
604 2073 644 2159 τῇ
671 2075 730 2136 τοῦ
757 2071 907 2138 παιδίου.Ι
956 2075 1007 2141 38.
1046 2073 1099 2142 διὸ

129 2180 256 2257 είρηται
278 2167 382 2260 ’πρὶν
399 2167 419 2261 ἢ
437 2175 564 2260 γνῶναι
581 2167 618 2240 τό
635 2175 771 2239 παιδίον
793 2165 924 2256 ἀγαθόν
941 2166 962 2259 ἢ
981 2172 1098 2262 κακὸν,
1112 2202 1138 2242 20

128 2268 264 2340 ἀπειθεῖ
282 2281 427 2364 πονηρίᾳ
445 2277 505 2344 τοῦ
525 2270 723 2353 ἐκλέξασθαι
739 2268 776 2341 τό
795 2268 962 2359 ἀγαθόν’,
982 2269 1028 2342 δι’
1049 2265 1099 2345 οἷν

128 2379 297 2455 παντελῶς
314 2372 349 2444 τό
367 2379 425 2465 τῆς
443 2381 560 2457 κακίας
578 2371 717 2463 ἄπειρον
734 2375 795 2442 τοῡ
810 2375 1018 2462 δηλουμένου
1032 2402 1099 2445 πα-

128 2483 287 2563 ρίσταται.
315 2474 399 2545 ἀλλά
417 2479 473 2546 καὶ
491 2485 663 2566 κρείττονα
681 2467 702 2562 ἢ
720 2470 803 2542 κατά
819 2470 1004 2562 ἀνθρωπου
1017 2475 1097 2545 ε’πά-

102 2603 219 2662 εγεται
248 2575 309 2662 την
332 2581 528 2665 ἐπωνυμίαν
556 2574 574 2646 ό
597 2569 677 2665 μεθ’
703 2569 799 2661 ἡμῶν
821 2572 983 2664 ὑπάρχων
1005 2574 1095 2656 θεός.

127 2680 177 2745 39.
208 2676 260 2745 διὸ
278 2679 333 2746 καὶ
350 2677 387 2746 τό
405 2680 481 2766 περὶ
499 2672 605 2747 αάτοό
620 2692 758 2763 σημεῖον
772 2673 878 2762 βάθος
893 2679 1019 2762 ἐλέγετο
1032 2701 1093 2744 πε-
1107 2704 1135 2746 25

128 2777 267 2862 ριέχειν,
290 2771 374 2865 ὁμοῦ
399 2779 438 2848 δὲ
463 2779 519 2847 καὶ
536 2774 636 2861 ὕψος
664 2774 771 2864 βάθος
789 2777 850 2864 μὲν
881 2775 935 2847 διὰ
958 2772 1021 2864 τὴν
1047 2783 1096 2861 είς

127 2873 331 2960 ἀνθρώπους
357 2876 521 2968 κάθοδον,
545 2873 568 2967 ἢ
592 2881 647 2949 καὶ
669 2876 732 2966 τὴν
749 2881 844 2966 μέχρι
860 2875 1013 2948 θανάτου
1030 2891 1109 2949 πα-’

127 2983 286 3065 ρουσίαυ,
321 2977 406 3064 ὕψος
433 2983 470 3052 δέ
497 2979 553 3050 διά
575 2977 636 3068 τὴν
669 2986 790 3050 ἔνθεον
816 2982 854 3048 ἐκ
882 2982 943 3049 τοῦ
965 2976 1096 3067 βάθους

127 3074 409 3170 ἀποκατάστασιν,
433 3077 454 3171 ἢ
480 3078 536 3152 διά
560 3081 622 3168 τὴν
638 3087 696 3169 τῆς
716 3081 838 3150 ἐνθέου
855 3078 1096 3169 προϋπάρξεως

127 3178 236 3250 αὐτου
250 3190 440 3271 θεολογίαν.
493 3188 543 3252 40.
579 3189 629 3264 τίς
656 3179 687 3252 δ’
717 3175 761 3252 ἀν
787 3193 838 3270 εἴη
864 3179 978 3268 όμεθ’
1000 3180 1134 3271 ἡμιόνου

128 3326 330 3340 ———————

197 3411 228 3458 11
247 3411 331 3463 Deut.
344 3417 385 3478 22,
401 3417 432 3465 19
445 3431 522 3481 seqq.
