2326 3818
122 106 164 169 84
532 107 681 160 EUSEBII

120 244 235 336 γνάση
275 242 326 316 ὅτι
373 244 488 334 κύριος
525 245 764 340 παντοκράτωρ
800 251 1010 332 ἐξαπέστειλέ
1044 280 1084 340 με

121 347 204 438 πρός
222 344 288 420 σε.”
1020 376 1024 383 “

397 451 454 524 ιθ’.
486 450 567 523 'Aah
583 454 645 522 τού
657 449 803 523 Ἡσαΐου,

121 575 251 648 Δήλωσις
269 578 405 651 γενέσεως
424 581 548 647 Χριστοῦ
571 574 603 633 έιι
625 575 705 662 ῥίζης
718 574 824 634 Ἰεσσαὶ
839 582 1085 651 προελενσομένον

283 648 335 703 καλ
346 652 445 717 κλῆσις
458 644 501 703 δι’
514 644 606 702 αὐτοῦ
619 667 735 702 παντων
748 649 804 702 τῶν
817 643 922 704 ἐθνῶν.
1099 666 1112 707 σ

199 764 248 828 11.
276 752 526 841 “Ἐξελεύσεται
552 753 676 847 ῥάβδος
701 760 738 826 ἐκ
762 763 852 848 ῥίζης
867 754 1006 849 Ἰεσσαὶ,
1030 763 1086 830 καὶ

120 856 226 942 άνθος
245 862 281 929 ἐκ
299 866 355 946 τῆς
374 864 463 949 ῥίζης
477 856 692 946 ἀναβήσεται,
708 860 764 927 καὶ
777 855 1005 931 ἀναπαύσεται
1031 860 1082 931 ἐπ’

120 957 223 1031 αὐτὸν
247 964 380 1050 ανεύμα
403 964 462 1031 τοῦ
485 955 607 1047 θεού,”
631 962 687 1028 καὶ
701 958 741 1028 τά
761 963 852 1049 ἑξῆς,
867 958 917 1042 οἷς
943 965 1085 1052 ἐπιλέγει

115 1056 199 1131 “καλ
218 1068 308 1132 ἔσται
327 1066 367 1133 ἐν
381 1065 423 1152 τῇ
439 1059 545 1155 ήμέρα
564 1065 675 1149 ἐκείνη
690 1058 710 1150 ή
725 1065 797 1152 ῥίζα
811 1069 870 1132 τοῦ
882 1059 1010 1153 Ἰεσσαὶ,
1030 1068 1085 1135 καὶ

119 1160 137 1233 δ
164 1160 382 1253 ἀνιστάμενος
410 1160 526 1253 ἄρχειν
552 1165 680 1233 ἐθνῶν·
706 1161 759 1232 ἐπ’
797 1160 887 1259 αὐτῷ
913 1171 998 1254 ἔθνη
1030 1171 1084 1237 ἐλ-
1099 1195 1128 1236 ιο

118 1262 280 1336 κιοῦσιν.”

430 1365 468 1438 κ’.
485 1363 565 1438 ’Aua
583 1368 644 1436 τοῦ
660 1361 776 1437 αὐτοῦ.

91 1562 105 1602 d
119 1492 249 1568 Δήλασις
261 1501 389 1566 Χριστοῦ
402 1498 566 1617 καρονσίαὲ
565 1495 625 1616 1(ήιαλ
637 1497 689 1580 τής
702 1488 853 1617 διξσιαάτοῦ
870 1496 1026 1568 γενομένης
1043 1497 1086 1561 είς

391 1582 488 1617 πανῖα
500 1583 536 1616 w
590 1581 723 1631 1)ηὲυέογ
768 1583 811 1626 ας.

198 1677 247 1744 12.
272 1667 401 1761 “Ἰδοδ,
426 1666 541 1753 ὀπαῖς
566 1699 648 1760 μον,
672 1669 892 1762 ἀναλήψομαι
922 1671 1041 1745 αὐτού·
1066 1672 1084 1747 ὁ

120 1772 269 1854 ἐκλεκτός
283 1804 360 1863 μου,
378 1776 599 1865 προσεδέξατο
617 1768 754 1862 αὐτδνή
772 1772 863 1863 ψυχή
879 1805 953 1865 μου.
974 1782 1084 1849 ἔδωκα
1098 1801 1124 1841 1⁵

118 1876 155 1948 τὸ
179 1875 311 1966 πνεῦμά
333 1905 398 1966 μου
424 1871 477 1944 ἐπ’
498 1871 601 1945 αὐτὸν
622 1877 678 1945 καὶ
707 1881 819 1964 κρίσιν
849 1893 918 1958 τοῖς
946 1885 1085 1951 ἔθνεσιν

122 1983 249 2063 ἐξοίσει,
287 1974 328 2049 οά
347 1974 510 2067 κεκράξει,
526 1975 605 2047 οὐδὲ
623 1972 759 2064 άνήσει,
777 1973 858 2048 οὐδὲ
875 1975 1085 2070 ἀκουσθήσε-

119 2109 173 2149 ται
198 2085 259 2162 έξω
286 2075 307 2167 ή
340 2075 438 2169 φωνή
457 2075 571 2149 αὐτοῦ.
609 2076 759 2166 κάλαμον
789 2085 1085 2171 συντεθλασμένον

119 2178 159 2251 οὐ
177 2178 326 2265 κατεάξει
344 2183 400 2250 καλ
419 2189 514 2251 λίνον
531 2179 721 2270 τυφόμενον
740 2176 780 2250 οὐ
799 2184 924 2271 σβέσει,
935 2180 1013 2253 ἀλλ’
1036 2192 1085 2268 είς

119 2279 285 2371 άλήθειαν
304 2286 422 2366 ἐξοίσει
440 2291 572 2373 κρίσιν,
598 2280 803 2370 ἀναλάμψει,
823 2285 879 2352 καὶ
906 2281 947 2355 οὐ
974 2297 1082 2374 θραν-
1096 2306 1123 2348 ²⁰

119 2383 283 2473 σθήσεται
311 2389 373 2466 ἕως
398 2389 446 2476 θη
472 2385 524 2454 ἐπὶ
548 2386 607 2471 τής
631 2387 690 2472 γής
716 2392 843 2472 κρίσιν·
869 2389 925 2455 καὶ
957 2390 1010 2456 ἐπὶ
1039 2395 1096 2484 τῷ

117 2484 255 2576 ὀνόματι
284 2485 390 2556 αὐτοῦ
407 2494 492 2577 ἔθνη
511 2489 691 2556 ἐλπιοῦσιν.
730 2490 779 2555 13.
806 2488 862 2556 καὶ
881 2488 955 2577 ἑξῆς
974 2492 1086 2561 ἐπιλέ-

117 2619 169 2679 γει
182 2584 200 2613 “
212 2586 276 2676 έγσδ
294 2585 410 2679 κύριος
428 2583 533 2669 δθεδς
549 2585 689 2658 έκάλεσά
703 2608 741 2657 σε
756 2588 793 2657 ἐν
808 2587 1018 2680 δικαιοσύνη,
1028 2593 1084 2662 καί

118 2688 273 2780 κρατήσω
287 2697 345 2779 τής
364 2689 472 2780 χειρός
491 2712 565 2778 σον,
584 2691 640 2759 καλ
659 2687 823 2777 ένισχάσιο
838 2709 890 2760 σε·
906 2692 960 2761 καλ
974 2692 1085 2763 ἔδωκά

118 2815 157 2862 σε
175 2799 222 2873 είς
247 2792 416 2880 διαθήκην
438 2795 576 2882 γένους,
613 2799 659 2872 είς
690 2796 763 2880 φῶς
799 2794 922 2880 ἐθνῶν,
953 2789 1121 2877 άνοῑξαιθ

60 2900 102 2952 (⁵²)
117 2889 316 2983 ὀφθαλμοὺς
333 2897 482 2984 τυφλῶν,
495 2898 669 2983 ἐξαγαγεῖν
681 2897 717 2961 ἐκ
735 2896 869 2981 δεσμῶν
885 2897 1085 2983 δεδεμένους

118 2999 175 3066 καὶ
200 2999 233 3079 ἐξ
256 3006 352 3066 οίκου
376 2992 528 3087 φνλακής
552 2996 764 3085 καθημένους
788 2998 825 3065 ἐν
848 2993 967 3068 σκότει,
1018 2995 1084 3086 ἐγώ

118 3096 232 3187 κύριος
256 3096 273 3168 ὁ
304 3097 400 3187 θεὸς,
427 3096 524 3170 τοῦτό
548 3105 613 3188 μου
638 3101 728 3168 ἐστιν
751 3095 872 3186 ὄνομα,
895 3096 958 3187 τήν
981 3095 1085 3182 δόξαν

117 3227 182 3288 μου
202 3201 304 3294 ἑτέρῳ
322 3198 363 3270 οὐ
382 3199 492 3290 δώσω,
511 3198 594 3270 οὐδὲ
611 3197 668 3281 τάς
686 3194 804 3288 άρετάς
821 3228 887 3289 μον
908 3217 978 3282 τοῖς
1002 3200 1083 3290 γλά-

187 3437 203 3484 6
223 3436 270 3487 Es.
291 3437 330 3499 1'1,
353 3439 375 3485 1.
482 3438 497 3486 9
515 3435 565 3486 Es.
583 3435 623 3495 11,
767 3435 798 3482 12
818 3435 865 3484 Es.
888 3435 935 3496 4⁶2,
955 3436 978 3486 1.
1001 3432 1005 3436 ’
