2326 3818
326 123 791 176 υωωοαευ.ωνλαο.ιε.τα
981 123 1044 186 605

73 289 153 333 ποτε
171 259 259 356 λόγῳ
277 262 360 334 κατὰ
377 260 435 343 τάς
453 263 529 348 περὶ
548 257 652 331 αῦτοῦ
665 263 813 351 γραφάς,
832 260 852 351 ή
869 267 924 333 καὶ
944 267 1044 334 εἰσέτι

73 367 139 434 νῦν
157 365 380 454 ἐνεργουμένη
398 361 481 449 πρὸς
497 367 555 450 τῆς
574 360 678 433 αῦτοῦ
690 361 849 450 θεότητος
863 363 943 434 καθ’
965 363 1044 453 ὅλης

74 469 130 553 τῆς
141 461 335 555 άνθρτόπων
348 465 545 553 οἰκουμένης
558 461 672 553 άρετῆ,
691 463 735 534 δι’
753 455 792 551 ῆς
806 463 921 546 αὐτοῖς
936 474 1044 555 ἔργοις

73 563 188 648 ὁποῖός
211 596 260 648 τις
284 558 327 656 ῆν
344 568 400 637 καὶ
418 564 492 637 τότε
509 582 577 647 τοῖς
600 571 683 647 οἵοις
700 595 736 636 τε
754 569 902 654 συνορᾶν
922 571 1044 638 ἐπιδεί-

48 692 183 755 5ννται,
201 666 256 737 ὅτε
273 671 329 740 καὶ
344 670 398 738 ἐπὶ
415 665 584 750 τοσούτοις
597 665 679 757 μετά
688 674 792 738 ταῦτα
806 666 937 757 χρόνοις
952 673 1044 754 διαρ-
1059 699 1111 751 (44η

72 769 132 857 κῆς
151 771 206 839 καὶ
229 766 384 860 άνίκητος
406 772 462 840 καὶ
482 765 526 852 ὡς
549 766 685 858 άληθῶς
709 773 794 840 θεοῦ
812 768 907 857 λόγος
925 764 942 837 ό
961 771 1044 856 πρὸς

73 869 179 941 αὐτοῦ
198 874 438 961 καταγγελθεὶς
456 867 712 960 άποδείκνυται,
730 868 856 954 πάντας
873 866 1044 960 ὑπερβαλ-

73 971 211 1062 λόμενος
236 973 314 1055 τοῦς
337 972 488 1064 ἀρχῆθεν
510 976 566 1043 καλ
589 977 685 1064 μέχρι
707 978 767 1044 τοῦ
785 977 851 1044 νῦν
868 971 929 1063 τῆν
948 977 1043 1042 διδα-

72 1083 217 1145 σκαλίαν
235 1072 340 1146 αὐτοῦ
357 1085 516 1163 πολεμεῖν
533 1078 887 1164 παρεσκευασμένους,
903 1077 939 1158 ἓξ
958 1069 1045 1144 άπά,

35 1201 60 1241 ιο
74 1199 133 1264 σης
143 1204 179 1246 τε
191 1181 249 1263 τῆς
259 1178 455 1264 οἰκουμένης
465 1173 676 1264 ὑπαγόμενος
689 1178 798 1268 ἑαυτῷ
804 1183 908 1266 μυρία
917 1175 1043 1263 πλήθη,

72 1278 129 1345 καὶ
146 1275 255 1366 πάσης
273 1279 335 1366 μὲν
351 1275 513 1366 ἁμαρτίας
532 1279 588 1346 καλ
606 1282 675 1347 τῶν
692 1278 775 1346 κατὰ
790 1279 903 1366 φυχῆν
921 1283 1044 1346 παθῶν

72 1405 107 1447 τε
131 1380 187 1447 καὶ
211 1377 411 1467 νοσημάτων
434 1377 512 1460 τοὺς
539 1375 630 1470 αὐτῷ
657 1377 856 1467 προσιόντας
874 1375 1042 1447 άπαλλάσ·

73 1504 156 1567 οων,
176 1481 229 1550 ἐπὶ
249 1481 286 1550 δὲ
299 1477 362 1567 τῆν
376 1477 498 1568 εῦσεβῆ
513 1485 735 1549 διδασκαλίαν
749 1476 852 1550 αὑτοῦ
866 1483 934 1550 πάν
947 1482 1043 1566 γένος

68 1578 236 1669 Ἑλλήνων
254 1583 310 1652 καὶ
328 1578 510 1670 βαρβάρων
524 1578 828 1670 προσκαλούμενος,
846 1588 990 1670 μυρίους
1008 1609 1070 1649 τει

35 1705 60 1747 15
73 1679 173 1762 ὅσους
191 1680 371 1771 προσάγων
385 1684 438 1751 ἐπὶ
452 1681 514 1770 τῆν
531 1689 591 1752 τοῦ
605 1680 711 1771 μόνον
725 1685 780 1752 καὶ
795 1681 944 1771 ἀληθοῦς
957 1688 1043 1751 θεοῦ

72 1787 200 1870 γνοῦσιν
218 1787 275 1855 ἐπί
289 1813 325 1854 τε
342 1781 400 1854 τόν
416 1781 497 1872 ῦγιῆ
514 1786 570 1854 καὶ
584 1783 743 1873 σαόφρονα
761 1792 854 1871 βίον,
873 1779 909 1866 ὃς
928 1781 969 1871 δῆ
988 1786 1043 1852 καὶ

72 1889 212 1975 πρέπων
231 1897 282 1975 είη
300 1882 343 1956 άν
361 1890 541 1978 ἐπαγγελίᾳ
559 1893 742 1977 θρησκείας
754 1893 815 1956 τοῦ
833 1888 889 1975 ἐπὶ
906 1884 1043 1954 πάντων

72 1988 167 2057 θεοῦ.
207 1994 255 2057 10.
275 1977 372 2069 οῦτος
392 1988 428 2057 δὲ
441 1984 546 2070 αῦτδς
563 1984 581 2058 ό
598 1987 678 2069 θεὸς
702 1987 813 2077 ῆμοῖν,
840 1986 897 2058 άτε
919 1986 1043 2076 τυγχά-

71 2114 143 2155 νων
160 2092 246 2157 θεοῦ
270 2086 366 2176 λόγος
381 2083 537 2178 “κρίσιν”
565 2093 670 2179 φησὶν
689 2086 962 2160 “άυταποδίδωσι
988 2092 1042 2158 καὶ

11 2265 14 2267 ‚
33 2213 58 2253 νο
72 2184 320 2276 άνταποδοόσει,
340 2185 440 2269 αὐτὸς
457 2187 528 2277 ῆξει
545 2193 601 2259 καλ
616 2188 717 2259 σοι’σει
734 2186 853 2281 ῆμάς.”
879 2189 962 2259 κατά
979 2189 1042 2276 γάρ

71 2286 130 2358 τόν
152 2287 292 2376 Ψαλμὸν
310 2288 464 2376 φήσαντα
478 2285 517 2359 “6
535 2290 616 2371 θεὸς
632 2290 669 2360 τό
689 2299 791 2378 κρίμα
805 2311 867 2360 σου
887 2294 934 2381 τῷ
947 2299 1041 2376 βασι-

72 2399 124 2460 λεῑ
141 2389 215 2479 δός,
234 2392 290 2459 καλ
307 2387 470 2476 κατάτήυ
489 2389 708 2479 εὐαγγελικῆν
733 2397 972 2478 διδασκαλίαν,
993 2388 1039 2458 δι’

46 2532 49 2538 -
72 2483 112 2579 ῆς
130 2504 258 2580 είρηται
271 2487 311 2562 “ὁ
331 2492 439 2582 πατήρ
457 2499 565 2580 κρίνει
582 2489 724 2580 οῦδένα,
748 2491 832 2560 άλλδι
849 2490 911 2579 τήν
929 2500 1041 2576 κρίσιν

73 2597 184 2663 πάσαν
209 2597 335 2663 δέδωκε
357 2600 404 2687 τῷ
427 2590 526 2687 υίῷ,”
551 2592 641 2685 παρά
664 2599 723 2665 τοῦ
750 2592 872 2682 πατρὸς
896 2591 957 2681 τῆν
981 2599 1065 2664 τοῦτ

34 2702 202 2845 ιοίηρίυειν
229 2692 374 2790 είληφμδς
399 2700 569 2786 ἐξουσίαν,
597 2693 796 2787 δικαιοσῦνη
823 2703 968 2785 κρίνων,
995 2703 1041 2788 τῷ

72 2798 136 2885 μὲν
153 2802 190 2867 ἐκ
208 2801 385 2887 περιτομῆς
403 2801 473 2891 λαῷ
495 2796 556 2886 τῆν
574 2797 812 2887 προσήκουσαν
829 2801 897 2869 τῶν
915 2805 963 2880 είς
981 2795 1039 2868 αῦ-

72 2895 131 2968 τόν
149 2927 184 2969 τε
203 2901 259 2969 καὶ
277 2898 354 2980 τοῦς
372 2897 477 2968 αὐτοῦ
489 2898 661 2989 προφήτας
673 2903 925 2989 τετολμημένων
945 2907 1042 2986 δίκην

72 2996 284 3089 ἀποδέδωκε,
312 2998 438 3082 πάντας
463 3001 500 3069 δὲ
524 2996 724 3084 ἁπαξαπλῶς
742 2999 946 3090 ἀνθρώπους
964 3000 1041 3078 τοῦς

73 3096 163 3194 αὐτῷ
182 3098 379 3188 προσιόντας
398 3105 431 3183 ἐξ
446 3111 522 3170 ίσου
536 3100 618 3171 κατά
631 3100 668 3171 τό
683 3109 814 3172 δίκαιον
831 3099 1038 3170 άνεσάσατο·

35 3226 60 3266 ³0
75 3191 123 3271 οἷν
140 3201 180 3272 τά
199 3194 265 3273 ὦτα
275 3207 333 3290 τῆς
348 3209 498 3285 διανοίας
508 3205 563 3273 καὶ
576 3203 654 3285 τοῦς
667 3200 864 3292 ὀφθαλμοῦς
882 3197 1038 3294 άνέωξεν.

142 3437 331 3498 ωωωμ
438 3437 625 3498 πωπω
