2326 3818
153 113 217 176 498
554 109 704 163 ωοεοειι

155 251 260 340 νήσας
278 259 445 341 φαίνεται,
463 249 552 339 πλήν
569 247 652 320 ἀλλὰ
670 249 734 341 πρὸ
753 257 820 321 τῶν
838 247 947 338 λόγων
965 255 1022 339 τῆς
1040 278 1126 343 κρο-

156 360 309 443 φητείας·
336 353 417 442 μετὰ
440 351 503 441 γὰρ
527 349 665 434 τούτους
689 348 792 422 οὐδέν
813 382 846 422 τι
872 354 1024 423 τοιοῦτον
1041 352 1125 425 ούδλ

155 458 232 545 περὶ
248 453 306 525 τὸν
321 450 459 543 Ἰωσήφ,
484 444 572 542 ῆπού
589 481 628 541 νε
646 455 723 544 περὶ
740 450 798 524 τὸν
813 450 959 540 Ἰούδαν,
987 453 1124 542 γεγονὸς

154 555 174 645 ῆ
195 560 324 644 ἱστορία
341 562 529 644 παρίστησι.
565 559 615 624 24.
635 557 691 624 καὶ
708 551 744 624 τό
757 550 960 625 “ολναπεσο“ιν
980 556 1016 624 δέ
1037 561 1124 626 ἐκοι-

154 654 265 746 μήθης
284 651 328 738 ὡς
347 659 433 726 λέων
451 658 506 725 καὶ
531 651 575 736 οὖς
593 652 759 744 σκύμνος”
787 662 936 744 μείζονος
954 650 997 725 ῆν
1016 657 1149 731 δέοιτοο

152 755 174 847 ῆ
192 757 274 828 κατὰ
292 757 350 828 τὸν
365 752 495 827 Ἰούδαν
512 762 668 846 θεωρίας.
694 752 778 826 ἄλλα
796 759 852 827 καὶ
869 755 905 826 τὸ
918 756 1000 846 μεταλ
1017 763 1123 828 ταῦτα

153 862 329 951 εἰρημένον
340 853 427 927 “mlx
447 859 591 942 ἐκλείψει
608 855 721 948 ἅρχων
735 861 767 941 ἐξ
783 853 903 946 Ἰούδα,
922 854 1001 929 ούδὲ
1019 857 1122 946 ῆγού-

153 988 251 1049 μενος
270 963 306 1028 ἐκ
323 961 391 1027 των
408 960 524 1048 μηρων
542 955 662 1046 αύτοῦ,
687 963 748 1040 ἕως
766 953 808 1029 ἂν
827 966 910 1050 ἔλθη
928 957 968 1029 τίι
986 957 1124 1030 ἀποκεί-

125 1090 237 1150 ιμενα
257 1055 363 1152 αύτῷ,
390 1060 446 1129 καὶ
464 1058 562 1141 αύτός
586 1066 770 1150 προσδοκία
788 1058 921 1131 έθνων’“
948 1058 1027 1142 τούς
1045 1061 1120 1151 χρό-

153 1190 233 1243 νους
251 1167 464 1231 αἰνίττεσθαί
477 1189 532 1249 μοι
552 1166 647 1232 δοκεῖ
660 1165 718 1250 τῆς
745 1169 806 1232 τοῦ
824 1166 1121 1251 προφητευσμένου
1136 1199 1156 1238 1.

152 1268 346 1350 παρουσίας.
382 1260 460 1332 τόδε
477 1260 539 1352 γὰρ
549 1316 558 1350 ,
576 1265 699 1351 φησὶν,
719 1260 782 1332 ούκ
796 1269 898 1351 ἔσται,
918 1261 983 1332 ἔστ’
1005 1256 1048 1334 ῆν
1066 1265 1123 1351 γέ-

151 1392 242 1435 νοιτο
264 1361 352 1434 τόδε.
395 1368 447 1434 25.
472 1359 551 1433 οὐδὲ
576 1362 639 1454 γὰρ
666 1362 829 1453 πρότερον
852 1361 1037 1434 παύσονται
1060 1371 1123 1435 τοῦ

148 1461 321 1536 Ἰουδαίων
339 1471 462 1544 ἔθνους
479 1461 636 1554 ύρχοντες
660 1468 717 1536 καὶ
740 1462 919 1554 ἡγούμενοι
937 1459 957 1553 ῆ
975 1464 1036 1552 τῆν
1053 1470 1122 1535 τῶν

153 1569 265 1638 έθνοΞν
295 1571 501 1654 προσδοκίαν
539 1569 654 1637 έλθεῑν
682 1568 739 1636 καὶ
770 1564 810 1635 τὰ
840 1562 1043 1654 ἀποκείμενα
1075 1569 1123 1659 τῷ

151 1668 442 1762 προφητεύομένφ.
487 1670 590 1738 ταύτα
610 1667 647 1738 δέ
664 1665 786 1756 ὁμοίως
803 1684 872 1748 τοῖς
891 1665 1148 1754 ἕβδομήκονται

151 1773 207 1838 καὶ
233 1764 459 1838 ὁΘεοδοτίων
483 1766 708 1858 ῆρμήνενσεν·
742 1763 759 1838 ὁ
785 1767 822 1838 δέ
837 1763 977 1847 Ἀκύλας
1003 1772 1123 1838 τοῦτον

151 1871 290 1952 ἐξέδωκε
307 1862 366 1940 τὸν
383 1867 507 1958 τρόπον
521 1863 605 1937 “ούκ
623 1864 844 1956 ἀναστήσεται
868 1875 1037 1956 σκῆπτρον
1055 1866 1122 1939 ἀπὸ

144 1969 274 2060 Ἰούδα,
294 1973 349 2040 καὶ
367 1965 623 2057 ἀκριβαζόμενος
641 1963 705 2036 ύπὸ
723 1965 845 2054 μεταξύ
869 1970 985 2039 ποδοῖν
1004 1963 1121 2058 αύτοῦ,

81 2050 212 2152 1230ίὲως
239 2068 282 2140 διν
306 2079 390 2160 ἔλθη
415 2070 471 2136 καὶ
495 2064 587 2161 αύτῷ
609 2065 760 2159 σύστημα
784 2063 908 2138 λαων.”
957 2073 1007 2139 26.
1033 2075 1121 2141 ἔνθα

149 2174 331 2261 λεγομένου
349 2173 410 2240 τού
422 2165 508 2239 “ούκ
523 2172 667 2254 ἐκλείψει
680 2167 793 2260 ἅρχων
807 2173 839 2253 έξ
853 2166 996 2258 Ἰούδα,”
1018 2168 1120 2242 πάλιν
1135 2207 1158 2245 ει

149 2271 189 2344 ού
214 2275 290 2362 περὶ
314 2278 374 2343 τού
394 2269 527 2360 Ἰούδα,
546 2269 650 2344 αὐτοῦ
676 2270 717 2362 δή
741 2276 874 2342 ἐκείνου
900 2275 962 2342 τού
984 2269 1120 2362 πρώτου

148 2371 288 2466 ἄνδρὸς,
313 2370 449 2447 ιἰκούειν
474 2372 601 2464 δεήσει,
629 2370 743 2463 ὥσπερ
761 2370 841 2446 ούδὲ
854 2372 890 2443 τὸ
904 2369 1056 2460 “Ἰούδα,
1082 2375 1121 2445 σὲ

148 2481 344 2549 αἰνέσαισαν
361 2481 396 2547 oc
410 2472 554 2564 ἀδελφοί
571 2471 655 2546 σου”
674 2479 731 2546 καὶ
750 2474 789 2545 τδι
817 2477 891 2562 ἑξῆς
912 2472 964 2543 ἐπ’
989 2478 1120 2545 ἐκεῖνον

148 2577 336 2669 ἀνεφέρετο.
379 2584 547 2657 πλείστοις
571 2575 605 2645 δ’
636 2567 698 2647 ούν
721 2574 852 2666 χρόνοις
882 2572 1038 2665 ἄρχοντες
1063 2579 1121 2646 καὶ

146 2672 326 2768 ἡγούμενοι
347 2681 407 2748 τοῦ
420 2674 594 2750 Ἰουδαίων
611 2683 734 2758 ἔθνους
752 2679 975 2764 κατέστησαν,
1000 2674 1063 2746 ούκ
1082 2680 1118 2748 ἐκ
1132 2711 1161 2752 νε

147 2784 205 2866 τῆς
230 2783 361 2847 ἐκείνου
386 2779 449 2846 τού
471 2772 595 2865 ἀνδρὸς
622 2781 789 2866 διαδοχῆς.
832 2782 883 2846 27.
903 2781 1032 2867 πρῶτος
1055 2778 1119 2867 μέν

147 2876 210 2968 γύρ
220 2880 348 2966 Μωσῆς
362 2874 461 2959 αὐτὸς
474 2875 619 2967 ἡγήσατο
632 2879 694 2949 τού
706 2880 800 2968 λαού,
818 2876 863 2967 μῆ
877 2882 914 2948 ἐκ
926 2881 988 2950 τού
997 2874 1118 2969 Ἰούδα,

147 2976 220 3048 ἀλλ’
249 2982 285 3048 ἐκ
315 2985 375 3050 τού
399 2983 484 3051 Λευὶ
513 2978 677 3069 γεγονώς,
705 2979 775 3051 εἶτα
797 2975 923 3068 Ἰησοῦς
948 2984 984 3050 ἐκ
1008 2985 1118 3071 φυλῆς

144 3076 301 3171 Ἐφραίμ,
326 3079 403 3171 μεθ’
432 3077 472 3151 ὃν
494 3072 594 3172 ῆρξεν
618 3077 732 3153 αύτοὸν
754 3079 922 3171 Δεββύρα
948 3085 983 3151 έκ
1007 3085 1117 3171 φυλῆς

144 3179 303 3275 Ἐφραίμ,
322 3185 378 3254 καὶ
395 3181 509 3274 Βαρδικ
529 3186 565 3254 έκ
582 3189 692 3274 φυλῆς
709 3184 929 3272 Νεφθαλείμ,
956 3179 1036 3271 μεθ’
1055 3179 1115 3264 ούς
1128 3213 1157 3256 ιο

121 3285 284 3357 ιΓεδεών
307 3289 343 3358 ἐκ
367 3290 476 3377 φυλῆς
499 3287 686 3375 Μανασσῆ,
716 3292 831 3356 ἔπειτα
854 3281 872 3354 ὁ
895 3288 955 3353 τοῦ
979 3281 1116 3353 Γεδεὼν

147 3401 237 3477 παῖς,
255 3392 311 3460 καὶ
323 3386 395 3479 μετ’
404 3385 507 3460 αὐτὸν
522 3383 621 3460 Θωλᾶ
631 3392 668 3459 έκ
680 3389 790 3478 φυλῆς
802 3388 861 3476 τῆς
873 3380 988 3473 αύτῆς,
1003 3389 1115 3455 ἔπειτα
