2326 3818
326 119 513 175 ουωονεν.
531 122 664 174 EVANG.
683 121 720 172 11.
740 125 766 174 ε.
968 120 1026 182 131

60 267 97 335 ἐν
116 269 334 356 αἰχμαλωσίᾳ,
353 267 389 332 οί
403 260 441 331 δὲ
454 257 646 331 κατάλοιποι
663 263 725 332 τοῦ
741 266 824 330 λαοῦ
841 288 907 349 μου
924 257 965 332 οό
982 251 1028 350 μή

60 363 405 454 ἐξολοθρευθήσονται
424 365 460 432 ἐκ
476 369 536 450 τής
553 358 713 444 πόλεως.”

137 472 207 536 161.
227 463 378 557 Συνάδει
396 465 451 534 καὶ
469 469 573 534 ταῦτα
590 478 660 544 τοῖς
683 464 954 552 προτεθειμένοις
973 466 1026 533 ἐπὶ

58 574 104 662 τῷ
123 566 254 661 ὀλέθρῳ
278 573 338 636 τοῦ
362 562 485 646 παντός
500 560 673 636 Ἰουδαίων
691 571 813 645 ἔθνους
830 563 1027 652 μετελθόντα

33 665 181 750 εαῦτοῦς
204 665 285 757 μετά
309 665 372 756 τήν
393 669 454 737 τοῦ
470 669 618 754 Χριστοῦ
641 670 831 756 παρουσίαν
853 675 1027 754 πεκληρω·

58 773 152 859 μένα.
187 767 269 859 μετά
286 759 350 840 οῦν
366 768 428 857 τήν
445 765 721 856 άπδΒαβυλῦνος
739 764 905 838 ἐπάνοδον
922 770 1026 836 ταῦτα

57 868 74 941 ὁ
93 878 261 962 Ζαχαρίας
278 868 482 960 προφητεύει
490 923 500 958 ,
518 876 688 953 θεσπίζων
701 868 763 958 τήν
776 866 843 938 ῦπό
856 865 1027 957 Ῥωμαίων

56 975 285 1063 γενησομένην
307 969 455 1060 ὑστάτην
486 980 681 1062 πολιορκίαν
710 977 770 1041 τοῦ
794 975 894 1060 λαοῦ,
922 966 976 1058 ἐφ’
1002 960 1050 1060 ήε

57 1079 117 1145 τοῦ
142 1073 265 1154 παντὸς
291 1080 416 1155 ἔθνους
428 1069 603 1143 Ἰουδαίων
628 1069 824 1162 ὑποχειρίου
841 1089 910 1154 τοῖς
928 1082 1027 1143 πολε-

20 1204 45 1243 10
58 1182 145 1264 μίοις
173 1176 401 1265 γενησομένου
431 1172 554 1264 μόνους
585 1175 668 1262 φησὶ
696 1171 774 1255 τοῦς
806 1181 1027 1256 καταλοίπους

58 1280 117 1347 τοῦ
141 1283 224 1346 λαοῦ
249 1272 485 1366 σωθήσεσθαι,
512 1271 671 1364 άντικρυς
696 1270 819 1356 αὐτοῦς
841 1272 919 1357 τοῦς
943 1272 1027 1344 άπο-

58 1375 197 1461 στόλους
213 1381 273 1448 τοῦ
291 1383 438 1465 σωτήρος
455 1371 550 1465 ήμῶν
569 1379 690 1464 δηλῶν.

319 1541 384 1616 νδ’.
415 1540 496 1615 Ἀπδ
514 1547 574 1614 τοῦ
586 1541 756 1634 Ἰερεμίου.

137 1685 207 1751 162.
222 1675 489 1771 ’Ἓπιστράφητε
512 1682 581 1751 υἱοὶ
604 1675 842 1768 ἀφεστηκότες,
862 1680 952 1767 λέγει
968 1678 1026 1750 κό-

19 1812 44 1852 τε
58 1810 144 1870 ριος,
178 1779 261 1852 διότι
285 1778 349 1870 ἐγῦ
376 1778 629 1872 κατακυριεῦσω
653 1778 767 1871 ὑμῶν,
794 1783 850 1851 καὶ
879 1778 1026 1871 λήψομαι

54 1878 141 1973 ῦμάς
159 1886 220 1954 ἕνα
238 1886 274 1953 ἐκ
299 1881 427 1965 πόλεως
444 1886 501 1953 καὶ
519 1879 581 1954 δῦο
600 1886 636 1954 ἐκ
650 1886 799 1972 πατριᾶς.
831 1883 888 1951 καὶ
907 1881 1025 1966 εἰσάξω

55 1982 142 2074 ὑμᾶς
167 1992 214 2065 είς
238 1983 353 2074 Σιοδν,
377 1987 433 2054 καὶ
458 1982 556 2054 δοόσω
580 1982 663 2073 ῦμῑν
680 1985 838 2074 ποιμένας
862 1982 945 2053 κατά
963 1980 1025 2072 τήν

56 2090 200 2170 καρδίαν
222 2113 306 2175 μου,
331 2088 387 2156 καὶ
411 2089 633 2175 ποιμανοῦσιν
656 2080 760 2175 ῦμᾶς,
791 2093 1024 2174 ποιμαίνοντες

32 2252 36 2257 .
55 2181 128 2274 μετ’
149 2185 345 2275 ἐπιστήμης·
374 2188 430 2257 καὶ
450 2194 553 2276 ἔσται,
574 2183 633 2257 ε’άν
650 2191 872 2275 πληθυνθήτε
890 2189 946 2256 καὶ
966 2183 1053 2256 αό-ο

17 2318 42 2358 νο
56 2291 197 2376 ξηθήτε,
221 2289 310 2376 λέγει
333 2285 463 2377 κόριος,
491 2292 528 2358 ἐν
550 2303 622 2371 ταῖς
644 2285 781 2378 ἡμέραις
800 2291 944 2370 ἐκείναις
962 2287 1024 2358 οὐκ

56 2391 191 2476 ἐροῦσιν
216 2395 282 2476 ἔτι,
312 2384 453 2476 κιβωτός
485 2385 649 2476 διαθήκης
672 2395 794 2475 κυρίου
809 2383 938 2477 Ἰσραήλ
962 2385 1024 2458 οῦκ

55 2485 259 2578 ἀναβήσεται
284 2492 338 2560 ἐπὶ
361 2493 523 2579 καρδίαν,
553 2484 636 2560 οῦδὲ
658 2484 942 2579 όνομασθήσεται,
967 2491 1024 2559 καὶ

55 2587 96 2661 οῦ
114 2590 334 2682 ποιηθήσεται
352 2587 433 2661 ἔτι.”
930 2660 935 2670 ,

133 2698 202 2763 163.
223 2693 324 2784 Ὁμοῦ
349 2696 405 2764 καὶ
430 2698 467 2765 ἐν
497 2690 625 2776 τοῦτοις
648 2691 710 2783 τήν
735 2692 942 2783 ἐπιστροφήν
964 2697 1026 2763 τοῦ

15 2825 41 2864 νε
51 2791 182 2880 Ἰσραήλ
199 2794 261 2884 τήν
279 2799 316 2866 ἐν
333 2798 375 2885 τή
387 2802 555 2888 παρουσίᾳ
568 2800 627 2866 τοῦ
645 2801 793 2883 σωτήρος
806 2789 901 2882 ήμῶν
915 2792 1025 2883 Ἰησοῦ

54 2900 201 2981 Χριστοῦ
219 2900 446 2985 γενησομένην
462 2904 631 2984 θεσπίζει,
655 2892 736 2966 καθ’
762 2892 806 2984 ἣν
830 2899 889 2965 ἕνα
909 2900 945 2966 ἐκ
963 2895 1025 2966 πό-

54 3005 137 3078 λεως
166 2997 223 3066 καὶ
254 2996 315 3068 δῦο
339 3000 375 3067 ἐκ
405 3001 565 3088 πατριάς,
595 3000 651 3067 καὶ
676 2995 808 3087 σφόδρα
831 2995 1024 3086 όλιγοστοῦς

54 3100 110 3167 καὶ
133 3095 268 3192 ἀριθμῷ
292 3106 427 3188 βραχεῖς
451 3098 665 3189 ἐκλεξάμενος
693 3101 853 3188 ποιμένας
882 3104 951 3168 τῶν
978 3106 1023 3179 είς

55 3195 159 3269 αὐτὸν
188 3197 461 3271 πεπιστευκότων
487 3204 615 3290 έθνῦν,
645 3202 702 3270 καὶ
727 3197 945 3288 αὐξηθέντων
970 3203 1024 3270 ἐπὶ

125 3436 155 3482 14
173 3434 232 3487 Jer.
245 3438 270 3498 3,
286 3437 325 3485 14.

834 3515 884 3581 (χε-
