2326 3818
311 145 497 199 DEMONST.
515 145 649 199 EVANG.
668 146 744 197 v111.
756 149 781 196 ε.
962 145 1023 208 521

54 285 152 374 τερύν
177 313 233 374 μοι
261 291 355 355 δοκεῖ
379 286 595 372 πεποιηκέναι
620 278 637 354 ὁ
659 280 797 366 Ἀκύλας
823 284 927 357 είπάν
946 285 1025 357 “nal

54 390 114 455 τού
140 390 270 456 τελέσαι
296 383 522 475 δραματισμόν
554 387 610 455 καὶ
637 383 845 476 προφήτην.”
897 386 937 458 ού
961 388 1024 478 γάρ

55 485 251 557 ἀποκλεῖσαι
264 491 320 557 καὶ
334 484 447 575 ὥσπερ
460 495 643 576 σφραγίσαι
654 487 712 568 τάς
721 487 927 577 προφητικάς
945 489 1026 581 ὁρά-

55 613 123 671 σεις
150 588 403 679 ἐπιδεδήμηκεν
419 584 436 659 ὁ
455 587 564 678 σωτήρ
589 592 645 658 καὶ
663 587 776 679 κύριος
795 585 907 679 ήμῶν,
933 588 969 672 ὅς
987 621 1025 678 γε

28 720 41 760 5
55 694 111 761 καὶ
123 690 224 760 πάλαι
238 687 489 780 οὕσαςάσαφεῖς
504 694 560 761 καὶ
570 695 898 781 κατεσφραγισμέυας
913 690 1025 781 ὥσπερ

54 797 262 882 ἐπικειμένας
280 790 445 884 περιελών
463 800 664 881 σφραγῖδας,
682 789 806 886 ἀνέφξέ
818 823 853 863 τε
871 797 928 863 καὶ
945 791 1054 880 ἀνήιε

12 933 15 936 ·
55 904 183 982 πλωσε,
207 913 276 977 τοῖς
302 899 423 965 ἑαυτοῦ
447 907 613 984 μαθηταῖς
637 892 696 964 τάν
719 899 803 965 υούν
826 900 894 965 τῶν
919 903 1025 966 θείων

55 995 262 1087 παραδιδούς
281 995 491 1087 γραμμάτων.
529 1002 579 1066 31.
594 991 804 1084 ὅθενἻδού,
824 1000 941 1086 φησὶν,
961 1002 1026 1067 ένί-

55 1123 159 1187 κησεν
172 1098 189 1169 ὁ
204 1094 320 1169 λέωνὸ
336 1103 372 1168 ἐκ
390 1101 500 1186 φυλής
511 1095 638 1186 Ἰούδα,
653 1101 709 1167 καὶ
724 1095 822 1180 αύτδς
839 1096 952 1187 ήνοιξε
969 1099 1026 1180 τάς

16 1226 42 1264 ιο
56 1206 244 1288 σφραγῖδας
256 1197 314 1280 τάς
329 1201 536 1286 ἐπικειμένας
545 1205 591 1290 τῷ
603 1195 754 1291 βιβλίῳ,”
768 1198 1027 1287 κατάτήνἈπο-

54 1300 201 1382 κάλυψιν
215 1297 382 1371 Ἰωάννου.
419 1307 516 1381 ποίας
542 1301 579 1369 δέ
604 1307 792 1389 σφραγῖδας
816 1297 924 1389 ήτῶν
944 1331 1028 1389 προ-

55 1406 171 1490 φητάν
189 1399 247 1484 τάς
265 1398 444 1490 ἀσαφείας;
474 1399 513 1481 ἀς
534 1392 572 1470 εὖ
591 1399 679 1489 μάλα
699 1400 914 1492 ἐπιστάμενος
932 1401 1028 1491 ἀκρι-

54 1506 122 1590 βεῖς
147 1506 202 1572 καὶ
221 1502 244 1592 4ὁ
266 1501 403 1583 Ἡσαΐας
422 1510 514 1589 έλεγε
526 1499 605 1572 “nal
624 1511 755 1573 ἔσονται
773 1510 808 1573 οέ
823 1502 914 1592 λύγοι
935 1495 1028 1574 οὗτοι

55 1600 99 1684 ὡς
118 1609 152 1673 οέ
168 1603 260 1692 λόγοι
272 1608 332 1674 τού
349 1612 483 1693 βιβλίου
496 1608 556 1675 τού
575 1603 872 1694 έσφραγισμένου.”
902 1611 953 1675 32,
966 1604 1028 1675 οὐκ

18 1728 42 1768 1⁶
55 1703 120 1795 ἀρα
147 1713 206 1777 τοῦ
232 1705 428 1776 ἀποκλεῖσαι
459 1702 577 1793 ὅρασιν
610 1708 667 1775 καὶ
700 1705 876 1796 προφήτην
909 1706 1028 1795 έλήλυ-

55 1819 120 1878 θεν
138 1804 155 1876 ὁ
174 1808 314 1898 Χριστὸς
332 1812 393 1878 τού
408 1811 495 1879 θεοῦ
502 1861 512 1896 ,
537 1811 664 1898 μᾶλλον
684 1809 721 1877 δὲ
741 1804 947 1880 ἀναπετάσαι
972 1811 1027 1878 καὶ

57 1917 105 1990 εἰς
136 1911 208 1999 φώς
238 1909 387 2000 ἀγαγεῖν.
442 1908 525 1981 ὅθεν
562 1917 656 1980 δοκεῖ
685 1938 740 1999 μοι
776 1909 979 2000 κυριώτερον
1010 1910 1027 1980 ὁ

52 2010 193 2093 Ἀκύλας
212 2011 317 2100 φάναι
331 2008 415 2082 “τού
431 2016 562 2082 τελέσαι
579 2010 804 2101 ὁραματισμόν
822 2016 878 2083 καὶ
896 2010 1029 2102 προφή-

56 2140 126 2198 την.
133 2109 151 2135 ”
175 2118 225 2182 33.
241 2111 259 2182 ὃ
273 2116 329 2182 καὶ
342 2111 483 2203 συνᾴδει
496 2119 541 2206 τῷ
554 2110 640 2182 ῐὀὐκ
653 2104 762 2201 ήλδον
775 2117 958 2185 καταλῦσαι
971 2113 1030 2185 τὸν

19 2237 44 2276 κο
58 2211 162 2301 νόμον
180 2209 200 2301 ή
217 2212 296 2293 τούς
315 2211 498 2304 προφήτας,
517 2211 600 2283 ἀλλά
618 2219 803 2303 πληρώσαι,
823 2215 905 2305 πρὸς
924 2212 1030 2284 αύτού

57 2319 116 2383 τοῦ
135 2316 282 2403 σωτήρος
308 2317 480 2407 εἰρημένῳ.
518 2309 633 2395 “τέλος
657 2313 722 2407 γάρ
749 2314 855 2404 νόμου
874 2314 1026 2405 Χριστὸς,
1040 2343 1093 2392 (εει)

57 2418 113 2484 καὶ
138 2419 246 2484 πάσαί
269 2445 306 2504 γε
331 2420 368 2484 αέ
389 2416 466 2504 περὶ
489 2411 594 2485 αύτού
615 2433 815 2505 προφητεῖαι
839 2415 1028 2507 ἀπλήρωτοι

59 2520 115 2587 καὶ
136 2513 265 2598 ἀτελεῖς
284 2525 403 2607 έμενον
431 2523 477 2598 εἰς
502 2513 549 2586 ὅτ’
577 2514 675 2599 αὐτὸς
703 2514 836 2598 ἐπιστάς
863 2522 1028 2588 ἐπιτέθει-

59 2647 118 2689 κεν
131 2617 234 2689 ἀπασι
248 2623 340 2701 τέλος
347 2636 415 2701 τοῖς
429 2622 505 2707 περὶ
516 2616 619 2690 αύτοῦ
633 2622 1027 2711 προαναπεφωνημένοις.

20 2742 45 2782 26
58 2726 109 2790 34.
132 2720 271 2792 δύναται
290 2723 328 2792 δέ
345 2724 400 2791 καὶ
421 2721 504 2790 κατά
520 2721 583 2810 τήν
599 2726 667 2814 των
685 2721 911 2811 ἑβδομήκοντα
931 2725 1028 2811 ἑρμη-

29 2845 32 2869 ³
58 2828 153 2890 νείαν
163 2821 321 2908 τοιαύτην
335 2830 423 2911 ἔχειν
438 2823 591 2894 διάνοιαν
604 2822 641 2893 τὸ
652 2821 734 2893 “τοῦ
748 2831 932 2913 σφραγίσαι
949 2821 1031 2914 ὅρα-

47 2943 114 2992 ·σιν
138 2924 193 2991 καὶ
217 2922 426 3011 προφήτην,”
471 2928 542 2993 ἐπεὶ
566 2922 702 3013 ὁυόμος
721 2928 776 2994 καὶ
803 2933 838 2995 ολ
861 2930 1029 3015 προφῆται

59 3026 171 3113 μέχρις
187 3018 345 3093 Ἰωάννου
371 3023 571 3114 διήρκεσαν,
600 3029 632 3108 ἐξ
660 3030 790 3096 ἐκείνου
808 3056 844 3097 τε
864 3034 1029 3097 διαλελοί-

60 3146 163 3197 πασιν
180 3132 215 3195 οἱ
237 3123 338 3194 πάλαι
364 3125 454 3215 παρά
468 3129 520 3218 ’τςά
532 3124 710 3198 Ἰουδαίων
729 3135 823 3199 ἔθνει
841 3156 1029 3215 πνευματο-

129 3397 161 3444 10
179 3394 264 3458 Αροο.
279 3397 303 3457 5,
317 3397 340 3442 5,
459 3397 490 3444 13
508 3394 556 3443 Es.
571 3396 612 3456 29,
629 3397 669 3443 11.
787 3397 817 3444 19
835 3395 934 3444 Matth.
949 3397 973 3458 5,
989 3398 1028 3447 17.

60 3463 91 3510 21
110 3461 187 3510 Rom.
201 3464 241 3526 10,
255 3464 280 3512 4.
