2326 3818
358 110 546 164 DEMONST.
564 109 697 164 EVANG.
715 111 753 160 11.
772 112 799 161 2.
1020 107 1061 171 83

354 262 408 336 ις’.
444 247 523 321 Ἀπὸ
541 254 606 321 τοῦ
620 257 804 340 Σοφονίου.

94 367 445 444 ΔήλωσιςέπιφανείαςΧ
460 370 607 436 ιστοῦ,ιιαλ
618 369 818 437 καθαιρέσεως
830 368 1061 438 εἰδωλολατρίας,

308 439 358 493 καλ
370 440 427 493 τῶν
439 391 537 494 ἐθνῶν
550 436 591 498 είς
602 433 677 493 θεὸν
690 433 850 504 εὐσεβείας.

172 555 201 620 8.
225 544 513 637 ’Ἔπιφοινήσεται
531 543 645 636 κύριος
670 541 724 615 ἐπ’
745 541 887 634 αὐτοῦς,
912 548 967 616 καλ
987 549 1057 630 ἐξο-
1100 565 1114 605 d

69 649 275 741 ςλοθρεῦσει
292 646 419 730 πάντας
436 645 513 731 τοῦς
531 646 632 728 θεοὺς
646 651 714 717 τῶν
733 651 846 718 ἐθνῶν
852 701 862 735 ,
886 650 941 717 καὶ
959 670 1060 738 προσ-

94 750 304 842 κυνήσουσιν
320 748 424 845 αὐτῷ,
444 753 580 831 ἕκαστος
598 754 635 819 ἐκ
652 752 712 820 τοῦ
724 747 829 820 τόπου
847 746 976 838 αὐτῶν,
996 754 1061 818 πῶ-

97 879 154 926 σαι
172 861 209 925 αἱ
224 857 321 943 νῆσοι
338 856 406 923 τῶν
425 846 564 925 ἐθνῶν.”

394 1019 441 1107 ιζ’.
474 1017 553 1092 ’Aah
566 1023 627 1091 τοῦ
644 1019 759 1092 αὐτοῦ.
819 1112 821 1117 Ι

95 1147 226 1237 Δάλιοσις
238 1147 347 1234 ἡμέρας
365 1145 549 1212 ἀναστάσεως
565 1151 699 1217 Χριστοῦ,
716 1149 768 1204 καλ
785 1145 882 1205 ἐθνῶν
899 1146 1062 1232 συναγωγή,

58 1239 82 1279 10
94 1241 212 1274 παντων
229 1237 260 1273 τε
275 1216 444 1301 ανθρρίτων
457 1213 609 1285 ἐπίγνωσις
621 1218 710 1301 θεοῦ,
724 1217 775 1272 καλ
799 1215 903 1284 τρόπος
922 1216 964 1281 είς
982 1235 1064 1272 ευσε-

179 1289 269 1356 βείας,
283 1286 333 1340 καὶ
346 1307 384 1348 ως
396 1285 538 1347 Αἰθίοπες
550 1284 659 1348 θυσίας
671 1287 751 1358 αυτῷ
764 1288 975 1354 προσοίσουσιν.

173 1401 202 1465 9.
233 1391 332 1464 “Aede
349 1398 447 1464 τοῦτο
464 1382 650 1483 ῦπόμεινόν
667 1423 727 1483 με,
754 1397 842 1484 λέγει
860 1393 991 1482 κύριος,
1018 1401 1064 1476 είς

95 1496 225 1589 ἡμέραν
255 1491 468 1576 ἀναστάσεως
498 1523 563 1584 μου
596 1502 643 1578 είς
679 1493 871 1587 μαρτύριον.
919 1493 1003 1565 διότι
1026 1493 1063 1565 τό
1078 1514 1120 1563 (51)

97 1607 199 1692 κρίμα
222 1625 288 1689 μου
315 1603 362 1677 είς
388 1595 586 1686 συναγωγάς
611 1599 740 1686 ἐθνῶν,
763 1602 826 1668 τοῦ
850 1599 1066 1681 είσδίξασθαι

59 1747 83 1787 15
98 1709 248 1789 βασιλείς
261 1705 321 1771 τοῦ
340 1700 449 1788 ἐκχέαι
468 1696 519 1768 ἐπ’
541 1694 662 1781 αὐτοῦς
679 1696 742 1788 τὴν
763 1695 869 1789 ὀργήν
893 1728 975 1789 μου,
1001 1703 1066 1769 πά-

97 1827 162 1874 σαν
178 1801 286 1892 ὀργὴν
303 1805 417 1890 θυμοῦ
435 1828 509 1889 μου.
545 1798 629 1871 διότι
648 1804 686 1872 ἐν
702 1803 785 1892 πυρί
804 1799 904 1890 ζήλου
922 1829 987 1891 μου
1006 1831 1066 1871 κα-

96 1902 374 1992 ταναλωθήσεται
392 1905 482 1972 πάσα
499 1900 521 1991 ἡ
538 1904 593 1990 γῆ,
612 1901 662 1972 ὅτι
679 1900 754 1974 τότε
771 1907 986 1993 μεταστρέψαι
1012 1907 1067 1973 ἐπὶ

97 2004 199 2089 λαοῦς
216 2011 387 2096 γλῶσσαν,
408 2011 455 2085 είς
468 2003 589 2092 γενεάν
607 2001 726 2093 αὐτῆς,
753 2012 814 2076 τοῦ
834 2009 1067 2075 ἐπικαλεῖσθαι

60 2253 86 2293 20
101 2209 203 2297 ζυγόν
221 2212 291 2279 ἕνα.
329 2211 365 2277 ἐν
382 2205 535 2299 περάτων
553 2213 711 2299 ποταμῶν
729 2216 912 2290 Αἰθιοπίας
935 2220 1068 2280 οίσουσι

99 2318 224 2391 θυσίας
242 2305 325 2399 μοι.”

82 2409 85 2412 ⁴
363 2407 416 2499 ιη’.
450 2408 530 2480 Ἀπὸ
547 2416 608 2480 τοῦ
626 2419 803 2500 Ζαχαρίου.

100 2537 231 2609 Δήλωσις
246 2539 374 2606 Χριστοῦ
391 2540 564 2604 παρουσίας,
587 2538 638 2593 ιιαλ
659 2541 773 2593 πολλῶν
796 2535 893 2595 ἐθνῶν
910 2534 1094 2598 ἐπ’ίαῦτόνι

99 2602 255 2676 καταφυγὴ
273 2605 325 2660 ιιαλ
337 2601 376 2668 ῶς
394 2603 510 2660 ἔσονται
528 2607 662 2729 τρλαιοιρρί,
696 2603 727 2674 ἐξ
745 2603 844 2664 ἐθνῶν
860 2604 1068 2679 συστησάμενοι

59 2723 86 2763 ιε
616 2717 623 2732 ·

178 2798 227 2862 10.
251 2786 270 2816 “
286 2793 418 2883 Τέρπον
453 2794 510 2862 καὶ
535 2788 739 2883 εὐφραίνου,
774 2794 924 2887 θύγατερ
960 2795 1066 2888 Σιῶν,

98 2891 184 2966 διότι
203 2890 279 2965 ἰδοῦ
296 2900 444 2984 ἔρχομαι,
464 2897 520 2964 καὶ
546 2894 793 2984 ιιατασιιηνῶσω
817 2903 854 2968 ἐν
877 2902 967 2992 μέσῳ
992 2921 1066 2988 σον,

98 2998 189 3086 λέγει
218 2993 347 3086 πόριος·
390 2999 446 3066 ναὶ
470 2995 734 3087 ναταφεόξονται
764 3005 850 3089 ἔθνη
876 3000 982 3071 πολλά
1014 3004 1068 3070 ἐπὶ

97 3095 158 3170 τόν
180 3095 298 3188 κόριον
324 3100 362 3169 ἐν
384 3103 425 3188 τῇ
445 3095 551 3191 ἡμέρᾳ
576 3103 704 3191 ἐκείνῃ,
730 3102 785 3170 καὶ
810 3107 943 3173 ἔσονται
973 3097 1063 3191 αὐτῷ
1081 3134 1122 3186 [34]

59 3245 85 3284 80
99 3207 148 3282 είς
166 3197 257 3270 λαόν.
294 3202 351 3272 καὶ
374 3198 693 3289 κατασκηνῶσουσιν
717 3204 755 3272 ἐν
780 3205 871 3297 με’σςο
895 3223 977 3288 σου,
1009 3203 1066 3270 ιιαλ

168 3434 281 3502 4soph.
294 3437 319 3499 2,
335 3437 377 3485 11.
484 3435 515 3483 12
534 3431 616 3498 Soph.
630 3436 655 3496 3,
669 3435 694 3486 8.
798 3437 834 3487 2ss
850 3434 1044 3494 ῑεολιέλᾼω.

826 3517 874 3583 ss*
