2326 3818
125 139 189 202 604
529 139 676 191 ευεεειι

126 283 181 350 καὶ
200 283 324 367 κωφιόν
343 276 500 360 ὡσαύτως
518 276 618 359 άκοάς
638 282 774 364 λάσθαι,
793 276 920 366 χωλούς
939 307 973 348 τε
992 276 1096 371 άνορ-

126 385 234 467 θοῦν,
266 383 321 450 καὶ
346 379 423 461 τοῦς
447 377 507 468 την
533 384 683 469 γλῶτταν
707 382 907 468 δεδεμένους
932 378 1097 463 εῦλάλους

125 480 371 568 ἀποκαθιστᾶν,
396 478 480 570 άπερ
507 478 638 551 ἅπαντα
660 479 726 551 ὑπό
751 487 809 550 τοῦ
833 485 980 568 σωτῆρος
998 477 1096 570 ἡμῶν

122 582 230 671 Ἰησοῦ
248 587 393 671 Χριστοῦ
411 586 613 672 πέπρακται,
632 578 686 651 οἷα
703 580 769 652 ὑπὸ
782 585 878 670 θεοῦ,
898 584 952 651 καλ
966 611 1096 673 μεμαρ-

58 713 112 766 ιιιε]
126 683 267 773 τύρηταί
287 713 325 772 γε
347 679 413 752 ῦπὸ
432 681 597 753 πλειόνων
614 686 682 753 των
706 682 788 754 καθ’
808 679 886 771 όλης
903 688 961 771 τῆς
979 692 1125 755 οἰκον-ε

96 789 225 875 ιμένης
249 783 466 872 κηρυξάντων
496 782 607 854 αὐτόν.
650 789 679 854 5.
706 774 754 854 τόν
783 782 820 853 τό
844 782 1013 854 ἄπλαστον
1038 791 1095 856 καὶ

125 886 249 975 άληθδς
263 892 320 973 της
333 893 518 976 μαρτυρίοις
533 884 736 974 πιστοῦταιὴ
752 883 807 954 διά
817 883 978 972 βασάνων
993 904 1095 977 πεῖρα

125 992 181 1058 καὶ
193 986 214 1076 ἡ
227 990 322 1076 μέχρι
332 983 483 1057 θανάτου
497 995 659 1072 ἔνστασις,
673 982 716 1075 ἣν
730 989 784 1057 ἐπὶ
797 989 963 1073 βασιλέων
976 985 1094 1076 άρχόν-

43 1102 45 1105 ’
125 1117 193 1157 των
216 1116 252 1157 τε
276 1089 331 1157 καὶ
354 1085 528 1177 ἡγεμόνων
550 1091 606 1158 καὶ
630 1088 720 1157 όλων
744 1091 855 1159 ἐθνῶν
874 1091 1092 1176 ἐνεδείξαντο,

125 1204 194 1271 τοῖς
210 1184 271 1258 ὑπ’
291 1187 404 1259 αὐτῶν
422 1193 676 1278 κηρυττομένοις
690 1186 855 1277 ἀλήθειαν
871 1190 1091 1281 ἐπιμαρτυρή-
1106 1221 1135 1261 ιο

47 1379 50 1389 Ι
125 1311 251 1371 σαντες.
289 1296 318 1362 6.
338 1289 465 1372 τούτοις
485 1291 522 1360 δὲ
540 1289 652 1372 αὐτοῖς
669 1285 813 1379 ἡγοῦμαι
831 1306 899 1373 τοῖς
918 1290 1094 1382 εὐαγγελι-

125 1409 217 1473 σταῖς
236 1387 341 1462 αὐτοῦ
358 1394 412 1461 καὶ
431 1389 626 1474 ἀποστόλοις
651 1395 834 1479 ἐπιφωνεῖν
851 1392 886 1462 τό
906 1398 1039 1483 πνεῦμα
1057 1393 1093 1464 τό

124 1491 331 1583 προφητικὸν
354 1491 395 1562 τά
418 1491 483 1562 άπό
501 1498 561 1563 τοῦ
582 1488 764 1582 “ίσχύσατε
781 1511 889 1583 χεῖρες
907 1490 1093 1584 άνειμέναι,

124 1598 179 1664 καὶ
197 1592 321 1683 γόνατα
340 1591 629 1686 παραλελυμὲνα.”
658 1597 730 1665 ἐπεὶ
749 1593 813 1685 γάρ
831 1593 887 1678 τάς
905 1612 1018 1685 χεῖρας
1037 1601 1094 1666 καὶ

100 1694 181 1777 ιτάς
205 1693 386 1786 πρακτικάς
411 1695 570 1785 δυνάμεις
588 1687 679 1767 οῦτοι
693 1695 751 1777 τάς
769 1725 805 1767 τε
822 1694 938 1784 βάσεις
957 1701 1013 1767 καλ
1030 1697 1093 1787 την
1108 1725 1135 1766 ιι

124 1804 263 1887 πορείαν
280 1796 346 1868 άπὸ
362 1805 420 1887 της
437 1803 565 1887 μακρᾶς
582 1796 742 1888 περιόδου
759 1802 816 1888 τῆς
834 1795 916 1868 κατά
933 1798 991 1868 τὸν
1010 1810 1092 1868 Μω-

124 1901 207 1979 σέως
224 1897 328 1988 νόμον
346 1907 498 1988 λατρείας
516 1906 746 1989 παρείθησαν,
771 1907 946 1986 διεγείρων
969 1895 1092 1981 αῦτοῦς

125 2001 178 2068 ἐπὶ
192 1999 254 2087 την
260 1998 343 2069 κατά
354 2000 390 2070 τὸ
400 1997 594 2089 εὐαγγέλιον
607 2008 788 2089 πολιτείαν,
797 1995 994 2089 “ίσχύσατε”
1008 2004 1092 2088 φησὶ

120 2094 250 2188 ’(χεῖρες
279 2099 449 2189 άνειμέναι
482 2104 537 2171 καλ
567 2101 692 2190 γόνατα
722 2098 1012 2191 παραλελυμένα,”
1045 2110 1092 2183 είς

126 2202 318 2289 ἑτοιμασίαν
343 2206 549 2292 δηλαδὴτοῦ
573 2206 656 2274 κατά
680 2201 716 2274 τό
737 2200 933 2292 εὐαγγέλιον
952 2201 1089 2291 δρόμον.
1105 2234 1133 2273 ιο

125 2308 152 2371 7.
180 2301 334 2391 ίσχύσατε
359 2307 396 2374 δὲ
425 2308 480 2375 καὶ
506 2313 553 2387 είς
582 2305 618 2375 τό
642 2315 850 2396 παρακαλεῖν
878 2307 1010 2394 ἑτέρους
1036 2309 1092 2374 καὶ

123 2410 300 2494 παρορμᾶν
307 2414 444 2496 ἔχεσθαι
456 2412 514 2494 της
528 2403 744 2496 εῦαμγελικης
763 2413 928 2496 σωτηρίας
945 2401 1041 2494 ῦμεῖς
1060 2411 1095 2475 ολ

122 2504 158 2574 τό
177 2509 258 2596 πρὶν
281 2506 494 2596 ὀλιμόψυχοι,
520 2511 575 2576 καλ
593 2507 639 2596 μη’
656 2537 706 2590 τις
729 2504 816 2597 ῦμάς
833 2513 967 2595 αἱρείτω
985 2505 1092 2596 φόβος

93 2634 107 2674 ι
122 2611 189 2677 των
206 2612 334 2690 ἔξωθεν
348 2605 604 2697 άνθισταμένων
616 2613 663 2700 τῷ
677 2607 880 2702 εύαγγελικῷ
894 2609 1092 2698 κηρύγματι,

121 2703 206 2777 άλλά
229 2711 284 2778 καὶ
308 2708 390 2798 πρός
412 2706 549 2789 τούτους
574 2706 745 2797 ἰσχύσατε,
770 2712 825 2779 καλ
848 2706 893 2798 μὴ
912 2718 1088 2798 φοβεῖσθε.
1104 2737 1134 2778 ει

123 2813 151 2877 8.
171 2807 251 2889 θεὸς
275 2808 340 2898 γάρ
364 2800 406 2896 ἦν
429 2812 588 2881 καλθεοῦ
606 2808 717 2898 λόγος,
742 2806 818 2880 άλλ’
844 2808 884 2881 οῦ
907 2821 1026 2882 Μωσεῖ
1042 2841 1091 2893 τις

123 2908 368 2998 παραπλήσιος,
399 2907 494 2982 ούδέ
509 2941 558 2994 τις
588 2929 656 2993 τοῖς
681 2910 866 3004 προφήταις
889 2909 1016 3001 ὅμοιος,
1049 2914 1091 2983 οὐ

121 3008 227 3099 μόνον
243 3016 313 3081 νῦν
330 3012 530 3099 παραδόξων
548 3011 684 3103 ποιητὴς
701 3012 903 3103 θαυμάτων,
928 3011 1013 3084 άλλά
1033 3018 1090 3084 καί

121 3106 203 3202 ύμῖν
221 3110 334 3195 αῦτοῖς
351 3118 409 3203 τῆς
428 3113 541 3204 ίσχύος
558 3116 703 3204 γεγονώς
721 3127 834 3197 αίτιος.
876 3122 905 3185 9.
924 3124 1033 3196 πίστις
1054 3114 1085 3184 δ’

121 3207 163 3283 άν
192 3219 322 3303 γένοιτο
353 3214 575 3305 ἐναρμεστάτη
606 3220 663 3304 της
699 3224 757 3287 τοῦ
794 3220 1089 3307 προφητευομένου
1102 3243 1128 3283 ιο

122 3319 268 3404 σωτῆρος
285 3313 380 3406 ἡμῶν
399 3322 520 3388 ἐνθέου
539 3315 729 3405 δυνάμεως,
750 3316 795 3386 δι’
817 3309 855 3406 ἧς
869 3317 1005 3407 άληθιῦς
1025 3347 1088 3407 χω-

115 3415 199 3494 λούς
210 3420 268 3485 καὶ
281 3418 430 3507 τυφλοὺς
443 3423 498 3487 καὶ
512 3417 654 3508 λεπρούς
669 3421 724 3489 καὶ
738 3421 958 3509 παρειμένους
974 3417 1088 3491 ίάσοιτό
