2326 3818
145 126 209 192 548
553 124 703 178 Eusssssn

149 265 204 338 διά
221 262 259 336 τό
276 265 434 337 ταπεινόν
452 260 564 335 αότῶν
578 267 764 356 παραθέσει
776 269 844 336 τῶν
857 271 1009 336 παλαιῶν
1023 260 1119 350 ὑψω-

148 367 279 459 μάτων,
308 367 367 439 τὸν
398 371 465 438 τῶν
496 369 748 459 προειρημένων
770 363 963 457 άφανισμόν
990 365 1118 439 άπολο-

82 499 136 551 μοι)
149 469 355 562 φυρόμεναι,
375 468 420 552 ὡς
438 468 538 559 κηρὸς
561 465 626 538 άπὸ
649 465 830 560 προσάπον
854 466 958 559 πυρός
978 468 1121 560 ἐκτακή-

149 595 280 662 σονται,
306 574 363 642 καὶ
388 566 433 653 (ὃς
451 569 546 660 ὕδωρ
570 567 841 661 καταφερόμενον
865 573 902 643 ἐν
920 568 1117 662 καταβάσει,

82 706 135 760 μω]
150 672 205 747 διά
227 671 264 745 τό
288 675 418 762 πλῆθος
440 678 510 743 τῶν
533 674 570 740 ἐν
593 667 709 752 αόταῖς
731 669 795 742 άπὸ
820 676 888 742 τῶν
914 671 1146 764 κρειττόνωνι

148 780 203 849 ἐπὶ
227 774 267 846 τά
285 782 385 865 χείρω
404 769 679 844 καταπιπτόντων
695 771 864 865 ὁσημέραι.
901 779 929 844 8.
950 771 1061 846 πάντα
1081 776 1120 847 δὲ

146 875 251 949 ταῦτά
269 895 374 966 φησιν
392 882 530 945 ἔσεσθαι
548 870 595 944 δι’
622 871 779 962 άσέβειαν
803 886 898 945 οίκου
918 873 1035 963 Ἰακώβ
1060 879 1120 948 καὶ

149 976 195 1050 δι’
215 974 381 1069 ἁμαρτίαν
400 986 494 1047 οίκον
510 972 649 1067 Ἰσραήλ.
686 983 736 1057 τίς
756 973 786 1044 δ’
807 965 850 1063 ἦν
868 973 889 1063 ἡ
908 971 1043 1065 ἀσέβεια
1062 981 1119 1050 καὶ

147 1078 168 1168 ἡ
196 1077 340 1169 ἁμαρτία
361 1076 491 1167 προῖάν
515 1079 588 1167 ἑξῆς
602 1078 757 1166 -ίπιλέγει
775 1072 834 1148 “οί
854 1077 1120 1169 βόελνσσόμενοι

148 1187 251 1272 κρίμα
281 1183 335 1251 καὶ
362 1178 471 1252 πάντα
495 1179 534 1250 τά
559 1175 647 1269 ὀρθά
672 1181 946 1268 διαστρέφοντες,
970 1186 1005 1250 οί
1026 1188 1118 1252 οίκο-
1133 1211 1157 1253 ιο

82 1357 85 1362 ,
150 1284 330 1372 δομοῦντες
349 1280 444 1354 Σιών
463 1286 499 1352 ἑν
522 1287 659 1370 αἵμασιν
677 1284 733 1351 καὶ
752 1279 968 1373 Ἰερουσαλὴμ
988 1285 1025 1353 ἐν
1042 1278 1119 1362 doa-

149 1395 253 1476 κίαις,
273 1388 310 1456 ἐν
327 1381 377 1467 οἷς
396 1390 511 1473 αἵμασι
528 1378 664 1454 κάκεῖνο
688 1372 732 1471 ἦν
749 1380 785 1453 τό
803 1385 871 1453 τάν
888 1377 1043 1455 ὑστάτων
1061 1414 1120 1454 κα·

149 1489 219 1558 κεῖν
236 1494 416 1577 παραίτιον
441 1483 554 1567 αὐτοῖς
572 1482 774 1575 γενόμενον,
799 1479 854 1574 ἐφ’
881 1473 908 1578 ᾦ
932 1482 995 1572 τὴν
1012 1481 1119 1577 άσεβῆ

122 1586 270 1677 ιφωνην
288 1595 336 1669 είς
355 1584 494 1669 ἑαυτοός
515 1583 743 1658 ἐπεσπάσαντο
763 1585 931 1676 φήσαντες
959 1581 1018 1657 “τό
1037 1584 1120 1678 αἷμα

150 1688 254 1760 αὐτοῦ
278 1687 332 1777 ἐφ’
362 1687 448 1779 ἡμᾶς
478 1689 534 1759 καὶ
561 1691 614 1760 ἐπὶ
637 1679 677 1758 τά
700 1690 799 1758 τέκνα
817 1684 947 1777 ἡμῶν.”
998 1694 1027 1759 9.
1061 1689 1119 1761 διά
1133 1720 1158 1762 ιε

149 1794 234 1879 γοῦν
256 1793 363 1881 φησὶν
387 1787 471 1861 αὐτά
503 1794 607 1861 ταῦτα
626 1787 694 1872 “,ὡς
721 1785 823 1880 άγρὸς
847 1787 942 1860 Σιάν
965 1787 1119 1880 άροιρια-

149 1891 308 1982 θήσεται,
327 1895 384 1963 καὶ
396 1887 611 1981 Ἰερουσαλὴμ
631 1888 675 1972 ὡς
689 1889 970 1981 όπωροφολάκιον
984 1897 1075 1962 ἔσται
1083 1890 1117 1979 ,”

149 1992 235 2083 άπερ
253 1992 327 2063 οὐδ’
350 1991 468 2062 άλλοτε
486 1991 618 2062 πώποτε
636 1988 656 2080 ἢ
674 1990 756 2082 μετά
774 1991 814 2062 τά
832 1991 914 2063 κατά
932 1997 991 2063 τοῦ
1009 1998 1121 2083 σωτη-

151 2122 208 2184 ρος
230 2092 328 2181 ἡμων
351 2096 576 2184 τετολμημένα
593 2091 707 2183 άληθη
732 2091 794 2184 τὴν
813 2102 952 2182 ἔκβασιν
977 2103 1120 2185 είληχεν.

153 2200 202 2265 10.
223 2198 256 2277 ἐξ
276 2198 407 2266 ἐκείνου
426 2193 489 2286 γάρ
507 2224 558 2266 τοι
572 2198 628 2266 καὶ
647 2203 695 2278 είς
713 2200 813 2287 δεῦρο
829 2194 966 2286 ἐσχάτης
982 2199 1120 2287 ἐρημίας
1133 2229 1159 2271 ω

152 2295 406 2387 καταλαβούσης
430 2296 508 2380 τοὺς
531 2296 670 2387 τόπους,
694 2295 731 2368 τό
755 2299 817 2387 μὲν
840 2301 921 2389 πρὶν
940 2297 1121 2387 διαβόητον

152 2395 264 2471 αὐτῶν
283 2399 378 2471 Σιων
395 2396 490 2490 όρος,
514 2395 590 2470 άντὶ
607 2403 665 2488 τῆς
684 2397 787 2470 πάλαι
812 2402 848 2470 ἐν
873 2395 965 2494 αὐτῷ
982 2403 1121 2490 μελέτης

152 2503 207 2570 καὶ
226 2498 398 2590 άσκήσεως
412 2509 480 2572 τῶν
493 2504 711 2591 προφητικῶν
728 2504 785 2571 καὶ
797 2509 906 2572 θείων
923 2499 1051 2590 λόγων,
1072 2495 1121 2574 οἷν

124 2610 270 2684 ιπαῖόες
300 2603 337 2672 τό
368 2606 449 2693 πρὶν
468 2600 633 2693 Ἑβραίων
664 2604 720 2672 καὶ
750 2612 924 2692 θεοφιλεῖς
949 2610 1120 2695 προφῆται

154 2709 254 2791 ίερεῖς
271 2732 307 2773 τε
325 2706 381 2774 καὶ
401 2701 597 2773 διδάσκαλοι
615 2709 674 2774 τοῦ
693 2703 816 2786 παντός
835 2711 958 2787 ἔθνους
977 2710 1014 2776 ἐν
1033 2703 1121 2797 αὐτῇ
1132 2738 1159 2779 ει

154 2799 209 2873 διά
229 2807 379 2892 σπονδῆς
398 2807 588 2893 ἐποιοῦντο,
616 2803 672 2875 διὰ
692 2802 862 2896 Ῥωμαίων
886 2805 1023 2898 ἀνδρῶν
1041 2806 1127 2879 κατ’

153 2900 255 2976 οὐδὲν
273 2908 331 2993 τῆς
349 2911 465 2995 λοιπῆς
485 2908 692 2998 διαφέρουσα
709 2906 818 2998 χώρας
835 2926 1047 3001 γεωργεῖται,
1074 2908 1121 2993 ὦς

151 3009 208 3076 καὶ
225 3001 310 3096 ἡμᾶς
324 3005 444 3091 αὐτοὺς
457 3006 646 3099 ὀφθαλμοῖς
660 3019 869 3102 παραλαβεῖν
882 3014 1004 3100 βουσὶν
1017 3008 1122 3106 άροόῂ

151 3138 254 3198 μενον
278 3111 333 3179 καὶ
358 3108 663 3201 κατασπειρόμενον
685 3109 744 3182 τόν
760 3111 878 3185 τόπον·
908 3109 986 3202 ἡδὲ
999 3111 1120 3206 Ἱερονγ

152 3212 260 3301 σαλὴμ
279 3209 364 3300 αὕτη
383 3208 426 3295 ὦς
444 3209 723 3305 όπωροφολάκιον
739 3220 797 3304 τῆς
817 3219 853 3286 ἐν
872 3213 960 3306 αὕτη
977 3220 1120 3299 παλαιοῖς
1133 3249 1157 3292 ω

195 3428 197 3431 ’
222 3445 255 3494 14
271 3445 371 3500 κιαι.
383 3447 424 3508 ει,
438 3446 480 3498 τι.
