2326 3818
326 140 514 194 οεαοαεν.
530 140 664 196 ενεαο.
682 142 731 192 lx,
752 142 776 191 τ.
976 141 1038 205 587

71 286 130 351 τοῦ
154 282 296 369 Ψαλμού
312 281 465 368 περὶτοῦ
482 275 588 350 αὐτοῦ
600 277 641 349 “ὁ
660 283 823 350 κατοικῶν
842 283 879 351 ἐν
897 289 1039 374 βοηθείᾳ

71 387 130 453 τοῦ
154 379 299 466 ὑψίστου
324 384 360 452 ἐν
383 382 488 472 σκέπη
512 384 573 452 τού
595 385 680 452 θεοῦ
702 388 762 451 τοῦ
779 377 927 469 ούρανοῦ
946 380 1038 452 αύλι·
1053 412 1111 464 (436)

70 483 251 605 σθήσεται,
280 487 349 572 ἐρεῖ
374 487 420 576 τῷ
445 489 571 577 κυρίῳ,
601 480 812 572 άντιλήπτωρ
838 511 903 571 μου
928 484 959 553 εἶ
984 488 1039 555 καὶ

71 583 249 675 καταφυγή
267 614 350 710 μον,
374 582 490 665 ὁθεός
508 613 589 673 μου,
615 581 740 673 βοηθός
760 612 842 673 μου,
860 587 916 654 καὶ
937 590 1039 656 ἐλπιῶ

45 685 123 758 εέπ’
154 682 291 757 αύτόν.”
346 691 395 754 16.
422 685 538 773 ἐπειδὴ
561 693 678 756 τοίνυν
703 683 763 774 σύ,
792 676 818 754 ὦ
843 683 955 775 κύριε,
979 685 1039 757 τὸν

69 787 211 870 ὕψιστον
235 794 319 859 ἔθου
342 785 541 908 κατμφυγην
564 809 643 876 σου,
668 785 789 858 τούτου
806 782 923 877 χάριν
926 785 1038 869 αὐτὸς

69 886 264 970 ὁύψιστος”
292 887 397 977 φησὶ
400 882 554 975 ῥύσεταί
573 910 612 957 σε
636 891 672 958 ἐκ
690 895 831 978 παγίδος
848 895 1037 978 θηρευτών,

71 991 125 1059 καὶ
143 986 208 1060 άπὸ
226 989 328 1078 λόγου
346 987 578 1078 ταραχώδους,
604 992 659 1059 καὶ
678 993 715 1060 ἐν
733 1008 801 1073 τοῖς
819 994 1038 1082 μεταφρένοις

70 1089 175 1161 αὑτοῦ
199 1089 383 1161 ἐπισκιάσει
408 1087 492 1160 σοι.”
538 1089 653 1181 διόπερ
683 1090 746 1179 τὴν
768 1091 928 1182 τοιαύτην
954 1101 1040 1182 ἔχων

32 1224 56 1264 ιο
71 1189 234 1278 πατρικὴν
256 1194 318 1262 τοῦ
339 1186 484 1274 ὑψίστου
510 1189 675 1280 βοήθειαν
700 1188 741 1261 ού
767 1192 950 1284 φοβηθήση
975 1191 1040 1264 άπδ

69 1291 179 1380 φόβου
197 1297 394 1379 νυκτερινοῦ
417 1289 495 1362 οὔτε
518 1291 585 1362 άπό
611 1321 700 1373 τινος
718 1296 786 1362 τῶν
804 1298 1040 1383 προκατειλεγ-

69 1389 378 1482 με’νων,άλλάούδδ
392 1397 508 1464 ἐκτῶν
524 1396 598 1480 ἑξῆς
608 1396 866 1484 ἐπιφερομένων.
887 1390 1038 1464 17.“ε’πεὶ
1053 1430 1067 1468 b

69 1493 132 1583 γάρ
152 1491 205 1582 σύ,
224 1492 330 1583 κύριε,
350 1491 409 1563 τδν
425 1492 568 1575 ὕψιστον
581 1502 666 1566 ἔθου
677 1493 874 1584 καταφυγήν
889 1519 962 1583 σου,
984 1493 1039 1565 διά

69 1602 166 1666 τοῦτο
185 1591 225 1665 ού
244 1592 501 1682 προσελεύσεται
515 1594 597 1681 πρὸς
610 1597 649 1665 σὲ
662 1593 758 1683 κακά,
777 1598 833 1666 καὶ
847 1596 963 1685 μάστιξ
977 1595 1039 1665 οὐκ

31 1730 56 1770 15
71 1701 176 1785 ἐγγιεϊ
190 1704 236 1791 τῷ
255 1695 451 1792 σκηυύματί
465 1694 558 1768 σου.”
587 1693 746 1786 μάστιγας
761 1698 803 1766 δὲ
815 1695 874 1778 τάς
884 1694 950 1767 άπδ
965 1703 1039 1766 δαι-

68 1796 182 1886 μόνων
191 1803 359 1888 ἐνεργείας
372 1801 429 1868 καὶ
444 1802 480 1870 ἐν
497 1813 565 1879 τοῖς
579 1795 784 1887 εὐαγγελίοις
797 1794 1039 1889 ὀνομαζομένας

69 1896 113 1970 άν
137 1899 264 1989 εὕροις,
288 1896 327 1981 άς
349 1898 432 1971 οὐδὲ
454 1898 646 1989 πλησιάζειν
668 1902 794 1989 τολμάν
816 1905 863 1992 τῷ
886 1899 1039 1988 σκνηνά-

69 2032 147 2090 ματι
164 2009 223 2074 τοῦ
241 2006 404 2090 Χριστού,
420 2007 569 2074 τουτέστι
586 2010 632 2096 τῷ
650 2001 776 2093 σάματι
794 1998 914 2092 αὐτοῦ,
934 2008 1040 2072 δυνα-

68 2103 126 2183 τάς
146 2104 236 2174 εἶναί
251 2125 343 2191 φησι.
388 2110 436 2173 18.
456 2110 528 2184 πῶς
546 2103 610 2191 γάρ
628 2100 684 2173 ὅτε
708 2103 796 2197 λόγῳ
814 2103 919 2193 μόνον
937 2100 1039 2186 αύτάς

31 2236 56 2275 εο
70 2206 102 2285 ἐξ
126 2198 320 2290 άνθράπων
342 2200 487 2289 ἤλαυνες
515 2206 596 2290 περὶ
618 2202 739 2273 τούτου
764 2206 802 2274 δὲ
825 2211 885 2274 τοῦ
912 2206 1038 2291 σκηναί·

69 2332 169 2390 ματος
186 2306 243 2371 καὶ
259 2304 277 2371 ὁ
292 2310 407 2389 Λαβίδ
424 2331 504 2372 ποτε
523 2301 633 2392 άμοσε
645 2308 692 2394 τῷ
711 2312 829 2396 κυρίῳ,
848 2307 904 2372 καὶ
918 2303 1039 2392 ηὔξατο

68 2409 114 2497 τῷ
141 2407 211 2497 θεῷ
234 2401 350 2491 Ἰακὼβ
385 2407 493 2491 λέγων
515 2399 570 2473 “sl
600 2401 810 2492 ἀναβήσομαι
844 2407 897 2472 ἐπὶ
924 2413 1063 2493 κλίνηςε

70 2511 243 2594 στρωμνῆς
266 2533 390 2593 μου,ε
375 2512 406 2575 εί
428 2503 566 2576 δύσο”
543 2532 653 2575 υπνον
670 2520 738 2586 τοίς
755 2502 944 2594 ὀφθαλμοῖς
961 2533 1038 2593 μου,

70 2608 219 2688 καὶτοῖς
243 2606 423 2729 βλεφάροις
446 2637 512 2697 μου
535 2605 743 2697 νυσταγμδν,
767 2601 866 2677 καὶ’
847 2605 1040 2677 ανάπαυσιν

32 2723 139 2789 εττοῖς
163 2706 341 2830 κροτάφοις
363 2739 445 2799 μου,
475 2713 536 2793 ἕως
558 2699 600 2780 06
623 2707 711 2800 εὕρω
737 2706 840 2780 τύπον
856 2737 902 2803 τῳ
921 2718 1039 2838 κμρίφ,

71 2807 230 2898 σκήνωμα
247 2816 293 2902 τῷ
310 2816 382 2904 θεῷ
398 2808 549 2899 Ἰακύβῗ
593 2814 717 2881 1.91καὶ
735 2809 856 2882 τούτου
879 2839 918 2900 γε
943 2815 1041 2883 ἕνεκα

70 2914 133 2980 τού
153 2909 369 3035 σκηνύμμτος
393 2906 566 3035 ἐλέγετο“
570 2909 610 2981 οὐ
632 2908 861 3003 φοβηθήση
841 2911 906 2981 απὸ
930 2913 1041 3001 φόβου

71 3015 287 3101 υνκτερινοδ
292 3007 458 3081 ”καὶ
423 3040 461 3081 το
474 3007 598 3091 “αύτδς
616 3009 756 3100 ῥύσεταί
778 3035 816 3082 σε
839 3016 876 3083 ἐκ
891 3020 1040 3142 παγίδος

71 3117 249 3202 θηρευτῶν
271 3115 327 3182 καὶ
349 3110 415 3182 άπδ
439 3111 541 3200 λόγου
563 3108 817 3201 ταραχάδους·”
845 3117 901 3182 και
924 3113 961 3181 τδ
976 3109 1039 3180 “οδ

32 3245 58 3287 εο
71 3211 329 3300 προσελεύσεται
352 3211 435 3304 πρὸς
458 3214 496 3283 σέ
513 3211 615 3299 κακά,
640 3216 697 3282 καὶ
720 3213 837 3302 μάστιξ
855 3211 917 3282 ούκ
936 3216 1042 3300 ἐγγιεῑ

141 3449 174 3497 κε
192 3447 238 3498 Ps.
253 3450 311 3511 131,
325 3446 361 3509 αῖ
