2326 3818
327 121 511 172 DEMONST.
533 121 666 172 EVANG.
685 125 718 173 V.
738 125 763 172 4.
784 127 807 172 5.
961 123 1023 186 317

56 269 206 350 βασιλεῖς
226 255 377 350 Ἀρόβων
400 262 456 329 καὶ
481 257 579 347 Σαβὰ
604 263 695 350 δωρα
721 259 940 350 προσάξουσι,
968 265 1023 331 καὶ

57 359 351 450 προσκυνήσουσιν
373 357 501 454 αότρό.”
545 364 648 450 δῆλον
673 364 708 431 ἐκ
728 369 785 452 τῆς
804 363 1049 451 συμφρόσεωςε

56 461 107 531 ὅτι
125 464 243 554 καὶτῷ
263 466 298 531 ἐν
318 466 455 543 ἐκείνοις
473 466 756 556 προφητευομένῳ
771 467 904 556 Χριστῷ
921 488 1025 550 προσ-

57 559 272 650 κυνήσουσιν.

30 819 44 858 5
431 786 571 871 Ψαλμοῦ
589 781 655 871 λβ.

54 906 103 990 λὶς
116 909 190 961 θεοῦ
208 904 294 978 λόγον
311 902 445 992 οὗσιοόδη
455 929 510 962 κατ
513 904 719 965 ’ἐπικέλευσιν
735 911 786 964 τοῦ
799 906 907 991 πατρὸς
920 906 1025 992 ὁμοίως

57 973 172 1056 ἡρῖνο
159 973 205 1030 λδε
219 973 447 1062 διγμιουργὸν
409 978 465 1030 τῶν
478 973 614 1031 ἁπάντων
631 998 646 1031 ο
638 975 773 1046 Δαβίδ·
798 974 879 1031 καλ
861 998 897 1039 ως
910 974 960 1031 τόν
973 973 1026 1031 αό-

58 1061 108 1098 τον
121 1062 172 1096 του
160 1044 259 1098 δεου
273 1039 359 1124 λόγον
376 1062 391 1097 ο
409 1041 496 1106 αὐτὸς
513 1039 716 1125 προφήτηςπ
680 1041 716 1099 ἐπ
718 1045 728 1098 6
745 1049 891 1125 θεραπεία
908 1047 964 1099 τῶν
977 1042 1026 1099 α’ν-

57 1106 182 1192 δοιόπων
195 1106 226 1165 ἔτι
239 1112 291 1164 τοῦ
304 1106 412 1192 πατρός
425 1107 608 1166 ἀπεστάλθαι
621 1119 771 1194 μαρτυρεῖ
797 1099 881 1166 καὶ
859 1133 895 1174 ως
913 1110 944 1166 ἐν
957 1115 1025 1180 βρα-

19 1199 44 1238 10
58 1186 107 1246 χεῖ
113 1174 203 1246 χρόνῳ
214 1174 265 1247 τὴν
276 1175 429 1247 σύμπασαν
439 1177 705 1312 γῆγῗσλγγίρργειν
672 1199 722 1248 της
733 1174 823 1233 αὐτου
810 1181 1026 1243 διδασκαλίας

134 1370 177 1440 V.
198 1367 280 1465 “T93
304 1368 392 1465 λόγῳ
416 1378 536 1461 κυρίου
554 1376 588 1441 06
604 1367 742 1460 οὐρανοὶ
760 1369 1056 1460 ε’στερεοόδησαν,ο

57 1475 113 1542 καὶ
131 1475 180 1566 τῷ
196 1471 359 1561 πνεύματι
378 1479 437 1542 τοῦ
450 1471 609 1560 στόματος
624 1470 728 1543 αὐτοῦ
742 1475 831 1541 παῖσα
845 1470 865 1560 ἡ
886 1469 1027 1561 δόναμις

60 1571 204 1644 αὐτῶν.”

20 1700 46 1741 15
135 1676 203 1745 Καὶ
226 1672 321 1797 ἐνρ
345 1675 383 1744 δὲ
406 1673 514 1758 καλς
539 1680 666 1767 Ψαλμῷ
691 1669 1028 1796 είρηται“όιπε’στειλε

58 1773 243 1864 τὸνλόγον
266 1773 386 1864 αὑτοῦ,
411 1778 467 1845 καὶ
498 1775 613 1846 λα’σάτο
638 1772 759 1858 αὐτοὺς
783 1778 839 1845 καὶ
865 1773 1027 1866 ἐρρύσατο

59 1873 183 1958 αὐτοὺς
208 1881 244 1947 ἐκ
272 1879 340 1947 τοῖν
369 1884 571 1968 διαφθορῶν
594 1873 737 1948 αότῶν.”
784 1881 840 1947 καὶ
864 1877 966 1947 πάλιν
992 1882 1028 1946 ἐν

60 1979 133 2066 ρμζ’
152 1974 192 2047 “6
211 1976 423 2049 ἀποστέλλων
445 1977 482 2048 τό
500 1979 614 2067 λόγιον
632 1977 737 2051 αότοό
757 1984 800 2071 τῇ
823 1985 865 2070 γῇ
891 1983 952 2060 ἕως
970 1976 1029 2048 τό-

60 2106 139 2165 χους
158 2085 332 2167 δραμεῖται
349 2075 366 2147 ὁ
385 2078 481 2168 λόγος
500 2078 636 2151 αὐτοῦ.”

22 2205 48 2244 ιο
138 2184 167 2247 2.
188 2176 287 2248 Ἀλλόι
312 2175 376 2269 γόιρ
399 2187 445 2272 τῷ
469 2178 550 2269 μετὰ
575 2197 685 2271 χεῖρας
715 2186 844 2273 Ψαλμῷ
867 2183 1028 2269 φάσκοντι

56 2274 125 2372 ἰ’τῷ
142 2277 230 2372 λόγω
244 2287 364 2369 κυρίου
383 2286 417 2349 06
432 2279 571 2371 οὐρανοὶ
591 2278 866 2450 ἐστερεωθρσαν”
886 2281 1028 2372 συνᾴδει

59 2377 96 2450 τό
116 2379 207 2471 ἱερὸν
230 2376 426 2469 εὐαγγέλιον
444 2381 631 2506 διαρρήδην
655 2381 806 2469 λέγον“ἐ
807 2413 827 2451 ν
845 2378 930 2471 όρχῇ
949 2377 991 2469 ἦν
1009 2382 1068 2460 ὁρ
1063 2412 1096 2461 εο)

61 2480 175 2571 λόγος,
194 2480 283 2553 καλ“
268 2512 286 2551 ο
305 2480 400 2569 λόγος
418 2473 461 2570 ἦν
479 2480 562 2605 πρός
579 2483 638 2554 τὸν
655 2480 755 2570 θεόν,
780 2485 835 2552 καὶ
854 2482 933 2563 θεὸς
951 2475 994 2570 ἦν
1012 2478 1029 2552 6

61 2582 167 2671 λόγος.
204 2573 299 2666 οὗτος
317 2574 360 2672 ἦν
378 2589 415 2654 ἐν
438 2581 524 2676 όρχῆ
547 2582 629 2673 πρός
646 2582 705 2655 τόν
722 2583 815 2654 θεόν.
852 2611 961 2654 παντα
981 2582 1026 2652 δι’

23 2710 48 2750 ετ
62 2683 165 2756 αὐτου
154 2688 337 2775 ἐγένετο,
361 2689 418 2756 καλ
440 2689 541 2776 χωρὶς
566 2683 669 2757 αὐτοῦ
700 2690 829 2775 ἐγένετο
852 2684 977 2755 οόδε”
958 2681 1028 2755 ευ.”

62 2786 145 2856 θεὸν
169 2786 303 2869 εἰκότως
330 2785 367 2859 τό
392 2785 586 2876 εὐαγγέλιον
610 2787 779 2877 όνομόζει,
806 2791 876 2858 ἐπεὶ
895 2789 951 2857 καὶ
975 2785 1031 2857 διὰ

62 2889 129 2955 τῶν
144 2885 296 2976 πρόσθεν
310 2886 408 2968 αὐτὸς
428 2880 523 2970 οὗτος
536 2888 554 2958 6
574 2895 639 2960 νυν
651 2888 915 2979 θεολογοόμευος
934 2888 1030 2977 λόγος

63 2990 118 3057 καὶ
137 2996 240 3077 σοφία
258 2990 313 3057 καὶ
337 2991 486 3077 γέννημα
508 2998 593 3060 θεοῦ
611 2994 667 3061 καὶ
686 2990 795 3077 ἱερεὺς
819 2994 875 3060 καὶ
889 2989 1030 3079 Χριστός

63 3088 221 3176 βασιλεὺς
251 3093 307 3159 καὶ
343 3087 458 3179 κύριος
487 3094 543 3160 καὶ
573 3090 653 3172 θεὸς
684 3094 739 3162 καὶ
770 3089 871 3162 είκων
906 3088 1030 3178 ἀνηγό-

24 3216 50 3255 30
65 3221 162 3280 ρευτο
179 3195 241 3262 τοῦ
258 3197 351 3262 θεοῦ.
384 3196 413 3262 3.
433 3195 489 3262 καὶ
507 3191 556 3263 ὅτι
574 3222 612 3281 γε
632 3197 742 3283 ἔτερος
761 3189 810 3263 όν
828 3199 888 3262 τοῦ
907 3189 1029 3279 πατρὸς

64 3342 265 3349 -—.

133 3425 278 3478 12Ps.3·2.
349 3425 565 3490 15Ps.106‚20.
630 3426 792 3478 18Ps.147.
864 3424 952 3474 2260.
968 3426 1034 3485 151.
