2326 3818
103 121 167 184 384
513 116 661 167 ωυεεοιι

105 258 213 330 πάντα
231 255 270 327 τά
285 265 369 345 ἔθνη
389 258 443 326 ἐπὶ
455 254 668 344 Ἰερουσαλὴμ
683 262 730 337 είς
744 252 900 343 πόλεμον,
918 256 975 323 καὶ
988 249 1078 325 oim-

105 384 196 430 σεται
214 357 234 447 ἡ
259 356 371 445 πόλις,
397 360 452 426 καὶ
472 355 755 445 ὃιαρπαγήσονται
773 361 811 425 αί
824 361 945 441 οἰκίαι,
964 359 1021 425 καὶ
1041 364 1081 429 αἱ

106 476 261 550 γυναῖκες
284 456 574 547 μολυνθήσονται,
599 461 653 528 καὶ
680 454 885 541 ἐξελεύσεται
907 453 944 525 τὰ
969 453 1078 546 ἥμισυ

105 571 163 650 τῆς
177 560 303 642 πόλεως
318 564 356 632 ἐν
369 566 587 650 αἰχμαλωσίᾳ,
606 564 642 628 οί
656 559 695 629 δὲ
710 555 977 628 κατάλοιποιτοῦ
991 563 1080 629 λαοῦ

41 691 93 742 [ιω]
109 693 173 754 μου
197 661 238 733 οὐ
261 661 305 751 μὴ
332 663 616 748 ἐξολοθρευθοᾶσι,
640 661 696 729 καὶ
721 657 924 743 ἐξελεύσεται
947 656 1104 749 κύριος,ε

106 769 161 837 καὶ
192 760 411 851 παρατάξεται
442 764 479 831 ἐν
509 776 578 841 τοῖς
607 768 745 831 ἔθνεσιν
776 763 930 848 ἐκείνοις,
961 761 1079 843 καθώς
1124 776 1135 793 ’

105 863 212 956 ἡμέρα
230 860 440 950 παρατάξεως
458 859 563 930 αὐτοῦ
578 866 615 930 ἐν
628 857 733 952 ἡμέρᾳ
747 864 902 951 πολέμου.
928 863 984 930 καὶ
998 860 1079 949 στή-

107 990 222 1038 σονται
240 967 275 1032 οί
290 960 390 1042 πόδες
408 957 511 1031 αὐτοῦ
526 966 562 1032 ἐν
575 969 615 1051 τῇ
632 960 739 1053 ἡμέρᾳ
758 965 868 1052 ἐκείνῃ
883 964 936 1031 ἐπὶ
950 960 986 1032 τὸ
999 959 1080 1053 ὄρος

78 1071 174 1135 ετων
200 1067 319 1134 ἐλαιῶν
342 1059 378 1132 τὸ
404 1066 579 1133 κατέναντι
591 1058 807 1152 Ἰερουσαλὴμ
831 1066 863 1145 ἐξ
890 1061 1078 1152 ἀνατολῶν,

106 1169 163 1237 καὶ
181 1162 398 1253 σχισθήσεται
414 1161 451 1233 τὸ
468 1162 545 1252 ὅρος
563 1170 630 1234 τιόν
645 1167 782 1250 ἐλαιῶν,
800 1163 836 1233 τὸ
850 1162 953 1252 ἥμισυ
971 1159 1078 1235 αὐτοῦ
1092 1197 1118 1237 ιο

109 1265 190 1357 πρὸς
214 1262 376 1346 άυατολάς
401 1268 456 1334 καὶ
474 1262 511 1335 τό
534 1263 638 1354 ἥμισυ
656 1263 761 1334 αὐτοῦ
780 1263 861 1353 πρὸς
883 1262 1078 1353 θάλασσαν,

108 1368 185 1459 χάος
208 1370 292 1457 μέγα
316 1362 466 1454 σφόδρα,
498 1369 553 1436 καὶ
577 1375 688 1435 κλινεί
708 1365 745 1434 τὸ
769 1363 872 1454 ἥμισυ
895 1371 954 1435 τοῦ
977 1362 1079 1457 ὅρους
1147 1376 1150 1381 ’

108 1469 189 1562 πρὸς
218 1467 277 1539 τὸν
303 1470 427 1587 βορρᾶγ
454 1470 509 1537 καὶ
533 1465 569 1537 τὸ
598 1463 700 1556 ἥμισυ
730 1463 835 1535 αὐτοῦ
859 1465 941 1556 πρὸς
967 1464 1077 1538 νότον.

108 1578 137 1641 2,
159 1573 215 1641 καὶ
241 1566 513 1692 ε’μιγραχθήσεται
535 1563 556 1657 ἡ
581 1565 693 1648 κοιλάς
710 1575 778 1636 τῶν
768 1563 902 1661 ὀρέων
919 1596 1002 1690 μου,
1021 1571 1079 1638 καὶ

110 1668 388 1760 ε’γκολληθήσεται
420 1668 441 1758 ἡ
472 1668 602 1792 φάραγξ
633 1665 786 1759 ὀρέων“
767 1697 828 1750 εως
848 1666 989 1792 Ἀσαὴλ,
1020 1672 1078 1739 καὶ
1093 1700 1119 1741 ιε

111 1768 423 1862 ἑμφραχθήσεται“
406 1800 445 1840 ον
467 1769 611 1955 τρόπονζ
617 1768 784 1860 ἐνεφράγη
807 1768 872 1840 άπὸ
896 1766 1078 1860 προσώπου

109 1876 169 1943 τοῦ
187 1874 325 1961 σεισμοῦ
348 1867 427 1940 ἐν
410 1869 594 1996 ημέραιςὈ
595 1878 665 1955 ζίου
689 1873 850 1958 βασιλέως
865 1867 982 1942 Ἰούδα.
1018 1870 1077 1938 καὶ

109 1976 270 2061 παρέσται
288 1970 402 2062 κύριος
420 1971 437 2039 ὁ
456 1971 536 2053 θεός
554 2000 619 2060 μου
637 1976 692 2040 καὶ
710 1970 831 2052 πάντες
849 1968 918 2041 οί“
898 1999 984 2059 αγιοι
1001 1966 1074 2059 μετ’

110 2072 224 2142 αὐτοῦ.
251 2074 307 2141 καὶ
325 2079 416 2141 ἔσται
435 2076 472 2141 ἐν
491 2075 601 2163 ἐκείνῃ
619 2077 659 2163 τῇ
677 2067 794 2163 ἡμέρα,
813 2068 875 2143 οὐκ
889 2080 979 2143 ἔσται
993 2077 1046 2160 qm*
1049 2099 1078 2155 ς,

111 2172 194 2243 άλλά
212 2176 317 2261 ψῦχος
335 2173 390 2241 καὶ
414 2171 518 2262 πάγος
543 2181 634 2244 ἔσται
656 2180 737 2262 μίαν
754 2168 890 2264 ἡμέραν.
932 2178 961 2243 3.
981 2174 1036 2242 καὶ
1055 2169 1117 2261 ἡεο

84 2271 216 2366 ιὴμέρα
236 2278 346 2363 ἐκείνη
363 2273 495 2363 γνωστὴ
514 2282 559 2368 τῷ
578 2282 701 2367 κυρίῳ,
727 2276 783 2343 καὶ
802 2271 862 2364 οὐχ
880 2273 1002 2363 ἡμέρα,
1021 2276 1078 2343 καὶ

111 2373 184 2466 οὐχὶ
202 2375 283 2463 νὺξ,
304 2372 340 2444 τὸ
358 2375 440 2467 πρὸς
459 2378 603 2468 ἑσπέραν
622 2384 712 2445 ἔσται
730 2378 811 2465 φώς.
857 2379 913 2445 καὶ
931 2381 1023 2446 ἔσται
1041 2378 1079 2445 ἐν

110 2486 150 2571 τῇ
164 2477 270 2570 ἡμέρᾳ
282 2483 405 2566 ἐκείνῃ,
417 2476 623 2560 ἐξελεύσεται
629 2473 721 2566 ὕδωρ
737 2483 801 2561 ζῶν
811 2480 844 2559 ἐξ
854 2471 1078 2567 Ἰερουσαλήμ.

111 2581 146 2649 τὸ
172 2579 274 2668 ἥμισυ
301 2577 405 2648 αὐτοῦ
429 2586 476 2659 είς
499 2579 560 2667 τὴν
583 2576 761 2648 θάλασσαν
783 2575 846 2667 τὴν
868 2574 1004 2669 πρωτην
1020 2578 1079 2647 καὶ

110 2681 146 2749 τὸ
164 2676 266 2768 ἥμισυ
291 2674 397 2748 αὐτοῦ
421 2686 467 2759 εἰς
491 2678 553 2766 τὴν
579 2677 755 2749 θάλασσαν
772 2677 835 2768 τὴν
853 2675 1001 2767 ἐσχάτην.
1039 2679 1077 2746 ἐν
1090 2707 1118 2748 νε

110 2782 206 2867 θέρει
225 2780 279 2847 καὶ
300 2783 336 2848 ἐν
354 2787 426 2868 ἔαρι
451 2787 540 2848 ἔσται
558 2777 673 2862 οὕτως.
715 2782 771 2850 καὶ
790 2787 880 2851 ἔσται
897 2775 1010 2870 κύριος
1030 2784 1078 2859 είς

111 2881 248 2967 βασιλέα
263 2882 316 2949 ἐπὶ
329 2883 440 2949 πάσαν
457 2878 518 2969 τὴν
535 2884 611 2970 γῆν,
631 2884 668 2952 ἐν
680 2885 722 2973 τῇ
737 2880 843 2974 ἡμέρα
858 2883 969 2971 ε’κείνχγ
987 2886 1079 2951 ἔσται

111 2980 225 3070 κύριος
245 2977 307 3068 εἷς,
333 2983 388 3050 καὶ
412 2979 448 3052 τό
466 2978 570 3072 ὄνομα
589 2979 692 3053 αὐτοῦ
716 2988 770 3072 ἓν,
795 2989 943 3054 κυκλοῦν
966 2983 1078 3051 πᾶσαν

110 3079 578 3173 mfflmfflfflm”
823 3150 826 3156 .

186 3189 215 3253 4.
237 3182 333 3253 Μετὰ
349 3182 411 3272 τὴν
428 3183 563 3275 πρώτην
580 3193 775 3276 πολιορκίαν
792 3190 850 3275 τῆς
863 3180 1079 3275 Ἰερουσαλὴμ
1090 3214 1117 3256 ει

112 3289 167 3353 καὶ
185 3277 247 3373 τὴν
265 3289 412 3376 παντελῆ
429 3295 629 3377 καθαίρεσιν
643 3285 745 3376 αὐτῆς
763 3290 819 3357 καὶ
833 3285 1001 3377 ἐρήμωσιν
1016 3282 1079 3375 τὴν

112 3380 177 3453 ὑπὸ
193 3392 420 3472 Βαβυλωνίων
438 3390 493 3457 καὶ
511 3385 592 3477 μετά
609 3387 672 3475 τὴν
685 3384 749 3463 άπὸ
766 3391 824 3477 τῆς
842 3397 1001 3478 ’πολεμίας
1019 3394 1079 3478 γῆς
