2326 3818
363 126 549 178 Dnuoxsr.
567 128 702 181 mse.
722 129 744 178 1.
761 132 786 179 a
1016 127 1059 190 43

87 269 211 358 χειρῶν
226 264 343 356 ὑμῶν,
362 265 448 338 διότι
464 264 524 337 ἐπ’
543 265 719 339 ἀνατολῶν
735 271 900 357 καὶμέχρι
918 273 1059 357 δυσμῶν

88 369 126 439 τὸ
142 367 249 457 ὄνομά
260 399 327 456 μου
341 366 537 452 δεδόξασται
550 375 589 439 έν
601 388 671 450 τοῖς
687 379 817 455 ἔθνεσι,
836 374 892 438 καὶ
905 375 944 439 ἐν
957 374 1057 440 παντὶ

89 469 181 564 τόπφ
192 482 349 560 θυμίαμα
361 470 565 561 προσάγεται
580 475 628 563 τῷ
637 469 781 559 ὀνόματί
795 500 863 559 μου
880 475 937 541 καὶ
950 481 1058 542 θυσία

89 570 257 661 καθαρύ.”

61 703 77 744 ε
165 680 217 746 44.
241 671 286 744 Τό
304 672 368 762 γὰρ
391 678 429 744 έν
450 677 553 744 παντὶ
573 672 665 766 τόπφ
682 681 838 761 θυμίαμα
856 677 912 742 καὶ
928 682 1058 744 θυσίαν
1076 710 1087 736 c

89 771 323 865 ἀναφέρεσθαι
344 780 417 867 θεῷ
439 783 475 844 τί
495 779 609 863 ἕτερον
631 783 833 863 παρίστησιν
850 771 871 863 ἢ
888 773 940 845 ὅτι
956 775 1002 865 μή
1021 781 1058 846 ἐν

82 875 343 966 Ἱεροσολύμοις,
367 875 447 966 μηδ’
467 872 712 967 ἀφωρισμένως
729 881 767 947 ἐν
783 881 871 970 τῶδε
888 882 935 969 τῶ
952 876 1057 970 τόπῳ,

89 983 127 1049 έν
144 977 234 1070 πόση
258 980 297 1048 δὲ
319 976 413 1070 χῶρφ
435 981 492 1048 καὶ
516 982 554 1048 έν
576 982 658 1049 πᾶσι
680 995 748 1059 τοῖς
765 987 883 1050 έθνεσι
899 982 1058 1068 μέλλουσι

87 1078 125 1150 τό
143 1076 193 1151 δι’
214 1078 324 1170 εὐχῶν
340 1088 498 1169 θυμίαμα
512 1083 570 1149 καὶ
586 1080 649 1168 τήν
664 1078 708 1150 ού
725 1078 771 1149 δι’
792 1080 954 1169 αἱμάτων,
973 1080 1058 1151 ἀλλὰ

46 1211 76 1250 ιο
90 1178 139 1252 δι’
158 1190 268 1270 ἔργων
282 1178 433 1270 εὐσεβῶν
446 1181 603 1270 καθαρὰν
616 1180 858 1271 ὠνομασμένην
870 1191 998 1253 θυσίαν
1010 1188 1057 1277 τῷ

89 1287 145 1353 ἐπὶ
161 1287 264 1353 πᾶσιν
280 1282 466 1372 ἀναφέρειν
481 1288 569 1376 θεῶ;
586 1289 638 1352 45,
657 1288 721 1374 βοᾷ
740 1284 778 1352 δέ
796 1283 984 1372 διαρρήδην
1001 1289 1058 1355 καὶ

89 1388 251 1475 κέκραγεν
272 1380 441 1465 ὁἩσαΐας
463 1392 635 1469 θεσπίζων
657 1381 726 1473 ἅμα
748 1387 804 1454 καὶ
822 1389 930 1472 λέγων
942 1382 1057 1456 “ἔσται

87 1486 332 1577 θυσιαστήριον
348 1493 394 1579 τῷ
413 1494 520 1578 κυρίῳ
533 1490 576 1555 ,έν
592 1484 685 1577 χῶρᾳ
693 1484 879 1574 Αίγύπτου,
898 1489 954 1556 καὶ
968 1516 1058 1573 γνω-

88 1586 165 1672 στός
183 1597 274 1660 ἔσται
292 1587 406 1677 κύριος
421 1605 491 1670 τοῖς
504 1596 714 1676 Αἰγυπτίοις,
733 1591 790 1658 καὶ
800 1585 978 1658 ἀποστελεῖ
993 1586 1058 1659 αύ-

44 1720 75 1761 15
87 1707 156 1773 τοῖς
181 1688 366 1779 ἄνθρωπον
387 1687 425 1772 ὃς
448 1690 552 1760 σῶσει
574 1686 714 1778 αύτούς,
737 1693 794 1760 καὶ
811 1689 998 1778 γνῶσονται
1024 1698 1059 1762 oc
1071 1711 1085 1750 d

88 1790 268 1882 Αίγύπτιον
285 1790 344 1863 τόν
361 1792 479 1882 κύριον
498 1798 536 1862 έν
552 1796 595 1884 τή
612 1790 718 1884 ἡμέρᾳ
739 1797 866 1882 ἐκείνη,
885 1795 942 1863 καὶ
959 1792 1057 1882 ποιή-

87 1917 207 1966 σουσιν
230 1903 370 1984 θυσίας,
401 1897 457 1965 καί
483 1893 632 1978 εὔξονται
658 1892 757 1983 εύχοὶς
780 1898 827 1987 τῶ
851 1904 974 1986 κυρίῳ,
1000 1898 1057 1964 καὶ

86 1992 340 2084 ἀποδώσουσιν,
359 1999 416 2066 καὶ
433 1995 739 2085 ἐπιστραφήσονται
756 1995 839 2084 πρὸς
852 1994 981 2085 κύριον,
1000 1999 1056 2069 καὶ

87 2098 317 2167 είσακούσεται
335 2096 466 2185 αὐτῶν,
484 2099 541 2167 καὶ
560 2096 687 2168 ίύσεται
704 2096 860 2179 αύτούς.”

47 2227 73 2266 εο
163 2203 215 2268 46.
235 2189 317 2285 Ἀρά
342 2224 395 2270 σοι
420 2202 586 2288 δοκοῦμεν
608 2197 720 2287 ἆληθή
744 2203 855 2288 λέγειν
872 2198 1055 2288 μετάθεσιν

86 2302 146 2368 τοῦ
170 2302 324 2380 Μωσέως
353 2296 476 2387 νόμον,
504 2306 631 2387 μᾶλλον
657 2300 695 2369 δέ
719 2306 853 2371 παῦλαν
877 2304 933 2369 καὶ
956 2299 1056 2371 λύσιν

86 2396 272 2486 φάσκοντες
290 2399 346 2468 διὰ
363 2402 431 2470 τῶν
449 2404 666 2489 προφητικῶν
676 2408 803 2486 φωνῶν
814 2407 1055 2484 θεσπίζεσθαι;

86 2505 137 2572 47.
157 2500 255 2591 ὁμέν
278 2531 316 2590 γε
333 2506 462 2589 Μωσῆς
485 2497 729 2589 θυσιαστήριον
752 2502 808 2570 καὶ
830 2507 954 2580 θυσίας
977 2499 1052 2570 οὐδ’

86 2600 250 2694 ἀλλαχόσε
268 2606 328 2691 γῆς
353 2597 374 2691 ή
399 2607 436 2672 έν
457 2600 544 2694 μόνη
563 2606 604 2692 τῇ
616 2598 780 2695 Ἰουδαίᾳ,
804 2605 860 2671 καὶ
879 2600 1000 2689 ταύτης
1020 2606 1056 2672 έν

43 2733 73 2773 25
86 2710 145 2797 μιᾷ
163 2703 257 2776 πόλει
281 2701 514 2794 συστήσασθαι
537 2716 719 2793 νομοθετεῖ
726 2722 732 2735 ·
766 2698 787 2792 ή
812 2705 850 2774 δὲ
868 2714 1056 2794 προφητεία

87 2813 124 2876 ἐν
147 2805 239 2898 χῶρα
264 2809 370 2895 φησὶν
394 2804 569 2895 Αἰγύπτου
599 2809 647 2898 τῷ
675 2815 782 2899 κυρίην
812 2798 1073 2897 θυσιαστήριον

83 2907 352 2998 ίδρυθήσεσθαι,
371 2910 427 2979 καὶ
444 2905 736 2996 τούςΑίγυπτίονς
750 2905 931 3001 αύτούςτῶ
948 2919 1055 3004 κυρίφ

85 3014 153 3081 τῶν
166 3015 361 3102 προφητῶν,
374 3006 449 3080 ἀλλ’
469 3008 580 3081 ούκέτι
592 3026 661 3093 τοῖς
679 3008 843 3104 πατρῴοις
861 3022 956 3093 θεοῖς
974 3020 1056 3079 καλ-

86 3110 253 3201 λιερήσειν
269 3110 328 3194 τός
345 3120 489 3199 θυσίας,
508 3114 563 3183 καί
577 3117 636 3199 τῆς
649 3120 859 3200 θεογνωσίας
871 3110 912 3182 ού
928 3111 1056 3181 Μωσέα
1074 3105 1081 3111 ’

42 3241 72 3282 οο
86 3225 193 3284 αίτιον
210 3211 282 3285 οὐδ’
305 3218 420 3301 ἕτερον
432 3221 500 3284 τῶν
512 3217 694 3303 προφητῶν
705 3210 819 3295 αὐτοῖς
837 3211 1054 3303 γενήσεσθαι,

85 3365 95 3370 -
102 3365 289 3372 Ἥ--4

155 3449 186 3497 12
205 3448 257 3497 les.
273 3449 313 3508 19,
329 3449 368 3500 19.
