2326 3818
99 127 140 191 ης
501 128 650 180 Ευεεου

102 275 166 358 δην
174 274 281 339 εἰπεῖν
292 264 435 348 ἅπαντες
447 266 488 337 τδι
501 265 597 356 ὅμοια
606 264 864 358 προεκήρυττον,
876 265 988 358 ὥσπερ
1001 257 1067 340 οὖν

99 368 248 458 ὁΔαβὶδ
270 368 412 458 φάσκων
424 363 665 458 “κατύστησον,
684 367 789 460 κύριε,
808 371 996 459 νομοθέτην
1008 365 1064 440 ἐπ’

101 469 238 559 αὐτούς,
258 469 441 560 γνω’τωσαν
459 478 544 560 ἔθνη
561 468 612 541 ὅτι
630 468 809 561 ἄνθρωποί
824 467 943 541 είσιν.”

176 578 205 645 2.
218 571 341 662 “’ορα
318 603 363 656 ως
382 577 541 664 δευτέρον
558 576 720 662 μέμνηται
738 563 852 642 καὶ
810 601 906 654 ουτος
924 575 1068 662 νομοθέ-

99 702 159 745 τον
178 677 297 746 ἐθυω”υ.
341 672 393 746 διδ
417 675 474 745 καὶ
498 679 535 745 ἐν
562 676 662 768 ἑτέρῳ
688 690 757 755 τοῖς
775 681 890 745 ἐθνεσι
908 686 1107 799 προσῳωι

100 791 155 847 νεῖ
170 774 266 869 ᾅδειν
287 775 328 899 ού
352 776 389 847 τὸ
417 775 562 847 παλαιὸν
579 779 635 846 καὶ
653 775 839 847 Μωσαίκόν
856 765 965 868 ᾆσμα,
989 772 1066 901 ἀλλ’

99 880 215 969 ἕτερον
232 875 366 966 καινόν,
386 876 514 967 λέγωυ“
517 873 630 972 ’ᾅσατε
643 881 689 972 τῳ
708 884 815 971 κυρίῳ
833 869 923 970 ἆσμα
936 877 1069 969 καινὸν,

100 976 202 1071 ᾴσατε
219 983 278 1073 ,τῷ
309 987 415 1074 κυρίῳ
441 975 573 1104 6666‘
554 1009 575 1069 η
598 988 656 1069 γή·
693 974 910 1068 ἆναγγείλατε
933 982 971 1050 ἐν
997 997 1068 1064 τοις

60 1105 87 1157 [ι]
103 1049 271 1151 ἐθνεσι
235 1109 298 1168 την
316 1080 417 1165 δόξαν
434 1078 555 1171 αὐτοῦ,
575 1086 612 1152 ἐν
628 1086 710 1152 πᾶσι
727 1097 796 1162 τοῖς
813 1090 905 1162 λαοῖς
923 1079 963 1151 τοὶ
980 1094 1068 1154 θαυ-

101 1179 203 1272 μάσια
222 1178 334 1254 αὐτοῦ.
374 1182 424 1254 ὅτι
446 1187 548 1273 μέγας
565 1183 678 1273 κύριος
696 1186 752 1254 καὶ
775 1180 904 1264 αίνετὸς
922 1181 1107 1277 amdam

73 1282 284 1374 οφοβερόςέ
284 1307 358 1356 στιν
382 1287 436 1356 ἐπὶ
463 1284 588 1367 πάντας
611 1276 690 1366 τούς
713 1283 825 1366 θεούς
867 1282 917 1354 ὅτι
943 1283 1069 1370 πάντες

100 1388 286 1457 οίθεολ”
239 1416 308 1457 των
326 1391 439 1460 έθνοὸν
458 1383 659 1477 δαιμόνια,’
642 1416 660 1457 ο
682 1387 720 1457 δὲ
737 1384 851 1476 κύριος
869 1385 946 1467 τοὺς
963 1383 1070 1477 ούρα-

100 1486 179 1570 νούς
204 1492 371 1578 ἐποίησεν,
416 1493 571 1578 ἐνέγκατε
594 1493 641 1584 τῷ
664 1497 771 1583 κυρίῳ
795 1517 815 1558 α
818 1490 1046 1577 ίπατριαὶ
998 1518 1069 1561 των

101 1592 232 1679 ἐθνῶν,
258 1595 413 1679 ἐνέγκατε
436 1597 482 1684 τῷ
508 1599 614 1686 κυρίῳ
638 1588 777 1674 δόξαυ’
762 1587 901 1679 ουόματι
926 1585 1067 1663 αύτοῦ.”

177 1713 206 1777 3.
226 1710 293 1778 Καὶ
311 1706 412 1778 πάλιν
425 1704 562 1780 “elatave
584 1713 620 1779 ἐν
638 1725 707 1790 τοῖς
722 1715 859 1780 ἔθνεσιν
881 1705 932 1778 ὅτι
950 1706 1097 1804 κύριος
1081 1733 1107 1779 ισ

102 1810 313 1896 ἐβασίλευσε
349 1813 405 1879 καὶ
433 1809 497 1900 γὰρ
529 1808 735 1901 κατώρθωσε
768 1808 829 1898 τήν
853 1813 1067 1900 οἰκουμένην,

100 1938 171 1997 ητις
182 1939 223 1981 ον
214 1906 514 2000 ’σαλευθήσεται”
541 1918 570 1984 4
587 1915 643 1982 καὶ
654 1908 773 1983 παλιυ
776 1907 889 1982 ασατε
900 1940 946 1981 τω
935 1914 1068 2007 κυρίῳ

53 2044 56 2050 ·
100 2003 190 2103 ᾆσμα
216 2010 347 2100 καινδν,
380 2009 430 2083 ὅτι
457 2013 637 2103 θαυμαστὰ
669 1986 832 2103 ἐποίησεν.
885 2011 1070 2103 ἐγνώρισεν

100 2110 216 2204 κύριος
233 2113 269 2184 τὸ
288 2111 453 2204 σωτήριον
466 2113 581 2186 αὐτοῦ
610 2120 726 2185 έυαντί
712 2124 764 2186 ίου
776 2119 844 2186 τῶν
858 2114 1007 2186 έθνων’
988 2141 1069 2188 απε·

101 2213 230 2299 κάλυψε
252 2214 322 2302 τήν,
342 2214 561 2307 δικαιοσύνην
588 2213 700 2288 αὐτου.
747 2222 883 2287 είδοσαν
901 2214 1010 2286 πάντα
1027 2217 1107 2289 τδιιι

101 2319 227 2408 πέρατα
244 2321 301 2405 τής
318 2321 379 2408 γῆς
396 2315 433 2388 τὸ
452 2317 618 2408 σωτήριον
634 2323 693 2389 τοῦ
709 2326 795 2390 θεοῦ
811 2315 939 2409 ήμῶν.”

175 2440 205 2507 5.
225 2437 292 2506 Καὶ
306 2432 368 2527 ὅρα
381 2443 458 2508 τίνα
471 2435 595 2527 τρόπον
609 2441 645 2508 ἐν
660 2435 788 2517 τούτοις
801 2435 837 2506 τὸ
852 2433 969 2506 καινδν
978 2427 1069 2529 ᾆσμα

100 2534 140 2607 06
153 2542 200 2631 τῷ
216 2535 388 2609 Ἰουδαίων
403 2544 508 2627 ἔθνει,
522 2536 606 2609 ἀλλὰ
618 2555 688 2621 τοῑς
702 2541 804 2608 πᾶσιν
818 2543 934 2609 ἔθνεσι
944 2566 1069 2628 καταγ-

101 2639 228 2726 γέλλει,
250 2643 311 2709 τοῦ
337 2639 392 2708 διὰ
416 2641 568 2720 Μωσέως
594 2642 739 2710 παλαιοῦ
759 2638 873 2728 μόνοις
894 2635 1070 2724 Ἰουδαίοις

101 2737 335 2827 προσήκοντος.
372 2739 471 2810 τοῦτο’
488 2769 539 2813 τοι
556 2739 729 2811 ιδ’καινὸν
747 2731 835 2833 ᾆσμα
853 2738 973 2830 καινήν
992 2746 1068 2812 δια·
1082 2768 1107 2812 ισ

60 2854 88 2904 (8)
103 2838 216 2929 θήκην
223 2839 394 2931 Ἱερεμίας,
409 2845 518 2932 ἕτερος
531 2841 697 2933 Ἑβραίων
710 2840 892 2933 προφήτης,
907 2839 1073 2914 ἀποκαλεῖ

102 2943 209 3030 λέγων
222 2937 321 3019 ’Ἰδού
340 2938 457 3033 ἡμέραι
476 2952 643 3033 ἔρχονται,
663 2947 751 3033 λέγει
769 2942 902 3033 κύριος,
922 2946 978 3014 καὶ
997 2949 1070 3015 δια-

100 3041 249 3134 θήσομαι
265 3048 312 3139 τῷ
329 3055 410 3138 οίκῳ
424 3042 555 3136 Ἰσραήλ
579 3048 634 3116 καὶ
652 3051 697 3140 τῷ
721 3056 803 3140 οίκῳ
816 3044 926 3117 Ἰούδα
945 3045 1071 3135 διαθή-

101 3175 164 3235 κην
182 3146 319 3236 καινήν,
338 3142 378 3217 ού
392 3146 474 3218 κατὰ
492 3147 553 3237 τήν
573 3146 742 3238 διαθήκην
761 3145 804 3236 ἣν
819 3150 981 3237 διεθέμην
997 3163 1070 3232 τοῖς

169 3383 184 3429 2
197 3380 300 3430 Psalm.
314 3383 339 3446 9,
353 3383 394 3432 90.
500 3383 628 3433 ἵΡεαΙιυ.
642 3384 684 3446 95,
700 3385 722 3431 l.
828 3383 859 3432 18
871 3380 972 3431 Psalm.
985 3381 1027 3445 98,
1042 3385 1067 3436 1.

102 3450 135 3499 28
153 3447 210 3501 Jer.
224 3450 264 3507 31,
279 3450 319 3499 31.
