2326 3818
132 156 194 219 438
252 114 256 141 “
535 155 683 206 Εοεεειι

104 318 237 384 οφησιν
263 300 332 365 ἐκεῖ
356 293 432 376 τούς
460 293 521 382 τὴν
550 298 703 377 ἐξουσίαν
737 291 912 381 εἰληφότας
942 290 1008 361 ὑπό
1041 297 1104 363 τοῦ

132 402 311 484 θεοῦ,τοῦ
335 395 542 487 παραδόντος
566 392 680 477 αύτοίς
698 392 760 464 οὐκ
783 393 942 482 ἀκρίτως,
967 390 1040 463 ἀλλ’
1064 388 1104 466 εὖ

132 497 219 587 μάλα
239 503 274 568 έν
294 505 389 587 δίκη,
416 495 466 567 ὅτι
486 496 527 586 δη
546 500 661 587 χέρσος
681 500 734 566 καί
759 493 893 565 άκανθα
913 494 1026 564 αὐτῶν
1045 501 1104 583 γε’-

132 630 210 688 γονε
229 607 318 669 πάσα
336 594 356 688 ἡ
374 604 425 687 νη.
463 605 512 668 82.
534 597 588 668 διά
606 601 701 667 τοῦτο
712 601 795 685 γοῦν
810 601 944 686 ἐπείπερ
964 605 1011 678 εἰς
1024 602 1103 687 χέρ-

133 725 193 772 σον
217 705 273 771 καὶ
295 699 450 769 ἄκανθαν
477 695 572 768 αύτοί
598 697 737 780 ἑαυτούς
763 702 984 788 κατέστησαν,
1014 706 1129 770 εἰσε-τ

132 803 323 888 λεύσονται,
349 803 469 888 φησὶν,
497 803 567 869 ἐκεῖ
588 798 669 887 μετά
686 802 806 887 βέλους
824 802 879 869 καὶ
904 799 1103 889 τοξεύματος

132 910 166 974 οἰ
180 902 243 991 τὴν
261 899 331 970 κατ’
354 900 466 971 αὐτῶν
486 905 639 984 ἐξουσίαν
660 899 839 989 εἰληφότες.
883 901 927 990 μη
951 899 1104 989 θαύμαζε

134 1004 164 1085 δ’
187 1011 218 1073 εἰ
240 1005 294 1071 καὶ
318 1007 421 1072 ταῦτα
447 1003 736 1090 συνεσκιασμένως
755 1005 811 1071 καί
830 1000 874 1072 δι’
897 1002 1103 1092 αἰνιγμάτων

132 1102 341 1174 ἀποδέδοται.
374 1110 423 1175 83,
445 1110 594 1180 λέλεκται
612 1107 695 1191 γοῦν
713 1102 778 1191 ἤδη
797 1103 993 1194 πρότερονὴ
1012 1112 1103 1175 αἰτία

132 1210 188 1293 τῆς
206 1204 359 1295 τοιαύτης
374 1214 562 1296 οἰκονομίας
576 1210 634 1276 τού
649 1205 761 1293 λόγον,
781 1210 1008 1295 βουληθέντος
1028 1209 1101 1276 έπι-
1117 1235 1141 1274 ιο

107 1306 328 1395 ικρύψασθαι
352 1305 410 1378 τόν
436 1314 575 1397 ἔσχατον
600 1312 658 1376 τοῦ
678 1305 851 1377 Ἰουδαίων
882 1317 1004 1389 ἔθνους
1028 1305 1104 1378 όλε-

132 1421 234 1498 θρον,
267 1407 311 1490 ὡς
337 1405 379 1478 διν
406 1409 604 1496 φυλάττοιτο
630 1405 712 1498 παρ’
741 1406 853 1489 αὐτοῖς
876 1408 896 1498 ἡ
923 1409 1034 1499 γραφη
1056 1417 1103 1492 εἰς

131 1506 227 1599 ημῶν
244 1516 312 1579 τῶν
332 1516 443 1580 ἐθνῶν
461 1517 639 1600 βελτίωσίν
662 1537 698 1579 τε
716 1513 772 1580 καὶ
791 1507 964 1597 ὠφέλειαν.
1003 1517 1058 1579 84..
1073 1518 1104 1580 εἰ

132 1616 215 1699 μούν
233 1609 432 1700 άναφανδδν
450 1609 562 1694 αύτοῖς
575 1609 801 1700 μὲνόλεθρον,
820 1628 888 1693 τοῖς
909 1614 945 1680 δὲ
963 1619 1103 1681 ἔθνεσιν

132 1709 243 1801 άγαθδι
267 1711 513 1804 προεκήρυττον
532 1720 568 1782 αί
584 1730 800 1801 προφητεῖαι,
826 1710 939 1794 οὐδεὶς
964 1707 1006 1781 ἰίν
1025 1717 1102 1800 περὶ
1117 1741 1142 1781 ιε

133 1809 234 1895 αότάς
258 1815 445 1886 ἐσπούδασε
463 1818 530 1883 τοῖν
549 1819 585 1884 έκ
603 1818 797 1903 περιτομῆς,
824 1813 907 1883 άλλδι
926 1813 970 1895 ὡς
989 1811 1102 1896 αὑτοῖς

133 1921 285 1997 ἐναντίας
303 1914 405 1995 ούσας
423 1919 478 1984 καί
497 1914 619 2005 έχθρδις
638 1920 838 2004 διέφθειραν
851 1911 894 1985 &v
912 1914 1026 2003 αὐτάς,
1045 1919 1102 1986 καὶ

132 2008 249 2084 ούκέθ’
275 2016 356 2103 ἡμίν
378 2033 446 2095 τοῖς
472 2020 504 2098 ἐξ
525 2020 637 2086 ἐθνῶν
660 2005 773 2104 παρῆν
796 2034 867 2098 ταῖς
885 2022 952 2086 τῶν
970 2045 1103 2106 προφη-

131 2120 199 2185 τῶν
223 2120 299 2201 περὶ
322 2120 382 2186 τού
405 2123 552 2206 σωτῆρος
576 2116 750 2205 ἡμῶνκαὶ
774 2121 851 2206 περὶ
876 2117 972 2207 ἡμῶν
991 2115 1103 2189 αὐτῶν

103 2225 327 2306 ομαρτνρίαις
345 2217 544 2307 χρήσασθαι.
570 2226 620 2288 85.
641 2216 724 2288 άλλά
738 2218 802 2307 γάρ
820 2219 987 2290 τοσούτων
1007 2223 1043 2288 έν
1060 2223 1103 2308 τῇ
1115 2247 1142 2286 το

131 2323 192 2389 τού
205 2318 414 2408 Ἐμμανονὴλ
432 2317 537 2412 ἡμέρα
556 2323 633 2409 περὶ
651 2321 687 2389 τδ
702 2319 876 2391 Ἰουδαίων
891 2329 990 2401 ἔθνος
1004 2348 1102 2409 νενη-

132 2425 284 2511 σομένωυ
315 2420 397 2491 κατά
423 2423 484 2511 τὴν
513 2426 629 2510 ἑτέραν
656 2424 853 2512 ἑρμηνείαν,
887 2421 1026 2503 σπάνιός
1053 2451 1103 2503 τις

132 2531 272 2594 ἔσεσθαι
299 2527 427 2610 λέγεται
454 2523 471 2593 5
498 2526 734 2611 καταλειφθεὶς
754 2527 785 2605 ἐξ
804 2521 933 2612 αὐτῶν,
958 2525 1034 2610 περί
1060 2513 1104 2592 ού

132 2647 236 2713 φησιν
254 2623 271 2693 5
291 2623 471 2704 ἀπόστολος
485 2623 628 2712 “λεῑμμα
647 2623 719 2693 κατ’
741 2625 881 2712 ἐκλογὴν
898 2623 1027 2714 χάριτος
1045 2626 1103 2710 γέ-

132 2754 241 2812 γονεν.
291 2721 327 2804 δς
357 2724 398 2810 δὴ
424 2728 545 2812 θρέψει
570 2723 714 2813 δάμαλιν
737 2729 829 2813 βοοῖν
852 2729 907 2795 καί
931 2722 992 2794 δύο
1017 2720 1141 2811 πρό-ει

45 2893 49 2903 ,
133 2834 234 2912 βατα,
259 2828 314 2894 καί
338 2823 403 2895 ίιπδ
427 2831 487 2897 τού
508 2837 665 2897 πλεῖστον
689 2843 799 2897 ποιεῖν
822 2826 908 2914 μάλα
934 2824 1103 2914 βούτυρον

133 2929 188 2995 καί
206 2929 279 3014 μέλι
297 2924 472 3016 φάγεται.”
500 2931 646 3008 τοιοῦτος
666 2928 703 2998 δέ
721 2925 802 3017 ἡμῖν
819 2928 1005 3017 ἀπεδείχθη
1019 2925 1103 2996 κατὰ

131 3026 194 3114 την
208 3032 370 3117 δευτέραν
387 3027 453 3098 άπό
456 3036 550 3099 δοσιν
568 3032 631 3109 πᾶς
645 3023 663 3098 5
681 3025 898 3110 άποστολικός
911 3035 980 3098 τῶν
993 3040 1102 3116 μαθη-

130 3132 200 3198 τοῖν
230 3129 325 3220 χορός
351 3135 411 3200 τοῦ
438 3136 584 3219 σωτῆρος
606 3128 701 3218 ἡμῶν
724 3129 832 3219 Ἰησοῦ
856 3133 1011 3219 Χριστοῦ.
1049 3135 1100 3198 86.

129 3226 245 3317 ὥσπερ
265 3234 302 3302 δὲ
319 3230 336 3302 5
352 3234 587 3320 καταλειφθείς
601 3222 696 3313 οὗτος
708 3234 854 3315 τοιοῦτος
870 3239 1008 3302 ἔσεσθαι
1022 3258 1102 3318 προ·
1117 3256 1143 3298 ιο

159 3378 335 3387 ---——-—.

201 3461 234 3508 24
253 3462 328 3510 Rom.
346 3466 384 3521 11,
399 3467 422 3515 5.
