2326 3818
127 125 190 189 488
532 125 681 176 EUSEBH

60 381 116 430 (εον)
448 362 602 413 BIBAION
621 362 778 414 OPAOON.

60 497 114 550 μετ]
203 465 450 551 Ἀποδείξαντες
470 467 515 537 δι’
535 464 625 537 ὅσων
642 466 659 537 ὁ
677 472 737 538 τοῦ
756 471 841 537 θεοῦ
859 465 955 554 λόγος
974 476 1022 548 είς
1041 467 1104 543 άν-

127 568 287 658 θρῶπους
305 570 397 658 ἥξειν
413 573 614 655 ἐθεσπίζετο,
633 565 717 638 ὅθεν
731 596 766 637 τε
784 571 838 637 καὶ
852 565 918 658 ὅπη
932 572 988 638 καὶ
1006 568 1104 655 ὅπως
1130 567 1135 573 ’

126 671 343 761 ὀφθήσεσθαι
361 688 428 750 τοῖς
448 673 501 738 ἐπὶ
519 673 577 757 γῆς
598 673 634 738 ἐν
647 686 719 750 ταῖς
737 666 816 754 παρ’
833 665 998 758 Ἑβραίοις
1016 700 1101 760 προ-

100 791 282 862 οφητικαῖς
301 789 429 858 φωναῖς
449 768 653 859 ἐκηρύττετο,
672 768 723 840 ότι
736 799 771 840 τε
783 769 882 852 αῦτός
902 776 1028 854 ἐκεῖνος
1044 765 1100 862 ἦν,

128 878 183 945 καὶ
201 871 277 942 οὐδ’
299 871 414 958 ἄλλος,
433 871 451 940 ό
469 875 537 940 τῶν
556 870 689 942 αἰώνων
707 871 926 960 προῦφεστῶς
943 872 1016 955 νίός
1035 880 1125 952 τοῦτ

128 979 229 1059 θεοῦ,
261 969 301 1042 δν
327 971 381 1041 διά
405 975 473 1041 τῶν
497 975 619 1058 ἕτέρων
641 972 727 1042 θεόν
749 979 785 1043 τε
816 977 870 1042 καὶ
896 972 1014 1061 κῦριον
1040 978 1098 1046 καὶ

127 1071 388 1162 ἀρχιστράτηγον
412 1077 468 1143 καὶ
491 1073 636 1162 μεγάλης
653 1081 777 1162 βουλῆς
800 1072 942 1162 άγγελον
959 1079 1045 1146 θεοῦ
1062 1106 1098 1148 τε

127 1171 280 1273 άρχιερέα
293 1173 469 1264 τυγχάνειν
482 1173 799 1265 προμεμαθήκαμεν,
813 1172 1099 1266 άκολοάθωςμετδι

128 1275 168 1345 τά
182 1281 493 1366 προδιεξωδευμένα
508 1276 585 1357 τοῦς
599 1276 740 1366 χρόνους
754 1282 811 1364 τῆς
828 1281 1023 1366 ἐπιφανείας
1037 1275 1098 1348 αῦ-

127 1381 189 1448 τοῦ
211 1377 312 1450 πάλιν
338 1382 369 1462 ἐξ
399 1374 511 1448 αὐτῶν
541 1384 609 1447 τῶν
638 1383 854 1467 προφητικῶν
878 1377 1097 1469 προρρήσεων
1109 1415 1135 1456 ιο

61 1507 116 1558 (οεο)
130 1479 449 1569 ἐπιμαρτυρόμεθά,
469 1482 611 1550 ἐνθένδε
629 1476 815 1568 ἀρξάμενοι.

204 1588 234 1651 2.
255 1579 530 1670 Τῶνχρόνωντης
542 1586 601 1651 τοῦ
609 1584 756 1668 Χριστοῦ
770 1586 953 1668 παρουσίας
968 1583 1099 1670 ἐκφανῆ

128 1701 248 1771 σημεῖα
266 1681 347 1752 τάδε
359 1691 496 1753 ἔσεσθαι
511 1680 797 1770 προκηρύττουσιν
810 1686 848 1750 αί
858 1683 943 1770 ίεραὶ
957 1691 1096 1771 γραφαί.

127 1791 230 1873 τριῶν
254 1786 290 1854 τὸ
314 1786 395 1871 πρὶν
424 1787 598 1871 ἐπιφανῶν
615 1780 810 1872 ἀξιωμάτων
827 1781 916 1871 παρά
929 1781 1098 1870 Ἑβραίοις

128 1883 381 1972 διαπρεπόντων
409 1879 454 1952 δι’
486 1873 534 1952 ῶν
556 1881 593 1952 τό
623 1891 721 1963 ἔθνος
745 1901 995 1974 συνεκροτεῖτο,
1022 1886 1098 1966 ἑνὸς
1111 1919 1137 1961 π

126 1988 187 2072 μὲν
212 1990 272 2054 τοῦ
296 1991 487 2070 βασιλικοῦ,
513 1987 627 2071 ἑτέρου
650 1985 688 2053 δὲ
705 1990 765 2054 τοῦ
789 1988 1015 2073 προφητικοῦ,
1041 1990 1119 2056 καί»

127 2087 182 2154 ἐπὶ
199 2083 327 2164 τούτοις
345 2091 405 2155 τοῦ
423 2082 664 2173 άρχιερατικοῦ,
683 2084 810 2156 τούτων
823 2083 906 2174 ὁμοῦ
918 2083 981 2173 τήν
999 2087 1099 2156 κατά·

127 2194 227 2255 λυσιν
250 2189 304 2254 καί
331 2183 392 2276 τὴν
415 2194 560 2274 παντελῆ
587 2195 787 2275 καθαίρεσιν
810 2204 930 2276 σημεῖα
953 2193 1011 2274 τῆς
1038 2193 1100 2259 τοῦ

127 2291 274 2376 Χριστοῦ
293 2295 478 2378 παρουσίας
497 2297 634 2359 ἐσεσθαι
652 2297 857 2373 θεσπίζουσι.
890 2294 919 2358 3.
936 2294 1099 2377 δείγματα

99 2390 166 2458 οδέ
189 2396 258 2460 τῶν
289 2389 401 2461 αὐτῶν
433 2389 518 2460 εἶναι
546 2389 676 2479 χρόνων
701 2393 756 2460 καὶ
780 2394 837 2478 τῆς
861 2388 944 2460 κατά
967 2393 1140 2470 Μωσέαιο

126 2500 310 2581 θρησκείας
337 2492 398 2579 τὴν
422 2491 652 2580 περιγραφὴν,
675 2495 732 2580 της
758 2520 794 2561 τε
807 2490 1020 2579 Ἰερουσαλὴμ
1039 2496 1097 2562 καὶ

126 2597 187 2662 τοῦ
203 2593 285 2681 πρὸς
304 2590 388 2681 αῦτη
409 2596 501 2680 ίεροῦ
521 2590 582 2680 τὴν
601 2590 782 2681 ἐρήμωσιν,
801 2588 842 2662 οῦ
860 2589 927 2681 μὴν
940 2590 1024 2661 ιἰλλά
1040 2597 1097 2662 καί

125 2695 187 2762 τοῦ
210 2693 334 2774 παντὸς
349 2690 521 2764 Ἰουδαίων
547 2699 670 2773 ἔθνους
694 2691 755 2780 τὴν
778 2691 844 2763 ὑπὸ
869 2709 938 2773 τοῖς
964 2697 1097 2782 ἐχθροῖς

127 2795 183 2862 καὶ
201 2799 370 2882 πολεμίοις
389 2799 563 2882 δουλείαν,
582 2795 638 2864 καὶ
656 2791 741 2863 άλλα
753 2795 790 2864 δέ
803 2798 871 2863 τῶν
885 2792 998 2864 αὐτῶν
1010 2790 1098 2865 ῦπο-

127 2892 288 2980 βάλλουσι
316 2912 435 2984 σημεῖα
458 2894 606 2984 χρόνων,
637 2901 766 2986 πλῆθος
797 2893 951 2985 είρήνης,
983 2897 1095 2966 ἐθνῶν
1110 2931 1138 2972 25

127 2998 186 3082 τῆς
206 2999 238 3078 ἐξ
257 3000 377 3078 αίῶνος
402 2993 476 3065 κατ’
503 3004 602 3076 ἐθνος
621 2999 676 3065 καὶ
694 2995 777 3066 κατά
800 2995 899 3066 πόλιν
916 3004 1097 3086 τοπαρχίας

127 3099 183 3166 καὶ
203 3106 408 3188 πολυαρχίας
426 3095 619 3188 άναίρεσιν,
643 3105 701 3186 τῆς
718 3103 890 3168 πολυθέον
908 3100 963 3168 καὶ
984 3103 1097 3187 δαιμο-

127 3228 221 3288 νικης
246 3205 502 3288 είδωλολατρίας
526 3195 831 3288 άποστροφὴνμι
792 3203 831 3268 ἐπ
834 3206 972 3286 ίγνωσιν
1003 3194 1096 3267 εῦσε·

127 3304 255 3387 βείας
239 3301 312 3382 ενδς
330 3329 389 3370 του
375 3304 458 3370 ἐπί
471 3297 607 3370 πάντων
622 3305 827 3391 δημιουργοῦ
841 3305 934 3371 θεοῦ.
953 3304 982 3370 4.
992 3304 1096 3368 ταῦτα

99 3390 188 3470 ιοῦν
205 3395 348 3489 ἅπαντα,
364 3400 411 3491 μὴ
428 3399 508 3472 όντα
521 3401 623 3472 πάλαι
638 3399 720 3472 κατά
737 3400 814 3482 τοῦς
827 3408 896 3472 τῶν
914 3405 1096 3490 προφητῶν
1108 3434 1136 3475 ω
