2326 3818
129 124 192 187 256
538 125 686 177 Εσεοοιι

131 260 221 336 σου”
257 269 307 333 56.
335 262 394 334 τὸν
412 263 454 352 δὴ
472 255 536 334 οῦν
554 266 731 335 κάνταῦθα
749 260 809 336 ὑπ’
839 260 943 334 αῦτοῦ
966 270 1029 335 τοῦ
1051 271 1111 341 ἐπὶ

64 394 116 446 [115]
131 365 268 436 πάντων
283 372 368 436 θεοῦ
386 378 560 456 κεχρίσθαι
578 368 875 457 μεμαρτυρημένον
892 370 961 446 πῶς
980 361 1025 437 άν
1046 366 1109 441 ἀλ·

133 477 197 549 λως
214 497 263 548 τις
280 464 477 556 ὀνομάσειεν
495 464 692 555 ἢΧριστόνς
711 474 828 556 ἔχομεν
839 474 1022 556 τοιγαροῦν
1036 467 1108 562 ἤδη

132 573 186 639 καὶ
211 569 266 639 διά
292 568 420 639 τούτων
439 567 501 639 δύο
520 573 579 639 τοῦ
599 571 843 656 θεσπιζομένου
861 582 1105 662 προσηγορίας,

131 677 276 761 Χριστοῦ
301 673 356 740 καὶ
381 668 570 758 ἀγαπητοῦ,
595 667 669 750 ἑνός
694 673 830 739 καὶτοῦ
856 667 960 740 αὐτοῦ
979 682 1129 763 κεκλη-ε

102 804 114 843 ι
129 777 234 862 μένου
251 776 312 842 τοῦ
328 775 385 859 τῆς
404 778 544 859 χρίσεως
556 777 680 841 αίτίου·
711 769 763 840 διὸ
782 773 910 858 λέγεται
921 785 1106 863 κεχρῖσθαι

130 875 147 941 ὁ
168 872 371 962 δηλούμενος
389 879 435 963 τῷ
453 878 511 960 τῆς
528 868 753 960 ἀγαλλιάσεως
773 875 881 964 ἐλαίῳ.
908 870 970 959 τὴν
988 881 1106 947 αίτίαν

132 973 337 1059 ἐκδιδάσκει,
357 970 427 1059 ἥτις
445 969 672 1063 ἀναδραμόντι
691 995 743 1042 σοι
760 974 890 1063 μικρὸν,
915 980 1046 1062 μᾶλλον
1064 978 1105 1047 δδ

130 1073 191 1161 τὴν
209 1077 320 1144 πᾶσαν
338 1073 491 1144 διάνοιαν
509 1079 567 1162 τῆς
590 1078 707 1157 λέξεως
729 1073 996 1162 ἐπιθεωρησαντι
1017 1076 1105 1168 δήλη

131 1183 230 1245 ἔσται.
276 1181 326 1245 57.
346 1178 430 1264 φησὶ
448 1184 565 1263 τοίνυν
583 1171 600 1245 ό
624 1174 759 1265 Ψαλμός
778 1171 869 1269 αύτῷ
888 1176 930 1263 δὴ
949 1183 994 1270 τῷ
1019 1206 1103 1268 προ·
1115 1212 1140 1255 ιι

130 1279 346 1370 φητευομένω
365 1283 497 1371 Χριστῷ
516 1280 571 1346 καλ
589 1275 748 1370 ἀγαπητῷ
766 1283 826 1346 τοῦ
841 1284 927 1347 θεοῦ
938 1300 1105 1373 προσφω-

128 1383 199 1447 νων
216 1377 256 1447 τά
272 1383 380 1472 μικρῷ
397 1377 549 1467 πρόσθεν
567 1380 792 1467 ἐκτεθειμένα,
812 1382 848 1447 ἐν
865 1375 914 1458 οἷς
934 1389 1046 1468 είρητο
1061 1378 1103 1453 “δ

128 1479 251 1567 θρόνος
269 1502 332 1550 σου
350 1483 367 1550 ὁ
386 1480 464 1562 θεὸς
484 1486 530 1561 είς
548 1477 607 1550 τόν
624 1483 730 1550 αίω”να
743 1482 804 1549 τοῦ
822 1487 954 1568 αίοὸνος,
973 1479 1104 1572 ῥάβδος

129 1578 311 1670 εὐθύτητος
329 1577 350 1668 ἡ
365 1579 489 1668 ῥάβδος
505 1586 562 1671 τῆς
576 1588 747 1670 βασιλείας
761 1602 831 1650 σου.
859 1577 1034 1670 ἠγάπησας
1052 1591 1103 1655 δι·

129 1681 312 1770 καιοσύνην
330 1685 385 1751 καὶ
402 1687 559 1770 ἐμίσησας
578 1681 727 1751 ἀδικίαν·
750 1680 804 1751 διά
816 1686 913 1751 τοῦτο
932 1688 1047 1773 έχρισέ
1063 1711 1104 1758 σε
1115 1718 1139 1761 ιι

128 1777 248 1863 όθεδς
270 1781 288 1852 ό
312 1782 391 1864 θεός
417 1805 479 1853 σου
509 1791 622 1852 ἐλαιον
651 1781 878 1871 ἀγαλλιάσεως
907 1782 997 1872 παρά
1021 1786 1103 1870 τοῦς

61 1916 116 1966 (181)
130 1882 288 1974 μετόχους
318 1881 408 1954 σου”
450 1889 501 1953 58.
537 1886 658 1967 σκέψαι
684 1892 862 1972 τοιγαροῦν
894 1891 925 1954 εί
952 1883 998 1974 μὴ
1027 1896 1103 1983 θεῷ

128 1990 232 2053 ταῦτα
255 2002 506 2074 προσεφωνεῖτο
529 1982 695 2071 ἄντικρυς.
740 1983 784 2054 σῦ
814 1984 893 2074 γάρ,
925 1988 1050 2078 φησὶν,
1081 1985 1101 2060 δ

128 2083 208 2164 θεός
232 2084 307 2154 ἀντὶ
330 2088 393 2154 τοῦ
416 2077 442 2155 ὦ
460 2087 536 2156 θεέ·
562 2081 602 2156 “ὁ
625 2085 749 2175 θρόνος
767 2109 829 2157 σου
849 2094 895 2168 είς
912 2085 971 2157 τόν
989 2095 1102 2161 αίιῦνα

128 2191 187 2254 τοῦ
206 2192 327 2267 αίῦνος
344 2181 505 2278 ὑπάρχει,
524 2191 580 2257 καὶ
598 2187 722 2277 ῥάβδος
738 2185 922 2276 εῦθύτητος
936 2183 956 2278 ἡ
970 2187 1101 2278 ῥάβδος
1113 2226 1139 2266 ιο

128 2293 186 2374 της
200 2295 369 2375 βασιλείας
384 2314 454 2359 σου.
481 2295 536 2359 καὶ
551 2292 624 2359 ἐπεὶ
637 2286 680 2360 σύ
690 2288 789 2371 αὐτὸς
802 2285 819 2358 ό
833 2287 913 2371 θεός
921 2285 1101 2380 ἠγάπησας

130 2388 349 2479 δικαιοσύνην
367 2394 422 2460 καὶ
442 2397 601 2481 ἐμίσησας
618 2388 766 2480 ἀδικίαν,
792 2390 847 2460 διά
871 2395 967 2461 τοῦτο
986 2398 1103 2482 έχρισέ

128 2511 165 2560 σε
183 2487 200 2562 ὁ
220 2490 334 2574 θεόςὸ
359 2491 439 2574 θεός
463 2517 542 2580 σου,
567 2494 622 2562 καὶ
641 2491 787 2582 Χριστόν
805 2514 844 2560 σε
861 2489 951 2582 παρά
969 2492 1106 2578 πάντας·

128 2590 383 2680 κατεστήσατο.”
404 2593 602 2681 λευκότερον
612 2594 648 2662 δὲ
662 2591 792 2664 τούτων
806 2589 826 2681 ἡ
842 2588 1098 2686 Ἐβραίωνπαρ-

129 2700 237 2781 ίστησι
255 2690 380 2782 γραφη,
399 2691 444 2778 ἣν
461 2692 542 2782 πρὸς
558 2690 733 2782 ἀκρίβειαν
752 2693 947 2783 ἑρμηνεύων
964 2693 1099 2768 όἈκῦ-
1111 2730 1137 2771 ιι

128 2802 186 2872 λας
206 2784 275 2861 ὧδέ
289 2820 359 2873 πως
374 2795 535 2875 ἐξέδωκεν
549 2793 653 2865 εἰπόν
666 2790 707 2865 “ὁ
722 2795 845 2886 θρόνος
860 2817 933 2885 σου,
952 2798 1029 2885 θεὲ,
1048 2807 1099 2882 είς

101 2898 234 2966 ιαίῦνα
252 2897 308 2963 καὶ
327 2901 373 2964 ἔτι
392 2899 563 2986 σκῆπτρον
582 2894 785 2986 εὐθύτητος,
810 2905 980 2988 σκῆπτρον
1000 2906 1094 2986 βασν

128 3002 218 3076 λείας
238 3018 308 3066 σου.
345 3003 395 3065 59.
422 2993 595 3085 ἠγάπησας
615 3003 747 3069 δίκαιον
764 3001 820 3068 καλ
840 3003 997 3088 ἐμίσησας
1019 2997 1096 3069 ἀσέ-

127 3104 232 3186 βημα·
270 3099 324 3166 ἐπὶ
349 3095 455 3190 τούτῳ
478 3095 597 3186 ἥλειψέ
617 3122 655 3170 σε
672 3101 732 3169 θεὲ
755 3095 873 3183 όθεός
897 3122 960 3171 σου
976 3106 1098 3172 ’ἔλαιον

126 3203 228 3286 χαρᾶς
251 3195 316 3267 ἀπό
342 3201 482 3288 ἑταίρων
505 3197 595 3270 σου”
632 3197 707 3271 ἀντὶ
730 3206 813 3290 γοῦν
836 3205 896 3271 τοῦ
914 3197 955 3272 “δ
973 3201 1055 3284 θεός
1077 3198 1137 3275 διο

126 3298 206 3378 θεός
225 3295 303 3368 σου”
323 3295 406 3385 αῦτη
425 3298 617 3390 ἡἘβραίκη
639 3305 724 3386 λέξις
738 3297 838 3389 δ’θεέ,
863 3298 880 3370 δ
899 3302 981 3385 θεός
1005 3300 1092 3374 σου”

125 3403 287 3489 περιέχει,
306 3406 363 3470 ἵνα
376 3391 400 3491 ,ἦ
411 3401 447 3471 τό
461 3398 540 3475 ὅλον
549 3397 765 3491 Ἥγάπησας,
780 3393 806 3472 ὦ
820 3405 895 3493 θεὲ,
910 3403 947 3473 τό
962 3410 1096 3477 δίκαιον
