2326 3818
284 153 467 205 DEMONST.
487 154 621 208 EVANG,
641 154 686 203 VI.
704 154 813 202 21-24.
966 152 1029 216 409

61 303 173 363 στειλα
197 291 320 382 αὐτῆν;
345 289 365 380 ῆ
388 300 455 362 τίνι
476 290 630 385 ύπόχρεφ
649 295 802 377 πίπρακα
819 290 923 380 ύμάς;
951 290 1027 361 ἰδού

60 410 131 476 ταῖς
163 389 337 482 ἁμαρτίαις
368 393 465 482 ὑμῶν
495 391 664 482 ἐπράθητε
691 395 747 462 καὶ
776 409 847 473 ταῖς
876 390 1027 496 ἀνομίαις

60 490 158 583 ύμιόν
185 497 395 576 ἐξαπίστειλα
417 493 479 582 τῆν
508 497 632 583 μητέρα
660 492 772 582 ύμοῐν,
799 492 884 563 διότι
906 495 1026 581 ῆλθον,

61 599 116 665 καὶ
134 593 196 665 οὐκ
220 587 262 683 ῆν
286 593 482 683 ἄνθρωπος,
510 593 665 684 ἐκάλεσα,
690 597 745 664 καὶ
764 593 827 664 ούκ
845 586 887 682 ῆν
904 590 922 662 ὁ
939 589 1028 662 ύπα-

35 695 183 767 εκούων.
215 696 260 786 μῆ
285 695 360 785 οὐχὶ
384 696 489 785 ἰσχύει
508 692 529 784 ῆ
553 705 624 785 χείρ
642 725 707 786 μου
724 700 785 766 τού
802 693 1028 785 ῥύσασθαι;ῆ

61 795 123 866 ούκ
146 797 251 887 ἰσχύω
278 804 337 868 τοῦ
362 796 573 883 ἐξελίσθαι;”
615 803 644 868 2.
672 794 732 867 εἶτ’
760 801 814 868 ἐπὶ
843 802 900 884 τῆς
926 796 1029 884 αὐτῆς

61 908 264 988 προφητείας
277 895 408 987 ύποβάς
418 896 505 988 ’θέγά
520 901 568 988 δὲ,
583 902 699 989 φησὶν,
718 897 780 968 ούκ
793 896 936 986 ἀπειθῶ,
949 895 1029 967 οὐδὲ
1135 978 1138 985 .

61 997 232 1089 ἀντιλέγω.
268 1000 305 1071 τὸ
322 999 431 1072 νῶτόν
449 1031 513 1089 μου
533 1008 642 1071 ἔδωκα
661 1008 708 1082 είς
721 999 897 1089 μάστιγας,
916 999 973 1081 τάς
993 1001 1029 1069 δὲ

60 1100 218 1190 σιαγόνας
241 1132 306 1190 μου
331 1109 377 1183 εἰς
401 1107 605 1190 ῥαπίσματα·
639 1100 676 1171 τὸ
701 1102 738 1170 δὲ
762 1100 942 1190 πρόσωπόν
965 1131 1030 1189 μου

23 1235 48 1273 ιο
62 1200 123 1272 οὐκ
141 1202 332 1289 ἀνέστρεψα
351 1199 415 1272 ἀπὸ
434 1201 593 1292 αἰσχύνης
613 1199 887 1292 ίμπτνσμάτσιν.”

138 1309 166 1373 3.
188 1300 297 1384 Αύτὸς
314 1299 332 1372 ὁ
351 1302 464 1392 κύριος
479 1302 534 1373 διά
547 1303 677 1374 τούτων
689 1300 752 1390 τῆν
762 1311 809 1384 είς
826 1300 1030 1390 ἀνθρώπους

62 1403 165 1474 αὑτοῦ
197 1412 388 1495 παρουσίαν
421 1410 536 1493 σαφῶς
566 1403 738 1493 ὁμολογεῖν
768 1403 943 1493 ἀπελέγχει
970 1404 1029 1474 τὸν
1043 1431 1098 1480 (τοι)

58 1503 229 1576 Ἰουδαίων
247 1504 345 1593 λαὸν,
364 1504 414 1575 ότι
432 1505 477 1596 μῆ
496 1505 639 1575 ἐλθόντα
662 1503 766 1577 αὐτόν
783 1509 1030 1593 καταδέξανται,
1141 1581 1152 1588 ,

61 1607 146 1696 μηδὲ
163 1610 321 1676 καλοῦντι
338 1605 594 1678 ὑπακούσονται.
627 1609 682 1676 καὶ
696 1604 796 1677 τοῦθ’
817 1603 928 1695 ὥσπερ
947 1603 1032 1676 ἀπο-

23 1736 48 1775 ιι
62 1706 262 1797 λογούμενος
280 1719 387 1779 αίτιον
403 1715 461 1797 τῆς
475 1704 588 1779 αύτοὶν
603 1712 740 1778 ἐκείνων
752 1705 919 1796 ἀποβολῆς
937 1736 1031 1797 γεγο-

62 1813 156 1880 νέναι
182 1807 347 1879 ὃιὸἀσκει·
377 1805 473 1880 “ml
496 1808 560 1899 γάρ
582 1802 711 1898 ῆλθον”
739 1813 844 1899 φησὶν
864 1808 943 1880 “καὶ
970 1808 1032 1880 οὐκ

61 1901 105 2000 ῆν
123 1915 159 1982 ἐν
183 1910 267 1999 ύμῖν
291 1909 491 2000 ἅνθρωπος,
520 1909 659 1982 ἐκάλεσά
677 1940 713 1980 τε
735 1915 792 1980 καὶ
816 1909 928 1992 οὐδεὶς
953 1902 1030 1998 ῆνό

61 2009 279 2101 ὑπακούων,”
304 2011 359 2082 διά
383 2017 496 2100 τούτο,
520 2016 620 2101 φησὶ,
644 2031 716 2094 ταῖς
738 2008 912 2102 ἀμαρτίαις
935 2011 1032 2101 ὑμῶν

64 2111 242 2200 ἐπράθητε,
261 2111 319 2183 ἀτε
338 2111 434 2183 αὐτοὶ
451 2111 510 2202 ἀφ’
534 2117 664 2183 ἑαυτῶν
678 2110 860 2185 ἀποστάται
873 2119 932 2201 τῆς
952 2117 1031 2202 ἐμῆς

25 2243 50 2281 ιο
65 2210 211 2300 κλήσεως
236 2212 473 2302 καταστάντες,
503 2211 578 2283 ἀλλ’
603 2213 666 2283 οὐκ
690 2218 770 2303 ἐμοῦ
795 2222 927 2302 βιβλίον
950 2210 1032 2302 ύμῖν

64 2311 268 2383 ἀποστασίου
288 2314 480 2394 δεδωκότος.
516 2320 546 2384 4.
567 2318 683 2403 σαφεῖς
702 2316 860 2384 δὲταῦτα
874 2315 955 2403 πρὸς
973 2313 1031 2385 τόν

65 2417 101 2483 ἐκ
119 2419 297 2503 περιτομῆς
321 2414 403 2484 λαὸν
431 2413 655 2502 ἀποτείνεται,
680 2410 763 2502 ὁμοῦ
787 2417 825 2485 δὲ
843 2413 882 2483 τά
900 2418 976 2500 περὶ
995 2414 1060 2483 τόν

63 2513 173 2597 πόθος
195 2520 420 2605 τετολμημένα
443 2514 556 2597 αὐτοῖς
580 2521 677 2604 δηλοῖ
699 2519 806 2604 λέγων
825 2511 907 2586 “τὸν
923 2514 1032 2584 νῶτόν

63 2645 128 2706 μου
148 2620 279 2688 δέδωκα
304 2625 351 2698 είς
374 2615 550 2708 μάστιγας,
575 2615 633 2698 τάς
659 2617 696 2686 δὲ
720 2615 877 2706 σιαγόνας
900 2646 966 2705 μου
985 2624 1031 2698 είς

25 2749 50 2789 ει
65 2717 275 2807 ῥαπίσματα”
296 2722 351 2789 καὶ
369 2716 408 2789 τά
426 2718 555 2801 τούτοις
575 2722 657 2807 ἑξῆς.
695 2722 866 2789 καὶταῦτα
886 2721 939 2788 ἐπὶ
958 2741 1031 2808 σχο-

64 2826 123 2905 λῆς
140 2823 197 2908 τῆς
216 2818 447 2908 προσηκούσης
465 2820 613 2904 τεύξεται
631 2825 815 2912 ἑρμηνείας.

402 3085 483 3159 'And
502 3093 561 3159 τοῦ
580 3084 692 3160 αὐτοῦ.

136 3237 238 3297 xxiv.
253 3217 270 3247 “
282 3221 368 3294 Τάδε
387 3227 475 3312 λέγει
487 3220 612 3311 κύριος,
631 3220 678 3292 δι’
696 3219 783 3314 ύμᾶς
795 3223 832 3294 τό
845 3221 950 3313 ὅνομά
968 3253 1033 3313 μου

133 3458 165 3506 τε
184 3456 231 3506 Es.
245 3459 286 3519 τε,
300 3459 324 3506 ε.
