2326 3818
128 119 192 182 246
528 120 679 173 EUSEBII

125 289 185 330 τον
202 258 262 330 τὸν
274 257 340 329 ύπό
354 266 414 330 τοῦ
429 258 552 350 πατρός
569 258 771 350 ῆλειμμένον
788 258 964 349 ἀναφωνεϊ
979 288 1017 330 το
1031 263 1106 351 φά-

99 385 209 431 οσκον
227 351 293 432 ῶδε
312 361 425 451 λόγιον
439 357 478 432 “ὁ
497 360 621 452 θρόνος
640 385 703 432 σον
720 360 739 432 ὁ
757 360 836 443 θεὸς
850 368 897 443 εἰς
911 361 971 432 τὸν
988 368 1105 437 αίῶνα

125 468 186 533 τοῦ
204 468 340 545 αίῶνος·
375 464 500 555 ῥάβδος
524 462 708 551 εὐθύτητος
735 458 755 551 ῆ
780 460 905 552 βάβδος
922 466 981 550 τῆς
998 472 1105 552 βασι-

126 571 216 646 λείας
234 587 305 636 σου.
336 563 510 653 ῆγάπησας
529 563 747 653 δικαιοσύνην
771 566 826 635 καὶ
846 568 1003 654 ἐμίσησας
1021 563 1082 637 ἀδι

125 673 219 737 κίαν·
249 665 304 736 διά
321 670 418 735 τοῦτο
443 668 555 753 ἔχρισέ
575 688 613 735 σε
629 663 647 734 ὁ
666 663 746 748 θεὸς
763 661 781 736 ὁ
799 664 880 746 θεός
903 688 965 735 σου
984 674 1129 740 ἕλαιονο

125 766 353 856 ἀγαλλιάσεως
371 763 461 855 παρά
477 766 555 847 τοῦς
572 764 730 855 μετόχους
748 764 846 837 σον.”

208 874 256 937 16.
283 864 381 937 ’Λλλά
398 866 461 956 γάρ
480 875 539 955 μία
556 869 619 956 μὲν
636 866 657 956 ὴ
675 872 736 937 τοῦ
754 871 867 938 ἐλαίου
880 866 1000 957 φύσις,
1018 864 1041 958 ὴ
1062 872 1102 942 δὲ

125 974 185 1038 τοῦ
209 965 318 1057 μύρου
342 974 479 1039 πολλῶν
502 972 558 1058 Ἰἐπὶ
580 965 617 1038 τό
646 967 727 1039 αῦτό
752 968 899 1040 σύνοδον
929 979 1100 1058 σημαίνει.

125 1067 230 1160 ταύτῃ
254 1097 304 1138 τοι
327 1064 421 1158 καλὴ
447 1069 561 1159 πρῶτη
579 1074 635 1140 καὶ
653 1070 833 1160 ἀγέννητος
850 1075 909 1141 τοῦ
927 1079 1103 1160 παμβασι-

125 1173 209 1251 λέως
231 1176 316 1240 θεοῦ
343 1172 485 1260 δύναμις
511 1170 589 1243 καθ’
612 1169 630 1241 ῦ
654 1183 716 1260 μὲν
734 1171 824 1260 ἀπλῆ
842 1202 891 1254 τις
916 1174 971 1242 καὶ
990 1169 1101 1245 ἀσῦν-
1114 1202 1140 1243 ιο

124 1283 223 1354 θετος
253 1276 308 1342 καὶ
339 1270 440 1362 ἀλλης
470 1271 576 1362 πάσης
605 1270 721 1354 οὐσίας
752 1271 872 1362 ἀμιγὴς
904 1276 1101 1365 ἐπινοεῖται,

124 1371 219 1467 ἁπλῷ
232 1381 278 1467 τῷ
291 1378 353 1445 τοῦ
367 1377 480 1444 ἐλαίου
495 1372 703 1464 προσρήματι
721 1378 986 1463 παραβέβληται,
1010 1375 1099 1446 καθ’

124 1471 198 1544 ῦδέ
216 1484 383 1546 πλείστων
401 1480 558 1546 ἐπινοιῶν
583 1479 620 1545 ἐν
642 1483 751 1569 ταυτῷ
775 1474 994 1564 περιληπτικὴ
1016 1506 1099 1566 τνγ-

124 1574 233 1664 χάνει,
259 1573 332 1646 οἷον
356 1584 528 1664 ποιητικῆς
552 1572 572 1665 ὴ
595 1584 787 1664 βασιλικῆς,
812 1576 1033 1666 προνοητικόν
1058 1608 1099 1651 τε

60 1679 179 1757 (aquai
206 1677 364 1766 κριτικὸν,
390 1675 635 1766 φιλάνθρωπόν
650 1706 687 1747 τε
705 1680 758 1747 καὶ
779 1677 954 1766 σωτῆριον,
980 1675 1098 1751 ἀλλων
1115 1711 1142 1753 ιο

115 1806 160 1872 ,τε
178 1776 267 1853 ὅσων
279 1787 410 1869 μυρίων
423 1782 554 1870 ἐπινοίᾳ
568 1784 827 1868 θεωρουμένων,
847 1780 980 1860 είκότως
996 1779 1097 1874 μύρῳ

123 1877 228 1949 πάλιν
253 1880 274 1967 ὴ
298 1885 366 1949 τῶν
391 1883 524 1949 πολλῶν
547 1882 602 1948 καὶ
627 1875 768 1967 ἀγαθῶν
787 1879 1006 1972 περιληπτικὴ
1032 1881 1098 1952 δύ-

122 2009 222 2068 ναμις
240 1977 454 2069 ἀπείκασται,
474 1971 502 2073 ᾦ
518 1987 703 2071 κεχρῆσθαι
715 1978 775 2052 τόν
790 1978 903 2071 ἀληθῆ
916 1985 971 2050 καὶ
988 1980 1097 2071 μόνον

122 2079 278 2171 ἀρχιερέα
297 2084 355 2150 τοῦ
368 2086 452 2152 θεοῦ
470 2094 559 2153 θελοι
578 2082 670 2172 λόγοι
683 2082 892 2154 παιδεύουσι.
925 2090 972 2152 17.
1001 2089 1097 2173 πρῶ-

123 2179 178 2262 τός
203 2184 243 2269 γέ
262 2211 313 2252 τοι
338 2179 437 2266 αύτὸς
461 2179 478 2253 ὁ
502 2188 630 2272 Μωσῆς
655 2188 692 2255 έν
720 2182 919 2273 ἀπορρῆτοις
947 2181 987 2253 τά
1011 2197 1096 2256 θεία
1109 2216 1138 2256 νο

125 2287 324 2354 ἐποπτεῦσαι
341 2284 538 2375 ἠξιωμένος,
563 2288 619 2355 καὶ
636 2285 695 2367 τάς
713 2289 790 2374 περὶ
808 2289 869 2356 τοῦ
885 2283 1019 2375 πρῶτον
1037 2290 1097 2357 κοιλ

123 2385 228 2473 μόνον
247 2385 447 2478 ὴλειμμένον
465 2391 521 2457 καὶ
539 2384 716 2477 ἀρχιερέως
728 2390 789 2456 τοῦ
803 2390 888 2457 θεοῦ
905 2381 1037 2467 τελετάς
1055 2392 1097 2458 έν

122 2504 194 2570 ταῖς
224 2486 329 2559 αῦτοῦ
357 2497 575 2577 θεοφανείαις
603 2487 686 2575 πρὸς
716 2486 820 2558 αῦτοῦ
847 2490 1096 2578 τετελεσμένος,

97 2615 111 2655 b
126 2588 258 2670 εἰκόνας
277 2587 512 2676 προστάττεται
531 2591 585 2658 ἐπὶ
602 2594 663 2678 γῆς
681 2591 736 2658 καὶ
755 2588 908 2677 σύμβολα
928 2588 1097 2677 καταστή-

123 2702 249 2758 σασθαι
277 2694 345 2759 τῶν
371 2694 407 2759 ἐν
432 2705 502 2770 ταῖς
527 2694 699 2770 θεοπτίαις
722 2691 952 2780 νενοημένων,
979 2688 1023 2772 ῶς
1048 2685 1094 2762 ἀν
1107 2718 1134 2760 το

124 2795 231 2877 ἔχοιεν
253 2798 501 2879 προεμμελετάν
524 2808 592 2872 τοῖς
616 2789 796 2881 συμβόλοις
818 2797 854 2861 οί
867 2788 969 2862 τῶνδ’
996 2787 1094 2880 ῆξιω-

123 2893 216 2977 μένοι
239 2895 334 2979 μέχρι
357 2897 415 2980 τῆς
439 2896 507 2962 τῶν
531 2890 670 2981 ἀληθῶν
696 2896 881 2975 ἐποπτείας.
922 2896 971 2962 18.
1000 2889 1093 2984 αύτῷ

124 2994 207 3078 δῆτα
225 2990 469 3083 ἀφορισάμενος
491 2995 573 3074 τέως
595 2992 654 3063 τόν
678 2997 710 3077 ἐξ
734 2992 928 3083 ἀνθρώπων
953 2994 1007 3063 έπὶ
1030 2996 1109 3081 γῆς,

122 3097 169 3184 τῷ
186 3099 257 3188 θεῷ
276 3092 509 3183 ίερατεῦεσθαι
528 3086 726 3183 ἐπιτήδειον
738 3092 847 3185 ἄνδρα
870 3096 998 3184 πρῶτος
1016 3098 1094 3165 τοῦ·

58 3231 112 3288 1¹11]
122 3223 181 3264 τον
199 3198 344 3284 Χριστὸν
362 3192 575 3285 ἐπωνόμασε,
600 3193 674 3266 κατ’
692 3195 869 3288 ἀναφοράν
886 3203 944 3286 τῆς
967 3200 1005 3266 ἐν
1021 3212 1093 3278 τοῖς
1105 3204 1134 3264 ’το

265 3464 270 3475 .
320 3427 364 3489 ,ο
