2326 3818
171 110 212 174 72
574 109 722 161 υυευου

172 257 297 320 ἔθνεσι.
352 253 408 319 καὶ
434 252 470 320 έν
499 250 599 319 παντὶ
624 246 714 342 τόπφ
743 255 899 338 θυμίαμα
933 246 1139 340 προσάγεται

171 354 217 445 τῶ
235 347 274 420 ῦν
285 349 376 439 ’ματί
390 380 455 440 μου
474 354 529 420 καὶ
546 358 652 421 θυσία
670 346 833 439 καθαρά.”

249 454 304 523 36.
335 452 469 542 Θῦομεν
484 457 566 540 δήτα
583 455 763 541 τοιγαροῦν
779 457 825 545 τῷ
845 454 899 523 ἐπὶ
911 449 1048 524 πάντων
1065 458 1140 549 θεῶ

171 562 299 625 θυσίαν
323 556 497 636 αἰνέσεως·
516 553 648 643 θῦομεν
665 553 702 623 τὸ
721 560 842 624 ἔνθεον
862 556 918 624 καὶ
938 551 1061 644 σεμνδν
1081 559 1141 627 καὶ

146 658 368 747 οίεροπρεπδς
385 660 495 744 θῦμα
521 655 652 745 θύομεν
676 659 799 736 καινῶς
824 653 907 724 κατά
931 654 991 744 τήν
1016 656 1141 747 καινὴν

173 757 342 848 διαθήκην
362 758 425 845 τήν
448 754 603 845 καθαράν
628 767 765 827 θυσίαν.
808 763 915 826 θυσία
942 757 980 826 δέ
1002 761 1048 851 τῷ
1067 764 1142 852 θεῷ

172 863 305 948 πνεῦμα
336 860 617 948 συντετριμμένον
662 869 799 946 εἴρηται.
843 852 862 879 “
872 865 1016 945 καρδίαν
1053 863 1142 947 γοῦν

172 963 455 1048 συντετριμμένην
469 962 525 1029 καὶ
542 961 831 1049 τεταπεινωμένην
843 955 860 1029 ὁ
877 959 957 1040 θεὸς
969 957 1032 1030 οῦκ
1044 964 1143 1043 ἐξου-

175 1056 343 1131 δενῶσει.”
364 1067 413 1131 37.
424 1064 478 1130 καὶ
492 1061 534 1150 δή
547 1065 602 1131 καὶ
614 1066 792 1151 θυμιῶμεν
803 1058 840 1130 τῦ
855 1059 1062 1150 προφητικὸν
1074 1074 1141 1133 θυ-

173 1170 289 1252 μίαμα,
310 1165 346 1232 ἐν
364 1167 463 1233 παντὶ
482 1161 571 1256 τόπῳ
590 1170 864 1252 προσκομίζοντες
888 1159 979 1256 αῦτῶ
1002 1159 1059 1233 τὸν
1084 1161 1139 1234 εῦ-

174 1261 244 1353 ῶδη
263 1264 393 1354 καρπὸν
410 1268 468 1354 τής
486 1268 675 1354 παναρέτου
691 1272 880 1352 θεολογίας,
900 1261 954 1334 διά
972 1268 1040 1334 τῶν
1057 1263 1143 1354 πρὸς

173 1362 276 1436 αῦτῦν
295 1365 405 1458 εῦχῶν
422 1366 657 1457 ἀναφέροντες.
700 1363 797 1436 τοῦτό
814 1396 865 1436 τοι
883 1367 939 1435 καὶ
963 1363 1062 1447 ἀλλος
1088 1373 1143 1437 δι-

174 1467 290 1539 δάσκει
309 1467 499 1558 προφήτης,
518 1464 535 1538 ὁ
554 1466 681 1558 φήσας,
701 1463 720 1491 “
730 1465 907 1556 γενηθήτω
928 1462 948 1556 ή
971 1468 1143 1560 προσευχή

172 1599 237 1659 μου
265 1569 309 1652 ὡς
344 1578 499 1659 θυμίαμα
535 1567 679 1640 ἐνῶπιόυ
714 1565 804 1639 σου.”
856 1574 907 1639 38.
934 1567 1059 1639 οῦκοῦν
1084 1574 1144 1642 καί

148 1671 304 1760 ,θύομεν
334 1674 390 1739 καὶ
421 1675 614 1759 θυμιῶμεν·
650 1670 724 1740 τοτὲ
752 1670 814 1760 μὲν
836 1668 899 1758 τήν
921 1669 1056 1760 μνήμην
1079 1677 1142 1744 τοῦ

120 1799 160 1852 μή
177 1770 323 1861 μεγάλου
341 1769 491 1861 θῦματος
509 1769 592 1841 κατά
610 1771 649 1840 τά
676 1769 757 1860 πρῦς
781 1769 884 1842 αὐτοῦ
903 1776 1144 1861 παραδοθέντα

174 1871 342 1963 μυστήρια
357 1878 598 1960 ἐπιτελοῦντες,
616 1874 671 1942 καὶ
686 1871 748 1963 τήν
759 1871 844 1961 ῦπδρ
863 1881 1028 1965 σωτηρίας
1045 1871 1145 1964 ἡμῶν

176 1983 391 2063 ευχαριστίαν
424 1970 471 2043 δι’
497 1970 648 2063 εῦσεβῶν
672 1973 790 2065 ῦμνων
817 2005 852 2046 τε
881 1978 937 2045 καὶ
962 1973 1072 2064 εὐχῶν
1095 1980 1145 2072 τῷ

174 2082 245 2167 θεῷ
264 2082 556 2164 προσκομίζοντες,
575 2077 646 2146 τοτδ
672 2078 708 2147 δὲ
734 2080 821 2166 σφάς
845 2073 966 2158 αῦτοῦς
989 2076 1057 2171 ῦλφ
1080 2106 1144 2149 κα-

175 2182 370 2265 θιεροῦντες
394 2175 503 2271 αὐτῷ,
530 2180 584 2247 καὶ
612 2182 658 2270 τῶ
682 2206 719 2267 γε
743 2177 893 2268 ἀρχιερεῖ
909 2176 1014 2248 αῦτοῦ
1038 2178 1163 2275 λόγῳ,

175 2276 267 2372 αὐτῷ
284 2276 411 2369 σῶματι
435 2281 491 2348 καὶ
515 2283 606 2370 ψυχῇ
624 2275 846 2370 ἀνακείμενοι.
884 2285 935 2349 39.
963 2278 1015 2348 διῦ
1033 2279 1143 2370 πάσης

174 2382 237 2470 μὲν
255 2389 492 2472 αἰσχρουργίας
518 2380 554 2451 τῦ
582 2386 678 2472 σῶμα
702 2379 869 2472 ἀχραντου
898 2383 955 2451 καὶ
979 2376 1144 2470 ἀμίαντον

175 2482 266 2577 αὐτῶ
288 2483 470 2573 φυλάττειν
495 2479 682 2572 ἀσκοῦμεν,
707 2481 831 2564 παντὸς
858 2484 896 2553 δὲ
925 2479 1058 2565 πάθους
1086 2487 1143 2555 καὶ

175 2591 314 2671 κηλῖδος·
329 2581 459 2672 ἀπάσης
485 2588 543 2672 τής
570 2582 634 2654 ἀπδ
658 2592 775 2665 κακίας
799 2586 1057 2673 κεκαθαρμένην
1080 2585 1144 2674 τήν

176 2683 328 2755 διάνοιαν
346 2682 437 2777 αὐτῷ
454 2691 727 2774 προσκομίζομεν,
742 2694 912 2773 λογισμοῖς
925 2684 1144 2757 τεάδιαπτῶ-
1161 2728 1163 2734 v

174 2815 243 2865 τοις
274 2789 330 2854 καὶ
356 2782 513 2878 ἀπλάστῳ
543 2788 711 2873 διαθέσει,
742 2785 888 2874 δόγμασί
912 2816 949 2857 τε
979 2784 1143 2876 ἀληθείας

177 2882 384 2975 εῦσεβοῦμεν
409 2884 521 2957 αὐτόν.
564 2883 687 2976 ἀρεστά
717 2887 781 2978 γάρ
799 2886 893 2980 αῦτχῦ
913 2892 1018 2959 ταῦτα
1054 2889 1143 2961 εἶναι

175 2992 302 3076 μᾶλλον
320 2984 340 3077 ή
358 2992 493 3060 θυσιῶν
510 2992 639 3079 πλῆθος
657 2994 769 3078 αἵματι
787 2992 844 3060 καὶ
857 2994 976 3084 καπνῷ
993 2993 1049 3060 καλ
1067 3002 1144 3063 κνί-

176 3112 249 3172 σαις
269 3093 533 3180 ἐπιτελουμένων
551 3088 816 3181 πεπαιδεύμεθα.

244 3326 317 3379 7Ps.
335 3329 377 3391 50,
398 3328 438 3375 17.
543 3329 574 3376 13
592 3326 639 3376 Ps.
660 3327 717 3383 140,
737 3326 761 3373 2.

557 3429 614 3437 ...υ
620 3429 759 3436 .---—--
