2326 3818
107 122 186 203 Ι378
533 121 682 173 Ευευειι

122 259 184 350 τῆρ
205 260 242 330 δέ
260 262 315 330 καὶ
333 257 447 345 κύριος
464 254 560 348 ῆμῶν
577 255 676 340 αὐτὸς
694 250 788 341 οῦτος
805 257 823 330 ὁ
841 264 901 330 τοῦ
923 263 1012 330 θεοῦ
1034 259 1096 330 λό-

124 391 181 450 γος
194 356 256 431 “gv
273 364 362 454 μέσφ
380 359 441 431 δῦο
460 368 552 445 ζωῶν
570 358 764 451 ἐγνῶσθη”’
785 364 1020 447 πληθυντικῶς
1040 365 1094 432 ἐν·

58 491 110 546 μω]
124 468 235 533 ταῦθα
251 465 308 532 καί
326 463 584 550 περισπωμένως
607 467 676 532 τῶν
700 465 791 545 ζωῶν
814 457 880 530 ἀπό
898 465 1013 532 ἑνικοῦ
1030 469 1093 534 τοῦ

95 605 107 634 e
124 568 181 651 τῆς
199 567 281 653 ζωῆς
298 559 460 653 ὀνόματος
478 566 736 651 ἐξακουομένων.
781 568 811 631 4.
839 559 879 632 οῦ
903 562 966 650 γὰρ
985 590 1094 653 παρο-

124 664 268 748 ξυτόνως
286 669 354 735 τῶν
372 662 465 748 ζῶων
482 660 547 733 ἀπὸ
565 661 822 752 οὐδετέρουτοῦ
846 661 930 747 ζῶον
949 667 1117 755 λέγεται,ι

123 763 207 837 ἀλλά
225 769 317 850 ζωῶν
335 767 594 852 περισπωμένως
611 763 676 834 ἀπὸ
700 768 931 854 πληθυντικῆς
956 762 1094 851 εὐθείας

123 872 180 956 τῆς
199 873 237 937 αί
252 871 340 949 ζωαί.
378 863 439 934 δύο
457 855 531 953 οῦν,
550 868 644 954 φησὶ,
664 870 756 949 ζωῶν
773 869 876 955 μέσον
894 865 1091 956 γνωσθῆση.

101 1056 105 1062 ¹
124 972 200 1057 μιᾶς
216 967 281 1055 γὰρ
298 963 400 1053 οῦσης
417 969 475 1053 τῆς
493 964 576 1035 κατὰ
592 962 676 1036 θεόν
694 971 788 1054 ζωῆς,
803 969 858 1036 καί
872 970 1017 1053 θατέροις
1034 971 1093 1057 τῆς

127 1067 209 1138 κατά
227 1065 429 1155 ἄνθρωπον,
457 1069 588 1155 καὶτῆς
606 1063 667 1154 μέν
684 1073 823 1156 θνητῆς,
841 1074 900 1156 τῆς
914 1070 952 1138 δὲ
965 1067 1091 1156 ἀϊδίου,

54 1188 57 1192 ’
123 1167 322 1256 ἀμφοτέρων
346 1166 480 1249 εἰκότως
503 1163 521 1237 ό
545 1168 659 1257 κύριος
683 1166 738 1238 διά
765 1175 882 1256 πείρας
912 1168 1023 1240 ἐλθῶυ
1055 1174 1131 1240 ἐνιο

123 1273 213 1361 μέσςο
232 1267 293 1338 δύο
312 1273 406 1353 ζωῶν
422 1273 619 1357 γνωσθῆναι
637 1273 766 1357 λέγεται
790 1268 872 1339 κατὰ
894 1268 956 1358 τῆν
979 1276 1048 1340 τῶν
1065 1271 1093 1340 ο’

126 1373 321 1460 ἑρμηνείαν·
349 1369 433 1440 κατὰ
450 1367 514 1457 γάρ
539 1366 598 1439 τόν
611 1368 755 1441 Ἀκύλαν
777 1367 839 1460 οὐχ
864 1368 987 1458 οὕτως,
1012 1369 1087 1442 ἀλλ’

118 1469 179 1542 “gv
196 1477 242 1564 τῷ
261 1477 403 1560 ἐγγίζειν
419 1470 460 1541 τά
478 1479 534 1560 ἐτη
554 1469 686 1554 ζῶωσον
710 1469 813 1541 αῦτό”
835 1484 972 1560 είρηται.
1009 1477 1040 1542 5.
1059 1480 1095 1542 τί

94 1575 163 1643 aaz
185 1569 267 1642 αῦτό
292 1569 313 1659 ῆ
337 1572 374 1642 τὸ
398 1571 561 1661 κάτεργόν
584 1596 646 1642 σου
663 1579 751 1662 φησί
754 1607 763 1658 ;
790 1574 846 1642 καὶ
864 1571 882 1641 ὁ
901 1579 1091 1644 Θεοδοτίων

126 1677 166 1744 δέ
180 1696 285 1762 φησιν
297 1669 314 1698 “
321 1678 358 1744 ἐν
374 1676 464 1766 μέσφ
484 1678 567 1743 ε’τῶν
584 1672 718 1757 ζῶωσον
735 1671 871 1761 αὐτόν,”
892 1673 979 1744 καὶὸ
994 1673 1130 1763 Edu-1⁵

123 1802 225 1863 μαχος
238 1773 353 1854 “ἐντὸς
371 1779 439 1844 τῶν
458 1780 621 1845 ἐνιαυτῶν
638 1772 836 1859 ἀναζῶωσον
854 1771 979 1846 αῦτόν”
1000 1779 1089 1845 ἐκδέ-

125 1882 220 1946 δωκε.
267 1873 388 1955 πάντες
406 1865 469 1946 οῦν
487 1872 643 1959 “ζω’ωσον
661 1872 788 1945 αὐτόν’
808 1874 959 1959 εἰπόντες
975 1879 1089 1964 σαφῶς

123 1973 173 2046 ότι
190 1975 235 2065 μῆ
254 1978 331 2064 περὶ
349 1973 421 2044 οἷον
439 1973 570 2063 ἀλόγων
587 1979 690 2045 τινῶν
703 1972 724 2065 ῆ
738 1982 882 2065 λογικῶν
895 1977 988 2071 ζςόων
1000 1971 1018 2046 ὁ
1032 1973 1089 2045 λό-

123 2105 180 2164 γος
198 2075 355 2164 τυγχάνει
373 2078 593 2165 παρέστησαν.
629 2083 659 2147 6.
689 2076 740 2147 διό
758 2076 848 2166 παρά
867 2095 936 2160 τοῖς
953 2078 980 2148 ο’
999 2088 1090 2166 λεγο-

123 2179 227 2264 μένου
244 2183 305 2246 τοῦ
321 2175 384 2247 “gv
401 2178 490 2270 μέσφ
515 2177 576 2247 δῦο
600 2183 693 2263 ζωῶν
709 2176 916 2270 γνωσθῆση”
943 2178 983 2250 οῦ
1007 2178 1090 2250 κατὰ
1104 2211 1130 2251 εο

123 2277 200 2358 τοῦς
219 2275 283 2366 πρό
299 2275 396 2366 ῆμῶν
414 2277 644 2368 ἐξειλῆφαμεν,
663 2275 747 2348 ἀλλά
766 2278 827 2350 δύο
841 2280 924 2364 ζωάς
937 2284 998 2351 τοῦ
1011 2307 1091 2369 προ·

124 2382 353 2469 φητευομένου
372 2385 560 2469 δηλοῦσθαι
586 2388 732 2470 ἔφαμεν,
759 2388 841 2468 μίαν
863 2382 926 2470 μέν
948 2381 1012 2471 τῆν
1036 2390 1092 2453 έν-

123 2494 223 2571 θεον,
254 2485 402 2567 θατέραν
427 2483 464 2552 δέ
488 2482 550 2568 τῆν
574 2480 805 2570 ἀνθρωπίνην.
857 2489 885 2552 7.
918 2482 1047 2564 τούτοις
1073 2481 1091 2552 ὁ

123 2583 295 2670 προφήτης
325 2585 468 2669 ἐπιλέγει
494 2580 556 2651 “ἐν
579 2589 625 2675 τῶ
649 2587 858 2673 ταραχθῆναι
887 2581 950 2670 τῆν
978 2581 1092 2672 ψυχήν

123 2712 187 2770 μου
214 2688 250 2752 ἐν
274 2681 357 2771 ὀργῆ
384 2684 495 2762 ἐλέους
520 2680 742 2774 μνησθῆση,”
770 2683 940 2755 διδάσκων
963 2680 1013 2752 ότι
1030 2683 1130 2756 τόνεσ

122 2790 182 2851 τοῦ
201 2780 332 2860 πάθους
349 2789 409 2851 τοῦ
427 2789 725 2872 προφητευομένου
743 2784 861 2874 καιρὸν
877 2781 1027 2856 συνιδῶν
1044 2787 1092 2877 τῷ

56 2908 108 2958 μου)
125 2880 289 2970 πνεύματι
312 2881 529 2971 τεθορύβητο.
574 2886 662 2972 πλὴν
685 2882 760 2955 ἀλλ’
787 2891 824 2956 ἐν
853 2885 943 2979 αὐτῷ
972 2883 1091 2978 τοῦτφ,

124 2984 225 3072 ναοὶ,
249 2989 295 3074 τό
314 2991 419 3077 νυοῦ
439 2980 495 3074 ἕν’
516 2975 622 3078 &viv
640 2984 752 3075 νυκίν
771 2985 971 3077 ἐταράχθην,
988 2983 1089 3074 dorric

123 3102 191 3167 τοῖς
214 3082 407 3173 ἀνθρώποις
434 3081 648 3158 οῦδεπῶποτε
676 3085 793 3158 ἀλλοτε
824 3092 1090 3177 έπαιωρηθείσης

125 3185 180 3254 διὰ
203 3185 260 3267 τίις
283 3193 505 3275 τολμηθείσας
529 3185 612 3257 κατὰ
636 3192 698 3260 τοῦ
725 3196 846 3275 κυρίου
877 3194 1089 3276 δυσσεβείας,
1103 3219 1130 3261 οο

125 3289 236 3368 ἐλέους
254 3283 389 3368 αὐτόςὸ
409 3288 727 3376 φιλανθρωπότατος
750 3287 865 3378 κῦριος
890 3287 966 3360 ἀντὶ
987 3287 1090 3378 ἀργῆς

125 3386 287 3476 ἐμνήσθη,
307 3385 350 3469 ῶς
368 3383 410 3457 ἀν
424 3387 556 3476 ἀγαθοῦ
570 3388 744 3480 τυγγάνων
758 3392 881 3479 πατρὸς
894 3389 977 3473 υίός.
1004 3397 1035 3461 8.
1053 3389 1091 3461 τό
