2326 3818
134 156 198 219 406
552 157 703 208 Εοεοοιι

135 299 257 385 μένους
282 291 322 364 ού
348 293 452 384 μόνον
478 294 555 376 τούς
574 292 710 366 πάντων
727 293 922 385 ἀνθρώπων
942 300 1107 367 δεισιδαι-

68 426 120 477 [ιεη
136 393 357 486 μονεστάτους
373 405 592 486 Αἰγυπτίους,
610 393 695 466 ἀλλά
708 398 764 466 καί
776 395 855 476 τούς
868 395 1004 477 λοιπούς
1022 396 1107 468 πάν-

135 528 193 580 τας
223 495 425 585 ἀνθρώπους
456 499 562 587 μηδὲν
593 495 763 568 δύνασθαι
786 503 911 586 τολμῶν
941 498 1024 567 κατὰ
1047 505 1107 587 τη”ς

66 605 196 679 (ωοιτού
220 606 366 689 σωτῆρος
389 599 484 688 ἡμῶν
511 605 686 686 ἐκκλησίας
711 607 910 689 δυσφημεῖν.
952 605 1003 669 22.
1024 601 1107 690 μετὰ

135 707 238 772 ταῦτα
262 699 507 790 προφητεύεται
529 699 658 780 τούτοις
682 704 755 788 ἑξῆς
775 699 1005 789 σκοτεινότερά
1029 731 1133 773 τιναε

135 808 191 873 καὶ
218 800 263 871 δι’
292 801 497 889 αἰνιγμάτων
521 804 724 891 μακροτέρας
753 804 808 871 καί
834 805 1025 890 βαθυτέρας
1048 809 1108 891 τῆς

136 905 219 974 κατὰ
236 909 457 991 τροπολογίαν
477 902 617 992 δεόμενα
637 905 829 990 ἑρμηνείας,
854 899 935 992 ἀδή
959 907 1012 972 ἐπὶ
1029 925 1108 992 σχο-

136 1011 194 1092 λῆς
208 1001 289 1073 κατά
301 1003 359 1074 τὸν
371 1002 582 1092 προσήκοντα
588 1003 705 1092 καιρὸν
717 1012 775 1091 τῆς
788 1002 1018 1094 προσηκούσης
1031 1005 1108 1074 τεύ-

135 1110 224 1187 ξεται
245 1103 444 1193 διηγήσεως,
465 1104 548 1175 ἐπὰν
567 1106 631 1175 σύν
641 1110 712 1198 θεῷ
725 1104 784 1176 τὸν
798 1109 874 1195 περὶ
889 1109 956 1175 τῶν
967 1109 1106 1194 ἐπαγγε-

136 1212 219 1277 λιῶν
235 1203 465 1297 ἀποδῶσωμεν
488 1205 595 1295 λόγον.

478 1407 556 1479 Ἀπδ
574 1414 633 1478 τοῦ
653 1407 767 1479 αὐτοῦ.
1122 1425 1147 1464 1⁰

106 1587 117 1614 e
213 1559 287 1619 ΧΧΙ.
315 1539 564 1633 (Ἐύφράνθητι
583 1551 701 1634 ἔρημος
721 1548 869 1633 διψῶσα,
889 1541 1107 1633 ἀγαλλιάσθω

137 1654 273 1735 ἔρημος,
300 1649 355 1714 καί
379 1642 527 1715 ἀνθείτω
552 1643 596 1727 ῶς
620 1653 756 1734 κρίνον,
773 1646 836 1719 ,καί
856 1643 1032 1733 ἐξανθήσει
1051 1650 1108 1714 καὶ

137 1744 372 1834 ἀγαλλιάσεται
389 1744 429 1816 τά
448 1753 553 1835 ἔρημα
571 1749 631 1816 τού
639 1744 819 1836 Ἰορδάνου.
846 1748 901 1816 καί
916 1745 937 1835 ή
953 1745 1032 1830 δόξα
1047 1750 1109 1817 τού

137 1847 290 1936 Λιβάνον
311 1847 414 1935 ἐδόθη
433 1845 518 1939 αύτή
540 1850 594 1917 καί
620 1845 735 1937 ἡτιμή
753 1853 813 1917 τού
832 1846 1032 1937 Καρμήλου,
1052 1850 1108 1917 καὶ

136 1949 154 2018 ὁ
174 1950 251 2031 λαός
268 1979 334 2036 μου
351 1948 466 2031 ὄψεται
483 1949 545 2036 τήν
563 1947 664 2031 δόξαν
682 1957 801 2038 κυρίου
819 1953 875 2019 καί
887 1950 924 2018 τό
943 1945 1028 2032 ὕψος
1047 1953 1109 2019 τού
1122 1977 1146 2017 15

136 2058 230 2119 θεοῦ.
269 2049 426 2137 ἰσχύσατε
446 2068 552 2140 χεῖρες
570 2048 758 2139 ἀνειμέναι,
783 2053 838 2120 καί
856 2048 980 2138 γόνατα
998 2077 1108 2140 παρα-

137 2153 302 2239 λελυμένα
331 2155 591 2241 παρακαλέσατε.
642 2157 676 2220 οί
691 2150 884 2240 ὀλιγόψυχοι
908 2157 948 2242 τή
973 2158 1107 2243 διανοίη

138 2250 312 2340 ἰσχύσατε,
337 2250 382 2341 μή
405 2252 694 2341 φοβεῖσθε,·ἰδού
718 2250 735 2321 ὁ
760 2250 839 2334 θεὸς
869 2251 966 2342 ἡμῶν
996 2261 1108 2341 κρίσιν

137 2352 401 2442 ἀνταποδίδωσι,
420 2358 473 2425 καί
494 2352 736 2441 ἀνταποδῶσει,
756 2349 946 2444 αύτὸςήξει,
966 2355 1021 2423 καί
1040 2353 1106 2423 σω’-

106 2482 120 2521 α
138 2477 188 2525 σει
207 2452 300 2544 ήμάς.
337 2455 411 2525 τότε
429 2454 687 2547 ἀνοιχθήσονται
707 2451 877 2544 ὀφθαλμοί
895 2460 1033 2544 τυφλῶν
1052 2456 1146 2524 καίεο

138 2549 206 2626 ῶτα
224 2563 349 2646 κωφῶν
373 2556 581 2627 ἀκούσονται.
625 2556 697 2627 τότε
721 2554 847 2627 ἀλεῖται
872 2555 916 2637 ῶς
944 2564 1065 2644 ἔλαφος
1089 2553 1106 2625 ὁ

138 2657 259 2746 χωλὸς,
284 2662 340 2726 καὶ
357 2661 461 2747 τρανή
481 2666 571 2728 ἔσται
589 2666 724 2747 γλῶσσα
748 2656 952 2746 μογιλάλων,
978 2653 1032 2724 ὅτε
1052 2659 1107 2745 ἐρ-

138 2759 223 2847 ράγη
243 2764 279 2827 ἐν
302 2765 343 2848 τῇ
370 2757 479 2851 ἐρήμῳ
503 2757 597 2847 ὕδωρ
622 2763 677 2830 καὶ
695 2758 824 2850 φάραγξ
844 2761 880 2827 ἐν
897 2760 940 2848 γῇ
958 2754 1106 2847 διψῶση·

138 2861 194 2927 καὶ
221 2867 310 2928 ἔσται
333 2855 354 2948 ή
378 2857 523 2950 ἀνυδρος
548 2869 594 2943 εἰς
619 2866 696 2950 ἕλη,
720 2863 775 2930 καὶ
800 2868 846 2941 εἰς
869 2856 930 2947 τήν
955 2865 1108 2942 διψῶσαν

138 2964 204 3048 γῆν
221 2960 309 3049 πηγή
326 2959 447 3043 ύδατος
466 2959 592 3032 ἔσται.”
1120 2986 1147 3027 25

215 3067 245 3132 2.
271 3061 459 3134 Κάνταῦθα
479 3062 665 3154 διαρρήδην
681 3067 766 3133 θεοῦ
784 3060 894 3151 ἀφιξις
916 3067 1107 3144 θεσπίζεται

139 3163 299 3255 σωτήριος
330 3169 384 3234 καί
408 3168 542 3235 πολλῶν
565 3163 706 3253 ἀγαθῶν
735 3170 840 3233 αἰτία·
874 3179 1000 3252 κωφοῖς
1024 3165 1108 3249 γοῦν

139 3272 226 3345 ἰασις
251 3269 305 3334 καὶ
330 3276 469 3354 τυφλοῖς
493 3264 692 3354 ἀνάβλεψις,
711 3268 844 3353 προσέτι
862 3293 898 3334 τε
916 3273 1033 3353 χωλοῖς
1052 3263 1108 3331 καί

210 3465 239 3511 ιι
261 3463 306 3511 ιιι.
320 3467 361 3526 35,
377 3467 398 3512 1.
