2326 3818
341 139 524 191 DEMONST.
546 139 678 192 EVANG.
697 140 773 192 VIII.
791 141 816 188 2.
991 136 1054 200 533

86 279 167 353 καθ’
191 277 250 363 οὓς
268 279 288 368 ἡ
308 283 368 350 τοῦ
386 285 534 368 σωτῆρος
552 276 647 367 ἡμων
667 273 778 365 Ἰησοῦ
795 281 941 367 Χριστοῦ
959 280 1055 367 γε’νε-

85 408 136 466 σις
156 390 334 472 ἱστορεῖται
352 382 641 472 περιγραφομίνη,
661 385 692 448 εἰ
708 375 890 468 ἀρξάμενος
908 374 1054 449 οἰπδΔα-

87 492 180 574 ρείου
203 486 340 571 καὶτῆς
363 479 632 571 συμπληρύσεως
655 483 714 550 τοῦ
740 487 825 550 ναοῦ
849 478 908 549 τὸν
932 479 1055 567 δηλού-

85 614 187 676 μενον
204 581 351 675 ιἰριθμδν
368 579 561 673 ἄναλογίση.
598 586 648 652 81.
668 587 818 670 Δαρείου
835 580 899 671 γὰρ
918 579 1000 651 κατδι
1017 582 1054 652 τὸ

59 686 245 774 εδεύτερον
270 693 341 767 ἔτος
365 683 424 754 τδν
449 687 736 773 ἕβδομηκουταετῇ
761 681 882 773 χρόνον
901 687 958 772 της
977 687 1053 772 ἐρη-

85 783 440 878 μοίσεωςἹερουσαλημ
452 783 756 877 συμπεπερύνθαιδ
769 781 1053 876 προφητηςΖαχα-

86 898 161 981 ρίας
188 896 287 978 δηλοῖ
307 890 414 976 λέγων
433 882 496 978 “τῇ
520 885 653 976 τετράδι
671 890 728 957 καλ
751 884 875 974 εἰκοίδι,
899 889 946 980 τῷ
964 889 1055 956 ἕνδε-

86 989 175 1085 κοίτμ
201 993 301 1081 μηνὶ,
326 988 425 1072 αὐτός
450 992 518 1059 ἐστι
536 987 671 1077 Σαβίιτ,
694 993 731 1059 ἐν
753 992 800 1082 τῷ
826 989 972 1082 δευτέρω
991 995 1056 1058 ἔτει

87 1099 252 1185 Δαρείου,
279 1093 407 1179 ἐγένετο
432 1089 529 1178 λόγος
552 1098 673 1182 κυρίου
697 1088 780 1181 πρὸς
805 1099 975 1179 Ζαχαρίαν
998 1086 1056 1159 τδυ

49 1232 73 1270 10
86 1198 145 1264 τού
171 1188 375 1282 Βαραχίου.”
420 1197 470 1262 82.
498 1191 530 1261 εἰ
556 1189 564 1215 ’
594 1194 668 1279 ἑξῆς
693 1195 837 1280 ἐπιλέγει
863 1187 943 1260 “nal
973 1187 1085 1260 ἀπε-ε

87 1303 189 1383 κρίθη
207 1293 224 1363 ὁ
243 1291 381 1382 ίιγγελος
399 1300 537 1383 κυρίου,
556 1295 612 1362 καί
631 1291 736 1381 εἶπεν,
755 1291 850 1384 κύριε
868 1290 1056 1382 παντοκρά-

86 1425 169 1484 τωρ,
195 1398 257 1476 ἕως
279 1401 369 1474 τίνος
391 1392 432 1464 ού
458 1392 503 1484 μὴ
529 1392 667 1485 ἐλεήσῃς
683 1392 745 1482 τὴν
758 1391 975 1483 Ἰερουσαλὴμ
999 1395 1056 1462 καί

86 1494 142 1576 τίις
156 1493 270 1577 πόλεις
284 1493 412 1584 Ἰούδα,
438 1491 477 1576 δίς
499 1493 676 1584 ὑπερεῖδες
693 1504 790 1567 τοῦτο
809 1493 1056 1584 ἑβδομηκοστὸν

87 1595 196 1683 ἔτος;”
226 1604 346 1667 τοῦτον
364 1596 406 1685 δὴ
424 1587 488 1668 οὖν
505 1593 608 1668 αύτδν
624 1601 672 1691 τῷ
684 1604 769 1690 θείω
788 1594 952 1685 πνεύματι
970 1609 1056 1666 θεω-

48 1735 73 1773 15
86 1696 190 1788 ρησας
214 1698 232 1769 δ
250 1695 383 1787 Δανιὴλ
405 1699 463 1769 τὸν
489 1696 610 1788 χρόνον
635 1701 828 1788 σημειούται
846 1701 954 1786 λέγων
966 1693 1055 1785 “ίγοδ

86 1798 218 1889 Δανιὴλ
229 1796 362 1889 συνῆκα
375 1805 411 1871 ἐν
424 1817 496 1881 ταῖς
507 1807 639 1888 βίβλοις
649 1799 708 1871 τὸν
720 1797 867 1889 ιἰριθμδν
879 1805 947 1869 τῶν
961 1803 1055 1884 ἐτῶν,

85 1899 121 1982 δς
141 1901 287 1991 ἐγενηθη
311 1901 408 1990 λόγος
431 1909 553 1990 κυρίου
570 1900 652 1990 πρὸς
666 1897 829 1990 Ἱερεμίαν
851 1899 910 1971 τὸν
927 1898 1056 1990 προφη-

84 2032 164 2092 την,
184 2012 231 2086 εἰς
249 2000 490 2093 συμπλήρωσιν
508 2002 703 2094 ἐρημώσεως
716 1999 943 2094 Ἰερουσαλὴμ,
962 2005 1056 2089 ἑβδο-

86 2103 234 2191 μήκοντα
253 2111 326 2192 ἔτη,
352 2107 407 2174 καὶ
427 2111 537 2174 ἔδωκα
553 2103 590 2175 τδ
609 2103 790 2194 πρόσωπόν
813 2133 878 2194 μου
896 2103 978 2195 πρδς
996 2102 1057 2173 κύ-

48 2234 161 2292 ιοριου
184 2205 243 2274 τὸν
272 2203 356 2274 θεόν
379 2234 461 2293 μου,
490 2210 550 2276 τοῦ
581 2209 752 2295 ἐκζητῆσαι
780 2205 971 2295 προσευχὴν
1000 2207 1055 2273 καί

88 2309 212 2393 δέησιν.
254 2311 304 2373 83.
326 2305 395 2374 εἶτα
419 2304 500 2394 μετίι
523 2304 585 2394 τὴν
611 2305 712 2396 εὐχὴν
737 2310 910 2394 ἐπιφανείς
929 2300 1054 2397 αύτῷὸ

85 2405 224 2494 ἄγγελος
242 2414 393 2490 θεσπίζει
417 2404 457 2476 τίι
475 2409 551 2496 περί
570 2412 639 2476 τῶν
663 2405 891 2495 ἑβδομήκοντα
912 2405 1056 2493 ἑβδομά-

88 2517 174 2595 δων,
204 2511 259 2577 καί
291 2504 350 2578 τδν
378 2505 501 2597 χρόνον
524 2504 609 2578 ὅθεν
634 2514 689 2578 δεῖ
709 2506 872 2598 ἄρχεσθαι
896 2504 1055 2595 ἀριθμεῖν
1069 2537 1083 2578 ιι

87 2616 242 2698 σημαίνει
260 2613 368 2697 λέγων
381 2605 460 2679 “nal
478 2607 592 2701 γνύση
610 2612 667 2680 καί
678 2608 836 2698 συνήσεις
856 2607 920 2678 ιἰπδ
936 2605 1054 2690 ἐξόδου

47 2743 72 2782 25
86 2709 188 2794 λόγου
212 2716 271 2782 τοῦ
296 2706 524 2803 ἀποκριθῆναι
541 2713 597 2782 καί
620 2717 680 2782 τοῦ
702 2714 918 2800 οἰκοδομῆσαι
930 2707 1055 2798 Ἰερου-

86 2812 197 2902 σαλημ
217 2817 278 2893 ἕως
295 2817 431 2903 χριστοῦ
449 2809 670 2904 ἡγουμένου.”
695 2815 813 2902 γέγονε
823 2814 885 2902 μὲν
899 2803 959 2883 ούν
971 2809 1055 2882 ἀπό-

86 2934 192 3001 κρισις
210 2911 324 3003 πρώτη
338 2912 455 3003 Κύρου
473 2919 736 3005 οἰκοδομηθῆναι
754 2913 815 3002 τὴν
828 2909 1055 3006 Ἰερουσαλὴμ,

86 3012 127 3086 ού
145 3013 211 3104 μὴν
237 3022 284 3096 εἰς
310 3022 408 3105 ἔργον
427 3014 592 3106 ἐχώρησε,
617 3020 684 3087 των
711 3024 890 3107 περιοίκων
908 3026 1056 3086 κεκωλυ-

87 3114 206 3188 κότων.
242 3122 292 3187 84.
312 3126 461 3207 Δαρείου
482 3119 519 3188 δὲ
536 3116 618 3208 μετὰ
639 3122 743 3189 ταῦτα
763 3117 981 3198 κελεύσαντος
999 3118 1055 3184 καί

49 3248 73 3288 οο
87 3223 145 3305 τῆς
163 3223 339 3308 οἰκοδομῆς
356 3224 415 3290 τοῦ
444 3223 537 3308 ίερού
556 3218 627 3290 κατ’
650 3217 752 3290 αύτόν
776 3224 1054 3304 συντελεσθείσης

156 3453 169 3500 7
188 3451 270 3503 Zach.
286 3452 308 3513 1,
323 3453 347 3503 7.
453 3455 485 3504 10
503 3453 587 3505 Zaeh.
601 3455 625 3516 1,
641 3443 679 3506 12)
787 3455 818 3504 15
836 3455 908 3504 Dan.
922 3455 947 3516 9,
961 3454 985 3504 2.
