2326 3818
121 128 186 192 394
384 161 387 166 -
533 127 683 178 υυευειι

121 271 306 391 γεγονέναι,
325 266 395 338 εἶτα
414 269 627 356 διαβέβληται
646 262 690 346 εδς
710 267 868 354 ἐπαρθεὶς
885 270 926 355 τῇ
945 270 1091 358 διανοίᾳ,

122 373 177 440 καὶ
198 366 243 438 δι’
265 365 369 440 αὑτοῦ
391 373 496 440 δόσαι
519 371 566 461 τῷ
588 371 660 460 θεῷ
676 366 857 492 τολμήσας,
885 365 936 434 διό
961 371 1018 437 καὶ
1036 371 1093 438 λε’-

95 498 212 556 ιπραν
238 467 328 564 αὐτῷ
353 468 435 540 κατά
453 475 512 541 τοῦ
529 467 712 555 προσιόπου
730 466 885 556 ἀνθῆσαι
913 471 1093 558 τοῦτομὲν

122 575 184 643 οὐυ
208 568 228 661 ἡ
254 580 369 662 βίβλος
392 578 460 641 τόν
484 575 672 641 Βασιλειῶν
695 578 912 659 παρίστησιν
945 565 962 639 ὁ
992 573 1033 640 δέ
1054 600 1093 659 γε

117 673 273 763 Ἰώσηπος
292 671 400 744 καὶ
365 702 422 753 τας
441 670 607 754 ἔξωθενἸ
586 669 743 742 Ιουδαι·
693 691 764 752 ικας
779 668 1026 759 δευτεριόσεις’
1007 700 1093 761 απη·
1106 703 1119 742 ε

122 771 351 865 κριβωκοδς,”
330 802 388 843 ατε
401 769 552 861 Εβραῑος
571 776 603 855 ἐξ
617 769 779 861 Εβραίων
797 771 993 861 τυγχάνων,
1015 773 1094 843 ἐπά-

122 898 246 948 κουσον
263 871 317 945 οἷα
335 877 494 963 γενέσθαι
512 871 594 943 κατά
607 873 685 953 τοὺς
704 871 808 944 αὐτοῦ
829 879 927 961 δηλοῖ
938 873 1092 965 χρόνους,

122 982 230 1064 λέγων
243 975 312 1057 “ι·δς
329 974 394 1062 άρα
411 973 676 1064 κατεπειγόντων
693 973 752 1045 τὸν
766 974 874 1058 Ὀζίαν
888 980 956 1044 τῶν
974 979 1094 1064 ίερέων

123 1082 243 1161 ἐξιέναι
266 1080 324 1148 τοῦ
350 1080 461 1166 ἱεροῦ,
486 1075 604 1165 καὶμὴ
623 1092 830 1165 παρανομεῖν
848 1085 895 1157 εἰς
919 1073 1089 1165 τὸνθεόν,

122 1176 292 1268 ὀργισθεὶς
310 1178 490 1266 ἠπείλησεν
508 1174 620 1260 αὐτοῖς
638 1176 805 1265 θάνατον,
825 1187 855 1248 εί
871 1175 917 1267 μὴ
930 1177 991 1266 τὴν
1009 1173 1089 1264 ησυ·
1105 1207 1129 1245 10

122 1288 200 1370 χίαυ
223 1277 368 1362 άξουσιν.
411 1286 461 1350 37.
488 1277 609 1368 μεταξό
634 1280 672 1348 δδ
695 1280 830 1368 σεισμός
854 1278 1012 1368 ἐκλόνησε
1030 1276 1092 1368 τὴν

99 1386 202 1470 ιγην,
222 1384 276 1452 καὶ
296 1379 491 1462 διαστάντος
515 1386 573 1451 τοῦ
596 1383 683 1451 ναοῦ
704 1381 826 1469 φέγγος
851 1380 1003 1470 λαμπρὸν
1023 1383 1092 1462 ἐξί-

122 1493 269 1573 λαμφεν,
294 1487 349 1552 καὶ
372 1486 414 1572 τῇ
437 1487 497 1552 τοῦ
521 1486 683 1568 βασιλέως
701 1478 778 1564 όψει
802 1484 1024 1570 προσέπεσεν,
1045 1479 1091 1563 ὡς

122 1589 169 1677 τῷ
186 1586 247 1673 μὲν
272 1581 399 1663 εὐδίας
422 1587 549 1671 λέπραν
573 1588 787 1672 ἐπιδραμεῖν,
812 1582 876 1671 πρὸ
900 1583 1012 1670 δδτης
1030 1581 1092 1652 πό-

123 1697 205 1767 λεως
223 1683 305 1774 πρὸς
328 1692 368 1775 τῇ
393 1688 582 1775 καλουμένη
599 1681 726 1773 Ἐρωγῇ
748 1688 808 1753 τοῦ
824 1681 923 1772 ὅρους
940 1681 1091 1775 άπορρα-
1105 1714 1131 1754 ιε

121 1791 221 1875 γηυαι
244 1784 280 1855 τδ
305 1782 406 1875 ἥμισυ
429 1793 488 1855 τοῦ
513 1784 595 1855 κατά
618 1785 680 1872 τὴν
707 1783 822 1873 δυ’σιν,
847 1789 903 1854 καὶ
927 1787 1091 1854 κυλισθὲν

121 1891 284 1977 τέσσαρας
308 1893 465 1967 σταδίους
496 1889 550 1955 ἐπὶ
577 1876 614 1955 τό
639 1883 878 1956 άνατολικόν”
859 1914 935 1974 ορος
958 1905 1088 1972 στηυαι,

121 1994 166 2070 ὡς
183 1988 240 2070 τάς
258 2018 294 2058 τε
312 1985 480 2077 παρόδους
500 1991 753 2113 ἐμφραχθῆναι
753 1991 807 2057 καὶ
826 1983 902 2068 τούς
927 1991 1089 2075 παραδεί-

121 2113 201 2171 σους
219 2090 296 2168 τοὺς
313 2085 539 2176 βασιλικούς.’
577 2094 627 2159 38.
648 2087 753 2158 ταυτά
770 2119 825 2178 μοι
848 2085 912 2158 άπδ
930 2117 989 2158 του
1007 2111 1092 2176 συγ-

95 2304 205 2366 ισθω.
234 2295 289 2362 καὶ
309 2295 345 2362 ἐν
362 2297 408 2384 τῷ
426 2320 580 2383 προφητη
600 2290 659 2361 δὲ’
657 2290 757 2381 Αμως
777 2322 877 2381 ευρον
895 2291 966 2362 κατ’
988 2287 1091 2380 άρχάς

122 2397 179 2481 της
198 2401 402 2483 προφητείας
421 2392 526 2463 αὐτοῦ
543 2392 588 2475 ὡς
605 2391 655 2463 ὅτι
673 2391 793 2483 ἤρξατο
811 2391 1036 2483 προφητεύειν
1054 2397 1092 2462 ἐν

122 2490 258 2584 ἡμέραις
274 2493 379 2579 Ὀζίου
398 2496 560 2582 βασιλέως
574 2491 683 2566 Ἰοόδα
695 2493 758 2584 πρό
775 2493 836 2564 δύο
855 2498 1007 2565 ἕτοὶντοῦ
1025 2515 1091 2562 σει-

123 2603 218 2684 σμοῦ.
255 2604 353 2665 ποίου
373 2596 409 2665 δὲ
427 2601 566 2684 σεισμοῦ
584 2593 695 2665 οόκίτι
714 2599 828 2684 σαφεῖς
854 2597 1004 2682 ἐπιλέγει.
1037 2600 1088 2664 39.

123 2698 213 2786 οἶμαι
233 2698 270 2764 δὲ
292 2693 350 2765 τδυ
374 2691 477 2765 αὐτόν
494 2696 671 2784 προφήτην
695 2694 853 2785 προϊόντα
876 2692 935 2764 τόν
952 2691 1090 2782 σεισμόν
1104 2727 1131 2767 ιτ

122 2795 334 2884 ὑπογράφειν
352 2800 388 2866 ἐν
405 2794 455 2878 οἷς
473 2822 577 2885 φησιν
591 2793 706 2868 εἐἶδον
720 2796 778 2868 τόν
790 2795 907 2886 κύριον
921 2800 1091 2885 ἐφεστῶτα

125 2900 178 2966 ἐπὶ
196 2901 254 2967 τοῦ
271 2909 532 2988 θυσιαστηρίου,
552 2901 607 2969 καὶ
627 2899 715 2986 εἷπε,
734 2899 879 2982 πάταξον
898 2901 952 2969 ἐπὶ
969 2895 1006 2969 τδ
1024 2911 1092 2968 δυ-

124 2997 333 3090 σιαστηριον,
358 3003 414 3070 καὶ
437 2999 651 3088 σεισθήσεται
672 2999 713 3071 τδι
737 2999 910 3089 πρόπυλα,
936 3002 991 3069 καὶ
1016 2996 1092 3067 διά-

124 3117 228 3185 κοφου
253 3108 299 3182 εἰς
324 3098 471 3190 κεφαλάς
501 3100 638 3172 πάντων
645 3156 655 3190 ,
686 3104 740 3170 καὶ
765 3100 843 3182 τοὺς
869 3107 1090 3180 καταλοίπους

190 3367 207 3415 4
226 3370 250 3415 ι,
264 3367 387 3432 Paralip.
401 3370 443 3427 κε,
458 3369 497 3418 19.
609 3369 626 3418 ε
642 3367 756 3432 Joseph.
766 3351 833 3416 Ant.
846 3368 893 3419 υτ
909 3368 948 3426 10,
960 3367 986 3415 ι.

124 3432 156 3483 27
174 3433 266 3483 Amos.
280 3437 304 3497 9,
320 3437 343 3484 1.
