2326 3818
142 139 205 204 536
548 140 699 192 EUsEssn

143 278 205 366 τήν
217 285 285 348 τῦν
298 282 484 371 εἰρημένων
503 277 701 368 ἑβδομάδων
719 278 960 370 συμπλήρωσιν
973 278 1111 361 “6060-

142 379 371 468 θρευθήσεται
389 378 540 472 χριστός”
561 389 654 469 φησί.
690 388 739 464 τίς
759 383 795 470 δέ
813 372 908 464 οὗτος
931 376 952 468 6
970 375 987 448 6
1005 379 1112 468 ήχού-

142 510 241 570 μενος
264 477 355 551 καλό
379 480 462 552 κατά
481 480 642 570 διαδοχήν
669 486 702 566 έξ
728 488 894 570 ίερατικοῦ
912 486 1031 569 γένους
1050 489 1111 553 τοῦ

144 592 266 706 ἔθνους
285 582 469 672 προεστύς;
490 587 620 672 διέμενε
637 590 721 671 χοῦν
739 575 834 667 οῦτος
853 591 899 664 είς
917 580 997 653 ὅσον
1015 581 1111 654 οῦπω

142 685 183 754 τὰ
199 688 267 755 των
286 683 485 775 ἑβδομάδων
499 689 696 774 ἐπληροῦτο
725 686 839 773 ἐπειδή
855 686 890 754 δὲ
903 687 994 764 τέλος
1015 684 1111 774 έλάμ·
1125 718 1140 758 ε

142 795 249 875 βανον
266 777 380 874 αὗται,
399 783 594 866 ἀκολούθως
611 814 652 876 τη
678 793 863 879 προφητείᾳ
881 784 1051 874 έξεκόπη’
1037 815 1055 856 ο
1066 791 1113 856 ἐκ

138 890 300 1011 διαδοχης
317 891 436 975 γένους
451 915 512 1010 τμυ
502 893 653 968 ἔθνους
671 886 847 1010 προεστώς
892 878 989 968 οὗτος
1013 879 1089 957 δέ
1068 918 1113 975 ην

115 987 312 1077 ε’Υρκανὸς,
337 984 377 1056 όν
400 984 499 1070 αῦτδς
518 983 667 1078 Ἡρώδης
695 985 825 1059 ἀνελών
852 987 915 1077 τήν
945 986 1028 1057 κατά
1051 995 1111 1059 τοῦ

144 1096 267 1168 ἔθνους
290 1095 465 1175 βασιλείαν
493 1091 599 1179 μηδὲν
624 1087 713 1184 αύτῦ
744 1088 1017 1180 διαφέρουσαν
999 1119 1113 1179 νφαρ-

143 1189 253 1278 πόζει,
273 1189 401 1279 πρῶτός
424 1219 461 1261 τε
486 1189 586 1272 αὐτὸς
609 1189 797 1280 ἀλλόφυλος
822 1191 961 1280 ἡγεῖται.
998 1198 1049 1261 92.
1069 1191 1151 1267 0610

142 1289 243 1380 μόνος
263 1293 299 1361 δὲ
323 1291 388 1380 ἀρα
410 1289 599 1384 όῪρκανός
623 1292 752 1382 χριστός
777 1291 824 1364 νῦν
842 1296 898 1363 καί
921 1297 990 1362 τιῦν
1007 1291 1112 1363 πύλαι

142 1391 324 1484 ἀρχιερέων
339 1392 480 1476 ῦστατος
498 1393 647 1485 ἐξεκόπη,
665 1394 749 1464 ἀλλά
767 1397 822 1465 καὶ
840 1388 861 1482 6
882 1398 917 1464 ἐκ
934 1393 1112 1482 προγόνων

142 1493 280 1566 ἀνωθεν
305 1499 340 1565 έκ
364 1502 433 1565 των
459 1494 626 1586 πρόπαλαι
650 1495 832 1586 ἀρχιερέων
856 1502 1015 1566 κατιοῦσα
1041 1502 1112 1565 δια·

144 1597 242 1686 δοχή,
269 1595 351 1667 αύτό
375 1596 470 1668 τετὸ
494 1590 576 1668 κατά
600 1596 723 1688 νόμους
748 1615 870 1687 χρῖσμα
894 1596 1004 1667 οὐκέτι
1028 1595 1113 1667 κατά

141 1707 254 1787 κρίσιν
271 1697 465 1787 γινόμενον,
484 1697 631 1781 ἀτάκτως
650 1701 688 1769 δέ
705 1703 761 1769 καί
779 1702 1050 1788 συγκεχυμένως,
1070 1695 1111 1768 ού
1126 1731 1152 1772 ω

142 1797 225 1868 κατά
242 1797 283 1869 τά
301 1799 391 1888 παρά
408 1810 533 1871 Μωσελ
543 1805 849 1890 νενομοθετημένα·
877 1804 1054 1888 συνέτρεχε
1074 1801 1112 1868 δέ

113 1928 128 1968 d
141 1896 226 1990 ὁμοῦ
244 1899 351 1971 πόντα
370 1898 565 1982 ἀκολούθως
582 1907 623 1989 τή
638 1911 824 2031 προφητεία
836 1900 971 1992 φησάση
982 1897 1112 1983 “ε’ξολο·

95 2041 96 2045 =
141 2000 371 2088 θρενθήσεται
389 2018 529 2090 χρισμα,
548 2007 603 2072 καί
621 2010 735 2126 κρίμα
741 2001 803 2072 οὐκ
822 2007 946 2072 ἔστιν’
932 2031 967 2071 εν
986 1998 1111 2072 αῦτω.”

143 2107 194 2170 93
220 2100 345 2190 μάρτυς
368 2101 544 2193 ἀξιόχρεως
569 2103 698 2175 τούτων
720 2101 738 2174 ό
763 2109 795 2187 ἐξ
820 2103 933 2174 αὐτῶν
947 2073 1113 2192 Εβραίων

138 2200 312 2292 Ἰώσηπος,
332 2194 401 2273 ῦδέ
414 2232 484 2287 πως
504 2210 646 2293 ιστορῶν
663 2205 703 2274 τὰ
721 2203 803 2276 κατά
821 2204 897 2286 τοῦς
916 2204 1056 2294 χρόνους
1075 2210 1113 2275 ἐν
1126 2237 1154 2278 ιο

142 2302 415 2375 όκτωκαιδεκάτω
439 2313 496 2395 τῆς
509 2305 695 2395 Ἰουδαϊκῆς
708 2306 977 2398 Ἀρχαιολοχίας
980 2303 1054 2394 τήν
1074 2308 1112 2377 δε

143 2414 318 2494 βασιλείαν
337 2377 488 2498 Ἡρύδης
508 2408 598 2498 παρὰ
611 2405 779 2498 Ρωμαίων
800 2406 1072 2498 έχχειρισθεὶς’
1034 2436 1112 2477 ουκ-

143 2514 190 2577 έτι
209 2508 286 2590 τοῦς
310 2513 346 2579 ἐκ
362 2517 422 2579 τοῦ
436 2506 668 2598 Ἀσαμωναίου
691 2513 826 2598 γένους,
849 2500 942 2578 οῦτοι
969 2510 1006 2578 δέ
1024 2499 1113 2596 ἦσαν

141 2616 177 2678 οί
205 2608 405 2698 καλούμενοι
436 2617 669 2697 Μακκαβαλοι,
705 2616 905 2697 καθίστησιν
936 2606 1113 2699 ἀρχιερεῖς,

142 2707 226 2778 ἀλλά
252 2739 345 2792 τινας
371 2706 519 2798 ἀσήμους
546 2714 602 2780 καὶ
628 2709 731 2800 μόνον
759 2714 790 2792 έξ
811 2705 975 2797 Ἑβραίων
1000 2706 1153 2800 όντας,ν5

143 2809 233 2896 πλήν
246 2808 319 2890 ἑνός
329 2810 596 2899 Ἀριστοβούλου,
608 2808 648 2882 όν
656 2808 819 2901 Ὑρκανοῦ
831 2809 908 2882 υἱόν
919 2809 998 2882 όντα
1013 2840 1112 2882 κατα-

144 2907 266 2997 στήσας
289 2911 443 3004 ἀρχιερέα
469 2918 510 3004 τῇ
527 2913 658 3005 ἀδελφῇ
676 2913 780 2984 αὐτοῦ
805 2912 980 3009 συνῴκησε
997 2925 1113 3001 Μαρι-

144 3009 253 3103 ἀμμη,
277 3013 339 3101 τήν
363 3019 423 3084 τοῦ
440 3014 593 3103 πλήθους
611 3015 692 3104 πρός
720 3012 821 3086 αύτὸν
838 3016 1035 3107 θηρώμενος
1054 3011 1113 3084 εῦ-

77 3144 131 3193 (ωε)
145 3144 242 3185 νοιαν
262 3116 316 3184 διόι
334 3114 396 3204 τήν
408 3115 571 3205 Ὑρκανοῦ
589 3117 731 3207 μνήμην.
769 3124 819 3187 94.
840 3119 910 3188 εἶτα
930 3114 1048 3195 δεδιώς
1066 3116 1111 3204 μή

143 3215 225 3304 πρός
249 3216 307 3286 τὸν
322 3215 577 3305 Ἀριστόβουλον
594 3217 716 3299 πόντες
733 3216 959 3289 ἀποκλίνωσιν
977 3215 1111 3287 ἀνεῖλεν
1125 3245 1152 3286 ιο

144 3360 347 3373 ξ-

206 3448 239 3494 21
259 3439 508 3517 ὀκτωκαιδεκάτῳ]
528 3452 613 3501 Immo
628 3452 684 3504 XX.
699 3453 738 3512 10,
753 3452 775 3504 ὃ.
