2326 3818
131 113 194 176 322
538 112 687 162 Ειιειιιιιι

105 250 205 321 ιδ’καλ
225 250 318 320 εἶπεν
335 245 353 320 5
371 248 469 338 θεὸς,
488 245 528 319 οῦ
547 249 650 319 καλὸν
664 247 750 319 εἶναι
763 245 822 319 τόν
839 245 1031 334 ἄνθρωπον
1050 250 1112 342 μό-

111 382 208 443 νον,
227 349 420 441 ποιήσωμεν
438 347 527 443 αῦτῷ
546 349 675 438 βοηθὸν
693 346 764 420 κατ’
787 345 924 419 αῦτόν.”

205 458 235 525 2.
255 455 322 523 Καὶ
340 459 396 523 ἵνα
414 480 453 541 γε
471 449 516 541 μή
533 481 582 534 τις
600 449 682 540 πρὸς
700 447 860 538 ἀγγέλους
882 457 990 521 ταῦτα
1009 460 1110 543 εἰρῆ-

131 566 212 625 σθαι
228 562 393 644 νομίσειε,
418 558 617 642 παραχρῆμα
642 558 740 640 δηλοῖ
759 551 819 622 τὸν
836 557 1109 641 κεκελευσμένον

130 653 191 726 οῦκ
209 653 351 744 ἀγγελον
368 653 448 724 ὄντα
466 658 568 741 θεοῦ,
592 656 699 741 λέγων
712 648 790 722 “aaz
810 655 965 740 ἐποίησεν
983 648 1002 722 5
1020 655 1131 737 θεδςε

130 754 188 827 τδν
205 755 407 846 ἄνθρωπον,
426 750 499 823 κατ’
520 753 633 824 εἰκόνα
650 757 734 824 θεοῦ
752 757 909 842 ἐποίησεν
926 748 1071 826 αῦτόν.”

470 1002 550 1075 Ἀπὸ
567 1011 626 1092 τῆς
645 1002 757 1093 αὐτῆς.

125 1131 175 1194 Ὡς
196 1127 211 1185 ὁ
231 1126 317 1194 αὐτὸς
334 1134 440 1201 Μωσῆς
462 1127 515 1186 δῦο
537 1130 703 1254 οθαφίστατα
720 1135 837 1200 κυρίους
858 1128 1104 1199 ἀνεπικαλῦπτως

567 1218 597 1254 εο
615 1218 685 1269 ογει.

102 1362 116 1401 α
206 1337 279 1398 VIII.
302 1320 361 1396 “‘0
377 1322 469 1414 ἥλιος
493 1324 662 1395 ἀνέτειλεν
693 1327 747 1395 ἐπὶ
766 1323 828 1414 τὴν
845 1329 927 1414 γῆν,
946 1328 1003 1396 καὶ
1021 1324 1103 1399 Λῦτ
1115 1355 1140 1395 ιο

131 1430 288 1515 εἰσῆλθεν
307 1433 355 1507 είς
373 1425 515 1515 Σηγόιρ,
541 1427 596 1496 καλ
616 1430 730 1516 ἔβρεξε
753 1424 867 1516 κῦριος
887 1427 941 1495 ἐπὶ
959 1424 1102 1519 Σόδομα

129 1541 227 1599 θετον
244 1529 299 1597 καλ
318 1532 386 1616 πῦρ
404 1525 494 1616 παρά
512 1525 664 1618 κυρίου.”

205 1634 235 1698 2.
261 1633 388 1717 Σαφῶς
408 1627 566 1718 δεύτερον
584 1625 799 1718 ἀναγορεύει,
817 1625 857 1697 δν
875 1627 931 1697 καλ
945 1626 1102 1700 διδάσκει

129 1728 220 1817 παρὰ
243 1732 303 1798 τοῦ
326 1736 473 1818 μείζονος
500 1729 720 1818 ἐπιτραπέντα
743 1726 806 1817 τὴν
828 1725 912 1798 κατά
935 1735 1005 1799 νῦν
1022 1726 1102 1801 ἀσε-

130 1837 201 1919 βῶν
231 1828 436 1918 ποιήσασθαι
458 1836 629 1918 τιμωρίαν.
679 1830 768 1918 πλὴν
797 1825 873 1898 ἀλλ’
900 1835 931 1899 εί
952 1832 1010 1899 καὶ
1035 1829 1138 1903 δῦοιι

129 1938 268 2021 κυρίους
291 1927 566 2010 ἀνεπικαλῦπτως
589 1924 832 2019 ὁμολογοῦμεν,
864 1926 938 2000 ἀλλ’
971 1927 1014 2001 οῦ
1042 1934 1103 2003 καὶ

129 2047 202 2110 ταῖς
232 2029 360 2120 ὁμοίαις
391 2026 443 2100 ἐπ’
476 2027 674 2120 ἀμφοτέροις
697 2029 861 2122 -χριόμεθα
891 2039 1102 2119 θεολογίαις·

131 2130 276 2218 εὐσεβοῦς
307 2132 343 2200 δὲ
373 2134 413 2221 τῇ
443 2129 532 2215 τάξει
561 2129 723 2221 χρώμενοι
753 2131 812 2201 τδν
846 2133 908 2220 μὲν
938 2129 1102 2205 ἀνωτάτω

129 2234 255 2322 πατέρα
272 2236 328 2303 καλ
345 2231 428 2303 θεὸν
441 2236 498 2303 καλ
511 2231 641 2321 κόριον,
659 2235 714 2303 καλ
733 2235 793 2303 τοῦ
807 2234 966 2322 δευτέρου
979 2231 1104 2322 κῦριον

129 2335 185 2404 καὶ
202 2332 286 2405 θεόν
301 2333 387 2405 εἶναι
402 2333 674 2424 πεπαιδεύμεθα·
703 2330 761 2404 τόν
776 2334 814 2403 δὲ
828 2338 887 2405 τοῦ
901 2337 987 2404 θεοῦ
997 2332 1103 2423 λόγον
1115 2364 1141 2404 ιο

128 2435 187 2508 τὸν
206 2433 364 2529 δεύτερον
380 2435 515 2526 κόριον,
539 2441 607 2507 νῦν
631 2435 693 2523 μὲν
709 2432 768 2503 ὑπ’
797 2432 901 2506 αὐτόν
919 2433 1101 2526 δεσπότην,

128 2534 239 2609 οῦκέτι
264 2540 300 2608 δὲ
323 2537 443 2628 ὁμοίως
467 2539 522 2606 καὶ
546 2542 606 2606 τοῦ
630 2544 788 2624 μείζονος.
830 2541 859 2605 3.
884 2531 926 2604 οῦ
949 2532 1014 2626 γάρ
1038 2545 1101 2607 τοῦ

62 2674 115 2724 μοι)
130 2637 253 2726 πατρὸς
272 2636 405 2728 κύριος,
425 2633 504 2707 οῦδὲ
521 2643 580 2707 τοῦ
598 2635 720 2726 πατρὸς
737 2635 835 2724 θεὸς,
854 2634 872 2705 5
890 2632 971 2716 θεὸς
989 2635 1097 2725 λόγος,

129 2736 204 2809 ἀλλ’
231 2742 361 2809 ἐκείνου
388 2740 451 2828 μὲν
482 2737 581 2808 είκάν
613 2739 669 2807 καὶ
699 2735 795 2825 λόγος
825 2739 881 2806 καλ
909 2745 1013 2826 σοφία
1041 2737 1099 2807 καὶ

132 2838 285 2928 δύναμις,
302 2843 370 2910 τῶν
385 2840 422 2909 δὲ
441 2834 514 2928 μετ’
534 2836 638 2911 αὐτόν
657 2836 819 2926 δεσπότης
837 2840 894 2909 καὶ
907 2836 1023 2928 κύριος
1040 2839 1098 2909 καλ
1111 2866 1139 2907 ιε

128 2938 224 3021 θεός·
253 2935 270 3010 ὁ
290 2942 330 3010 δέ
344 2969 382 3030 γε
400 2939 508 3029 πατὴρ
526 2942 581 3011 καλ
604 2944 663 3011 τοῦ
680 2944 759 3010 υίοῦ
777 2938 885 3029 πατὴρ
908 2941 965 3009 καλ
982 2936 1097 3026 κῦριος

129 3044 183 3112 καὶ
201 3039 289 3123 θεός.
325 3038 408 3113 ὅθεν
426 3040 559 3123 εἰκότας
576 3038 816 3133 ἀνατρέχουσιν
830 3047 877 3121 είς
890 3047 973 3129 μίαν
989 3033 1096 3128 ἀρχὴν

129 3147 185 3214 καλ
210 3151 257 3225 είς
281 3147 340 3214 ἕνα
364 3141 448 3215 θεόν
474 3151 668 3214 συνίσταται
690 3137 773 3232 ἡμῖν
795 3140 836 3211 τά
858 3144 916 3229 τῆς
934 3139 1097 3229 εὐσεβοῦς

129 3254 313 3336 θεολογίας.

199 3414 212 3460 1
232 3411 300 3465 Gen.
313 3416 338 3475 2,
353 3413 392 3461 18.
498 3412 513 3460 ὅ
533 3410 600 3461 Gen.
615 3410 639 3472 1,
653 3410 693 3458 27.
802 3409 833 3457 10
853 3405 922 3457 Gen.
935 3406 976 3469 19,
989 3404 1031 3457 2³.
