2326 3818
151 111 214 174 544
561 109 710 160 Εοεοοω

151 247 168 320 ὁ
189 248 287 330 αὐτός
305 270 387 337 φησι
401 244 572 320 “Πιλάτον
589 248 649 318 τὸν
666 247 811 336 ἡγεμόνα
831 243 949 336 (αῦτόν
974 245 1015 335 δή
1035 251 1119 319 ἐκεῖ·

153 381 212 422 νον
230 348 288 420 τδν
307 353 361 420 ἐπὶ
384 355 443 420 τοῦ
466 354 613 441 σωτῆρος
632 345 741 439 ήμῶν)
766 349 823 430 τὰς
841 357 1010 439 Καίσαρος
1030 350 1120 420 είκό-

87 481 139 531 μου]
154 481 213 533 νας
231 451 363 542 νύκτωρ
389 458 436 532 είς
453 443 490 520 τδ
510 449 617 542 ἱερὸν,
640 447 722 540 ὅπερ
740 448 802 520 οῦκ
820 440 862 539 ήυ
879 453 988 538 θέμις,
1008 458 1121 522 είσκο-

152 562 262 642 μίσαι,
281 560 441 643 μεγίστην
458 582 494 624 τε
511 551 659 642 ταραχήν
675 548 828 640 θορύβου
846 580 881 621 τε
899 554 954 621 καὶ
973 551 1121 633 στάσεως

153 658 382 745 ἐμβεβλῆσθαι
404 671 472 734 τοῖς
494 650 697 745 Ίουδαίοις.”
745 658 813 722 123.
842 649 926 722 αῦτά
951 651 992 741 δή
1016 660 1147 741 ταῦταε

152 753 243 826 καὶὸ
263 763 377 827 Φίλων
395 772 640 844 συμμαρτυρεῖ,
663 752 720 835 τάς
739 762 880 842 σημαίας
905 752 1046 843 φάσκων
1064 754 1122 837 τὰς

153 854 327 944 βασιλικάς
345 853 403 926 τδν
413 853 559 927 Πιλάτου
576 853 706 944 νύκτωρ
726 860 762 924 ἐν
776 859 822 948 τρῦ
837 859 915 947 ἱερῷ
929 853 1121 943 ἀναθεῖναι,

152 956 258 1047 ἀρχήν
276 986 311 1027 τε
329 954 479 1028 στάσεων
496 959 551 1026 καὶ
570 960 753 1046 συμφορων
773 956 968 1044 ἐπαλλήλων
987 960 1019 1039 ἐξ
1038 961 1121 1027 ἐκεί-

154 1087 215 1128 νου
233 1074 301 1139 τοϊς
316 1055 490 1139 Ἰουδαίοις
508 1075 701 1147 συμπεσεῖν.
741 1062 810 1127 124.
830 1053 871 1127 οῦ
891 1061 1040 1128 διέλιπον
1057 1049 1121 1127 οῦν

154 1167 265 1229 ἔκτοτε
281 1156 317 1228 τδ
335 1164 403 1230 πᾶν
421 1166 520 1241 ἐθνος
538 1161 593 1229 καὶ
612 1157 674 1247 τήν
691 1157 894 1249 μητρόπολιν
908 1155 1018 1229 αῦτοῦυ
1037 1186 1119 1230 παν·
1136 1192 1162 1230 ιο

152 1268 253 1330 τοίων
271 1265 384 1330 κακῶν
403 1258 638 1342 ἐπαναστάσεις
656 1264 718 1341 ἕως
735 1263 795 1330 τοῦ
807 1258 951 1330 ὑστάτου
965 1257 1041 1330 κατ’
1062 1260 1122 1331 αῦ-

153 1369 221 1433 των
243 1365 389 1451 πολέμου
413 1365 468 1432 καὶ
491 1370 549 1450 τής
575 1358 711 1451 ἐσχάτης
738 1368 946 1452 πολιορκίας,
971 1359 1052 1433 καθ’
1079 1358 1123 1450 ήυ

153 1472 322 1546 παντοίοις
340 1465 542 1553 ἀφανισμοῖς
561 1470 656 1552 λιμοῦ
674 1491 709 1534 τε
727 1465 783 1532 καὶ
801 1468 918 1552 λοιμοῦ
932 1466 987 1533 καὶ
1005 1472 1122 1553 μαχαί-

124 1593 214 1656 ιρας
238 1560 504 1653 καταποντισμοῦ
531 1570 629 1653 δίκην
651 1569 712 1635 τοῦ
742 1560 816 1633 κατ’
842 1560 953 1635 αῦτων
976 1561 1122 1655 ὀλέθρου

154 1665 412 1758 συρρεῦσαντος,
430 1664 551 1749 πάντες
569 1672 604 1736 οί
619 1663 883 1749 κατασυστάντες
901 1673 961 1736 τοῦ
974 1670 1122 1756 σωτῆρος
1138 1697 1148 1734 1

153 1761 248 1855 ήμῶν
266 1766 394 1856 ἡβηδὸν
413 1766 629 1856 ἐξεκόπησαν·
664 1763 718 1837 ὅτε
742 1769 796 1836 καὶ
815 1765 851 1836 τὸ
874 1769 1046 1856 βδέλυγμα
1064 1771 1123 1855 τής

155 1867 350 1957 ἐρημώσεως
369 1872 421 1938 ἐπὶ
440 1866 476 1938 τδ
495 1867 586 1959 ίερόν
604 1875 693 1957 έστη,
711 1863 730 1938 δ
747 1872 803 1939 καὶ
821 1876 867 1950 εἰς
886 1872 986 1957 δεῦρο
1001 1868 1123 1954 διέμει-

154 1997 239 2056 νεν,
252 1969 412 2059 ὁσημέραι
439 1960 493 2038 ἐπὶ
515 1969 552 2039 τὸ
570 1987 682 2059 χεῖρον
706 1975 841 2060 ἐρημίας
860 1971 1010 2061 ἐλαῦνον.
1049 1972 1121 2041 125.

156 2069 243 2149 εἰκὸς
262 2071 299 2138 δέ
317 2073 372 2138 καὶ
392 2075 569 2142 ἐπιτείνειν
587 2069 668 2141 αῦτδ
686 2074 782 2161 μέχρι
799 2077 856 2159 τής
874 2073 933 2140 τοῦ
946 2077 1023 2159 βίον
1042 2092 1123 2139 συν-

155 2177 301 2259 τελείας,
320 2169 402 2241 κατά
419 2171 476 2242 τδν
494 2167 559 2242 ῦπό
576 2176 634 2261 τής
653 2181 857 2263 προφητείας
880 2168 1123 2259 άποφανθέντα
1137 2201 1162 2241 20

154 2271 245 2362 ὅρον,
264 2271 418 2362 φήσαντα
431 2269 510 2343 “nal
528 2278 588 2355 ἕως
606 2281 801 2354 συντελείας
814 2280 930 2362 καιροῦ
948 2276 1124 2344 συντέλεια

157 2373 336 2463 δοθήσεται
361 2378 414 2445 ἐπὶ
439 2373 501 2465 τήν
525 2371 724 2465 ἐρήμωσιν.”
768 2380 838 2445 126.
863 2371 981 2463 ήντινα
1004 2372 1125 2463 φωνήν

154 2479 171 2545 ὁ
191 2475 300 2564 σωτὴρ
319 2479 374 2546 καὶ
393 2476 506 2564 κύριος
519 2472 615 2565 ήμῶν
630 2473 757 2566 Ἰησοῦς
770 2478 788 2545 ὁ
799 2473 940 2566 Χριστὸς
955 2480 1124 2566 ἐπεσφρα-

130 2584 271 2666 εγίσατο
297 2577 401 2647 είπώυ
419 2573 522 2646 “ῦταν
546 2578 584 2646 δὲ
607 2583 699 2663 ίδητε
721 2575 757 2646 τδ
776 2580 947 2666 βδέλυγμα
970 2584 1027 2666 τῆς
1047 2581 1125 2668 ἐρη-

154 2676 292 2767 μώσεως
310 2677 346 2747 τδ
365 2678 470 2769 ῥηθὲν
485 2675 540 2747 διά
554 2677 685 2766 Δανιὴλ
698 2683 758 2747 τοῦ
775 2678 949 2769 προφήτου
967 2676 1068 2760 ἑστώς
1087 2683 1150 2749 ἐυε

155 2777 245 2870 τόπφ
271 2774 373 2871 άγίφ,
397 2778 471 2848 τότε
494 2776 672 2867 γινώσκετε
698 2775 748 2848 ῦτι
765 2776 904 2869 ήγγικεν
921 2779 941 2869 ἡ
961 2777 1125 2870 ἐρήμωσις

157 2875 292 2967 αῦτης.”
333 2885 401 2950 127.
422 2887 453 2950 εί
471 2881 507 2950 δὲ
527 2886 716 2962 δυσπίστως
741 2880 822 2970 πρὸς
846 2886 948 2952 ταῦτα
968 2890 1074 2972 ἔχοιεν
1093 2889 1128 2952 οί

158 2983 193 3050 ἐκ
217 2989 412 3071 περιτομῆς,
439 2985 610 3071 ἐλεγκτέον
633 2979 754 3064 αῦτοῦς
778 2981 823 3073 μή
846 2982 951 3073 μόνον
977 2982 1124 3065 άναιδῦς

157 3080 238 3172 πρὸς
256 3081 296 3151 τά
314 3081 426 3172 άληθή
443 3087 499 3153 καὶ
519 3087 642 3174 ἐναργή
663 3087 875 3174 ίσταμένους,
893 3081 978 3155 άλλά
993 3088 1048 3155 καὶ
1066 3083 1125 3167 τάς

226 3350 241 3397 6
259 3350 338 3400 Philo
351 3349 414 3402 Jud.
429 3350 464 3400 cf.
478 3349 532 3414 leg.
547 3349 582 3400 ad
596 3350 692 3400 Caium
705 3367 726 3401 s.
739 3351 780 3402 38.
794 3367 820 3416 ρ.
834 3352 892 3404 589.
906 3354 964 3403 590.

156 3416 191 3463 24
209 3415 308 3468 Matth.
322 3419 364 3482 24,
380 3419 419 3468 15.
456 3418 527 3467 Luc.
539 3419 581 3482 21,
595 3420 636 3470 20.
