2326 3818
327 149 512 202 οοωοαευ.
530 148 662 202 EVANG.
684 149 746 200 v11.
764 152 787 200 3.
971 147 1036 212 485

66 294 162 362 τοῦτο
180 288 216 360 τό
235 287 339 378 ὄνομα
356 283 376 359 ὃ
393 290 524 358 καλέσει
542 282 666 368 αὐτοὺς
684 284 1064 378 κάριος,’1ωσεδεκελμο

68 396 104 462 ἐν
121 409 190 472 τοῖς
207 386 426 480 προφήταις.”
450 385 468 458 ὁ
488 388 530 478 δή
548 380 611 459 οὖν
627 390 769 477 μέλλων,
788 391 884 477 φησὶ,
903 388 959 459 διά
976 393 1038 460 τοῦ

67 496 364 583 προφητενομένου
378 489 456 572 λαός
470 488 552 560 κατά
568 488 721 560 διάνοιαν
728 487 859 571 Ἰούδας
868 487 963 572 ὅντες
980 494 1037 562 καὶ

63 592 193 682 Ἰσραήλ
211 590 502 682 ὀνομασθήσονται
522 590 587 661 ἀπὸ
606 595 666 661 τοῦ
681 589 803 661 Ἰοσουλ
818 590 1036 681 Ἰωσεὸεκελμ,

42 698 123 766 τκαὶ
143 693 250 789 τούτῳ
268 723 324 782 γε,
344 696 444 783 φησὶ,
464 692 691 782 κληθήσονται
708 697 754 786 τῷ
768 690 976 782 προσρήματι
994 692 1036 762 οὐ

67 795 146 887 παρ’
169 793 379 884 ἀνθρώποις,
397 791 482 865 άλλά
500 793 578 886 παρ’
600 791 691 887 αὐτῷ
708 798 755 888 τῶ
772 798 855 889 θεῷ,
874 797 930 863 καὶ
948 795 1037 883 παρὰ

59 909 135 980 τοῖς
149 895 335 990 προφήταις
350 895 462 968 αὐτοῦ.
494 901 545 966 49.
562 900 721 990 ἐπιμελῶς
731 894 799 984 ’γάρ
816 894 978 985 πρόσσχες
991 899 1039 989 τῷ

68 998 156 1095 λάχω
175 998 320 1089 φήσαντι
333 994 413 1068 “nal
427 1001 524 1068 τοῦτο
541 995 577 1067 τὸ
595 995 710 1086 ὄνομα,
729 993 748 1067 ὃ
765 1001 898 1067 καλέσω
918 995 1039 1077 αὐτοὺς

69 1099 419 1190 κήριος,’1ωσεδεκελμ
440 1104 477 1169 ἐν
493 1114 562 1180 τοῖς
580 1096 799 1187 προφήταις.”
829 1098 1037 1188 μεταλαμβά-

30 1235 54 1273 ω
68 1230 160 1272 νεται
179 1208 234 1288 δὲ,
254 1199 298 1283 ῶς
317 1208 420 1289 ἔφην,
438 1197 584 1289 τοῦνομα
600 1207 647 1281 είς
658 1196 720 1286 τήν
733 1194 901 1288 Ἑλλήνων
918 1201 1039 1290 φωνήν

69 1308 103 1373 οί
117 1309 178 1372 τοῦ
196 1305 283 1372 θεοῦ
302 1297 459 1371 δίκαιοι.”
491 1307 542 1371 50.
562 1300 691 1370 τούτων
706 1302 743 1370 δὲ
760 1299 866 1384 οὕτως
882 1313 1039 1391 σωθησο-
1056 1343 1067 1371 e

67 1405 196 1492 μένων,
215 1400 274 1472 τὸν
291 1401 435 1473 παλαιὸν
447 1405 504 1472 καὶ
516 1401 626 1492 βαρὺν
643 1405 711 1472 τῶν
724 1409 853 1489 πικρῶν
869 1399 1039 1490 δαιμόνων

69 1502 169 1593 ζυγὸν
199 1513 396 1592 συντρίψειν
426 1503 583 1584 καὶτοὺς
607 1499 657 1584 οἷς
679 1501 715 1572 τό
740 1506 821 1592 πρὶν
844 1509 1038 1592 συνείχοντο

70 1604 211 1694 δεσμοὺς
229 1609 297 1674 τῶν
310 1599 762 1693 άσεβημάτωνδιαρρήξεινὸ
781 1602 861 1686 θεὸς
880 1607 1038 1695 ἐπαγγέλ-

29 1735 54 1775 15
68 1716 177 1794 λεται,
197 1704 241 1786 ῶς
259 1710 374 1795 μηκέτι
392 1718 485 1788 θεοῖς
503 1702 688 1793 ἀλλοτρίοις
707 1703 885 1777 δουλεύειν
903 1704 1037 1796 αὐτοὺς,

67 1806 159 1901 μόνω
179 1809 216 1876 δὲ
235 1803 325 1900 αὐτῷ
353 1822 582 1898 καρποφορεῖν
600 1805 816 1897 ἀρεσκόντως.
859 1812 909 1877 51.
930 1807 1040 1896 παρά-

68 1921 128 1991 θες
148 1909 185 1978 δὲ
203 1907 331 1990 τούτοις
348 1907 385 1978 τὸ
401 1911 437 1978 ἐν
452 1912 598 2002 δευτέρῳ
616 1912 743 2002 Ψαλμῶ
757 1911 811 1978 ἐπὶ
828 1912 870 2000 τή
886 1913 945 1978 τοῦ
959 1920 1038 1998 Χρι-

68 2019 149 2080 στοῦ
180 2018 349 2100 παρουσία
379 2013 434 2087 καί
465 2017 505 2101 τῇ
529 2013 598 2080 τῶν
629 2013 741 2080 ἐθνῶν
769 2009 885 2099 κλήσει
907 2008 1039 2100 φάσκον

68 2109 182 2197 λόγιον
197 2106 450 2199 “διαρρήξωμεν
463 2111 541 2191 τοὺς
557 2110 699 2200 δεσμοῦς
718 2107 843 2199 αὐτῶν,
861 2114 917 2182 καὶ
935 2106 1037 2202 άπορ-

30 2220 220 2299 νορίψωμεν
237 2209 296 2299 ἀφ’
318 2209 413 2300 ήμῶν
437 2212 495 2280 τὸν
523 2209 622 2299 ζυγόν
646 2209 790 2281 αὐτῶν.”
835 2203 1039 2305 ῶσυγγενὲς

66 2306 211 2400 ἡγοῦμαι
229 2309 407 2400 τυγχάνειν
425 2312 461 2380 τὸ
478 2314 560 2400 μετά
577 2328 690 2400 χεῖρας
707 2316 806 2399 λε’χον
821 2318 857 2383 ἐν
875 2317 914 2403 τῇ
932 2312 1038 2405 ήμέρᾳ

69 2415 179 2503 ἐκείνη
205 2412 276 2482 εἶπε
301 2410 414 2501 κύριος
433 2407 630 2501 ’συντρίψω
656 2413 756 2500 ζυγὸν
780 2411 845 2482 άπὸ
871 2413 1038 2504 τραχήλου

69 2510 198 2601 αὐτῶν,
223 2516 278 2583 καὶ
302 2513 379 2595 τούς
404 2511 552 2603 δεσμοὺς
564 2511 676 2583 αὐτῶν
695 2512 881 2604 διαρρήξω,
901 2517 956 2583 καὶ
975 2511 1038 2584 οὐκ

68 2619 230 2705 ἐργῶνται
249 2621 296 2686 ἔτι
315 2626 409 2696 θεοῖς
426 2614 629 2704 ἀλλοτρίοις,
654 2611 728 2684 ἄλλ’
750 2620 912 2704 ἐρμῶνται
930 2623 1066 2709 κυρίῳο

29 2723 113 2810 κτῶ
138 2721 210 2810 θεῶ
234 2715 377 2788 αὖτῶν.”
428 2722 480 2788 52.
507 2713 581 2787 ἄλλ’
612 2713 662 2787 ὅτι
685 2717 748 2805 μὲν
771 2721 807 2787 ἐκ
832 2721 963 2807 καρποῦ
979 2722 1038 2813 τής

67 2825 193 2896 κοιλίας
217 2822 332 2905 Λαβὶδ
355 2821 411 2888 καὶ
435 2821 470 2888 ἐκ
494 2821 678 2907 σπέρματος
702 2823 903 2907 Σολομῶνος
926 2821 981 2889 καί
1002 2824 1037 2888 ἐκ

67 2922 156 3008 ῥίζης
172 2913 291 2989 Ἰεσσαὶ
308 2913 326 2988 ὁ
345 2916 486 3006 Χριστὸς
499 2923 560 2988 του
573 2922 659 2989 θεοῦ
670 2918 944 3008 γεννηθήσεσθαι
958 2948 1037 3005 προ-

68 3024 212 3107 είρηται,
236 3015 319 3107 ὅπερ
344 3023 399 3089 καὶ
423 3022 578 3107 γέγονεν,
602 3018 653 3089 ὅτι
670 3019 752 3108 μετά
776 3029 908 3111 μυρίων
925 3019 1037 3090 άλλωυ

66 3124 300 3209 προσηγοριῶν
317 3123 373 3191 καὶ
391 3122 507 3208 Δαβλδ
533 3117 636 3191 αὐτὸν
658 3116 879 3209 ὀνομάζουσιν
896 3126 931 3191 οί
946 3133 1035 3190 θεῖοι

28 3247 53 3288 ω
68 3219 176 3311 λόχοι,
195 3219 343 3312 αὐτάρκη
361 3221 596 3294 πιστώσασθαι
608 3218 648 3292 τά
663 3225 836 3312 εἰρημένα·
855 3220 904 3292 ὅτι
925 3222 962 3291 δὲ
980 3223 1035 3290 καλ

136 3456 168 3503 22
187 3455 233 3506 Ps.
247 3458 272 3520 2,
286 3457 310 3506 ε.
