2326 3818
367 123 551 177 οαΜοΝεΤ.
571 126 704 182 ενλαο.
725 129 756 178 v.
775 130 798 177 1.
978 125 1042 190 299

67 271 211 353 καρδίαν
227 263 414 352 ἀνθρώπου
432 263 495 334 οὐκ
513 260 650 351 άνέβη,”
671 263 754 333 κατά
771 263 830 333 τόν
844 265 936 353 ίερδν
954 265 1042 336 666—

68 375 205 454 στολον,
224 363 311 436 πολό
329 364 491 453 πρότερον
509 364 617 454 πάσης
636 368 767 446 ἐννοίας
786 368 958 455 ἐπέκεινα,
977 366 1041 456 άρ-

68 496 153 557 ρητα
170 470 226 536 καὶ
243 463 519 556 άκατωνόμαστα,
544 463 746 554 ἀνεπινόητα
763 495 799 536 τε
817 470 874 536 καί
891 464 1039 539 άνενθό-

67 597 153 658 μητα
172 571 299 656 γένοιτο
317 563 361 637 άν
377 565 417 639 τά
434 570 512 654 περὶ
531 571 589 656 της
608 595 740 655 πρατης
757 572 818 637 τοτ’
835 575 1039 655 μονογενοιῑς

41 702 54 742 5
68 673 129 740 τοῦ
144 673 231 740 θεοῦ
247 671 425 755 γενέσεως,
444 665 525 739 άλλο
543 669 650 757 μηδὲν
668 672 770 738 πλέον
785 666 930 757 ἐχόντων
944 669 1039 758 ἡμῶν

67 773 142 859 περὶ
162 769 265 840 αὐτοῦ
283 773 394 857 λέγειν
409 799 447 841 τε
464 772 520 840 καί
537 788 648 857 νοείν,
674 764 695 858 6
712 770 775 857 τὴν
792 769 913 858 γενεάν
930 768 1038 842 αὐτον

66 881 117 953 τίς
134 870 345 960 διηγήσεως
377 879 409 941 εί
433 875 473 941 δέ
495 901 546 953 τις
568 869 689 942 τούτου
714 873 898 959 περαιτέρω
923 876 1040 961 χωρῶν
1051 900 1106 951 (215)

65 973 169 1064 τόλμη
188 981 375 1064 προαχθείη
392 971 433 1042 τά
451 970 559 1060 πάντη
577 968 782 1060 άπερινόητα
799 971 965 1060 ὁρατικοίς
984 978 1039 1043 καὶ

66 1091 265 1165 σωματικοῖς
282 1072 512 1162 παραβάλλειν
528 1075 770 1163 ὑποδείγμασι,
789 1074 872 1163 τάχα
890 1070 934 1145 ἂν
953 1087 1039 1145 είποι

28 1209 54 1248 ιο
67 1180 125 1264 της
142 1183 201 1245 τοῦ
220 1173 344 1263 πατρός
361 1171 547 1263 άγεννήτον
566 1173 701 1263 φάσεως
720 1177 851 1264 καὶτῆς
869 1170 1037 1264 άνεκφρά-

68 1298 149 1346 στον
166 1272 301 1363 οὐσίας,
320 1274 432 1364 ὥσπερ
453 1272 601 1351 εὐωδίαν
617 1277 693 1345 τινὰ
711 1279 767 1345 καί
785 1274 895 1363 φωτός
915 1274 1036 1366 αόγην,

67 1377 126 1447 τόν
143 1376 220 1447 νίδν
238 1381 270 1460 ἐξ
288 1375 439 1463 άπείρων
457 1375 602 1465 αίάνων,
622 1377 798 1466 μᾶλλονδὲ
818 1377 882 1462 πρὸ
901 1377 1037 1448 πάντων
1138 1376 1142 1381 ’

71 1477 205 1547 αίοίνων
222 1472 420 1565 ὑποστῆναι,
438 1476 624 1567 γενόμενόν
641 1505 677 1547 τε
694 1496 859 1566 συνεῖναι,
879 1480 935 1548 καί
954 1503 1037 1567 συγ-

69 1577 252 1669 γενόμενον
270 1577 323 1648 άελ
340 1606 386 1672 τῳ
372 1579 553 1702 πατρί’
531 1608 575 1660 ως
597 1585 643 1674 τά
667 1579 764 1672 μόρῳ
781 1579 818 1649 τό
838 1577 962 1662 εὐῶδες
982 1585 1037 1650 καί

30 1709 56 1750 ιι
68 1710 114 1774 τω
102 1680 273 1769 φωτὶ
237 1709 299 1769 την
317 1676 443 1770 αόγὴν,
462 1676 536 1750 ἀλλ’
559 1678 601 1750 οὐ
618 1698 689 1761 τοῖς
711 1679 936 1770 ὑποδείγμασι
954 1680 1036 1751 κατά

70 1781 181 1852 πάντα
193 1779 318 1869 τρόπον
331 1781 465 1870 ὁμοίως,
485 1778 597 1871 ὥσπερ
611 1773 674 1852 οὖν
687 1779 754 1870 ἤδη
768 1781 931 1904 πρότερον
946 1795 1038 1871 είρη-
1053 1814 1065 1852 b

66 1913 130 1954 ται.
174 1889 221 1952 19.
249 1911 290 1952 τα
278 1881 426 1972 Ημὲν
386 1912 451 1971 γαρ
469 1881 583 1972 άψνχα
606 1882 743 1971 σάματα
768 1883 804 1954 τδ
824 1885 1035 1972 συμβεβηκός

69 1989 105 2056 έν
128 1983 278 2072 ποιότησι
301 1987 488 2073 κέκτηνται·
535 1983 557 2074 6
588 2013 623 2054 τε
652 1984 716 2072 γάρ
747 1981 834 2074 αόγὴ
865 1984 1104 2074 σόμφοτοςμωι

69 2077 152 2156 οὖσα
174 2089 215 2176 τῇ
239 2090 299 2155 τοῦ
323 2083 433 2174 φωτός
458 2083 560 2173 φόσει
591 2089 646 2155 καὶ
670 2083 842 2167 οόσιωδοίς
866 2087 1038 2209 σγνυπάρ·

29 2217 55 2258 ιο
69 2209 221 2279 χονοα
190 2214 237 2256 τω
223 2190 354 2274 φωτὶ,
373 2185 435 2256 οὐκ
452 2182 495 2256 ἂν
515 2185 651 2257 δύναιτο
667 2186 790 2269 ἐκτός’
771 2187 957 2276 νφεστάναι
975 2193 1038 2258 mv·

70 2278 156 2356 ἐν
129 2316 155 2380 ρο
183 2260 290 2358 ἐστιν
330 2286 348 2358 6
374 2291 413 2357 δέ
433 2317 472 2374 γε
495 2294 555 2357 τοῦ
577 2296 663 2357 θεοῦ
679 2288 782 2412 λόγος
807 2287 886 2358 καθ’
917 2288 1037 2359 ἑαυτὸν

69 2360 231 2459 οὐσίωταί
244 2417 282 2458 τε
300 2417 355 2458 και
345 2387 552 2513 ὑφέστηηε,
572 2391 627 2456 καί
647 2385 710 2457 οόκ
725 2387 915 2476 άγεννητως
930 2412 1037 2458 συνυ-

69 2488 187 2578 πάρχει
204 2519 250 2582 τῳ
239 2493 380 2578 πατρὶ,
400 2489 474 2558 ἀλλ’
495 2488 539 2569 ὡς
556 2487 739 2610 μονογενὴς
763 2488 836 2568 νίός
854 2487 954 2576 μόνος
973 2487 1036 2576 πρό

68 2590 204 2663 πάντων
221 2594 289 2662 των
307 2590 442 2661 αίοίνων
460 2597 496 2661 ἐκ
514 2596 574 2660 τοῦ
592 2589 715 2679 πατρός
733 2593 990 2679 γεγεννημένος,
1014 2589 1036 2678 6
1055 2634 1065 2661 c

27 2724 54 2765 τε
67 2721 103 2763 τε
129 2690 299 2763 εόωδία’
282 2691 433 2781 απορροή
455 2721 505 2773 τις
528 2683 614 2762 οὖσα
636 2692 805 2782 σωματικὴ
823 2696 883 2763 τού
900 2691 1035 2762 ὑποκει-

67 2799 183 2883 μένου,
202 2797 258 2862 καὶ
283 2790 324 2862 06
342 2792 420 2863 καθ’
442 2792 567 2879 ἑαυτὴν
585 2792 676 2874 ἐκτός
694 2799 754 2864 τοῦ
772 2793 907 2882 πρώτον
926 2802 1035 2864 αίτίον

67 2893 104 2963 τό
122 2892 304 2981 πλησιάζον
322 2897 505 2981 πληροῦσα,
523 2890 629 2963 οὐδὲν
645 2885 746 2982 ἧττον
762 2895 931 2984 σωματικὴ
951 2888 1035 2965 οὖσα

68 2997 123 3064 καί
142 2992 227 3083 αὐτὴ
245 2992 411 3081 τυγχάνει.
452 2999 504 3064 20.
533 2990 574 3064 06
598 2994 702 3084 ταύτη
728 2987 790 3066 οὖν
807 2993 889 3084 ἡμῖν
908 2994 1037 3084 νοηθή-

68 3120 160 3167 σεται
178 3098 234 3166 καί
251 3092 291 3165 τά
310 3097 462 3182 περὶτῆς
480 3093 613 3184 πράτης
630 3092 821 3178 οόσιοίσεως
844 3101 903 3167 τοῦ
927 3101 1036 3182 σωτη-

29 3230 55 3270 οο
70 3227 125 3286 ρος
144 3197 247 3288 ἡμων.
290 3193 451 3286 οὐδὲγάρ
472 3200 503 3281 ἐξ
522 3192 641 3278 οόσίας
665 3202 722 3285 της
746 3194 932 3284 άγεννήτου
951 3196 1034 3265 κατά

68 3329 99 3370 τι
118 3298 227 3381 πάθος
245 3295 265 3386 6
286 3305 452 3387 διαίρεσιν
469 3297 691 3386 οὐσιωμένος,
716 3297 799 3368 οὐδέ
820 3327 857 3386 γε
884 3295 1036 3388 άνάρχως

70 3404 304 3490 σννυφέστηκε
321 3406 367 3493 τῷ
386 3403 503 3490 πατρί,
529 3402 601 3470 ε’πεί
623 3398 641 3470 6
661 3401 723 3489 μέν
741 3395 946 3490 άγέννητος,
966 3398 986 3467 6
1007 3402 1047 3464 δε
