2326 3818
217 92 220 102 '
314 111 502 164 ωυιιοαεν.
520 111 652 164 εοεαε.
672 113 719 163 1v.
741 115 781 163 ιο.
970 112 1033 176 231

63 249 288 339 σκευασάμήν.
336 246 420 319 ἀλλά
450 249 513 338 γὰρ
536 249 705 320 τοσούτων
734 257 847 321 κακῶν
869 250 936 322 ὑπὸ
966 261 1033 322 τῶν

62 349 206 442 φαύλων
219 353 274 421 καί
288 357 356 438 τῶν
368 358 551 440 μοχθηρῶν
564 349 764 440 πνευμάτων
781 360 841 422 τοῦ
858 351 886 422 τ’
910 357 946 423 έν
958 354 1033 424 τού-

63 482 131 534 τοις
149 449 318 543 τυράννου
342 450 421 522 καθ’
443 451 521 540 ὅλης
543 455 601 540 τής
619 454 817 542 οἰκουμένης
844 462 1061 544 προβεβλη-ε

63 557 191 643 μένων,
210 555 266 622 καί
283 551 426 642 μηδενὸς
439 559 508 624 τῶν
523 551 720 642 ἐφεστώτων
737 550 888 642 ἀγγέλων
905 562 979 625 οἵου
998 586 1032 626 τε

37 653 158 735 εόντος
176 669 245 735 τοῖς
265 671 378 735 κακοῖς
398 652 598 745 ἐπαμύνειν,
620 652 754 735 εἰκότως
774 659 899 738 ἐκεῖνος
917 655 934 725 ὁ
953 657 1032 738 θεὸς

63 754 177 844 λόγος,
201 754 219 824 ὁ
243 759 311 826 τῶν
333 754 423 827 ὅλων
440 756 569 845 σωτήρ,
593 754 713 850 ἀγαθῶ
736 753 874 845 νεύματι
897 760 955 844 τής
973 763 1032 827 τοῦ

62 855 186 945 πατρός
204 864 479 946 φιλανθρωπίας,
504 855 548 939 ῶς
566 852 609 927 ἀν
626 856 670 947 μή
688 855 724 926 τό
749 865 850 947 φίλον
868 856 958 951 αύτῷ
977 862 1032 947 γέ-

62 987 120 1039 νος
139 961 176 1028 ἐν
193 954 348 1045 ἀσεβείας
366 966 465 1052 βυθῷ
483 964 686 1047 καλινὸοίτο,
705 960 786 1039 τέως
799 960 861 1048 μἐν
874 967 1032 1050 βραχείας

62 1059 155 1141 τινάς
174 1061 227 1128 καί
248 1056 400 1148 ἀμυδρῶς
414 1055 478 1129 τοῦ
497 1065 587 1129 ἰδίου
605 1056 714 1148 φωτός
728 1057 865 1143 ἀκτῖνας
879 1061 935 1130 ὃιά
953 1089 1032 1151 προ·

23 1193 48 1232 ιο
62 1160 171 1250 φήτου
190 1162 342 1240 Μωσέως
365 1164 433 1230 τῶν
456 1187 492 1229 τε
516 1157 579 1248 πρό
599 1156 704 1230 αύτού
721 1163 777 1230 καὶ
794 1169 863 1231 τῶν
880 1161 951 1251 μετ’
973 1163 1030 1232 αύ-

62 1259 121 1330 τόν
137 1265 310 1348 θεοφιλῶν
327 1257 464 1350 ἀνδρῶν
482 1263 679 1350 ἐξέλαμπεν,
697 1268 765 1330 τῶν
784 1265 820 1332 ἐν
837 1261 1031 1352 ἀνθρῶποις

63 1368 176 1431 κακῶν
193 1361 256 1450 τήν
274 1373 364 1431 ἰάσιν
383 1365 419 1431 έν
436 1377 508 1441 ταῖς
527 1368 633 1451 ίεραίς
651 1371 865 1451 νομοθεσίαις
883 1373 1032 1452 προβαλ-

63 1460 209 1550 λόμενος.
245 1466 274 1531 5.
295 1465 383 1550 λέγει
403 1460 435 1529 δ’
456 1453 518 1531 οὖν
535 1460 693 1550 ἀντικρυς
712 1461 845 1544 αύτόςό
871 1464 967 1552 λόγος
984 1473 1048 1557 τῷ,

55 1562 222 1652 Ἐβραίων
240 1571 334 1634 έθνει
347 1567 541 1653 νομοθετῶν
555 1561 610 1632 διά
625 1567 775 1645 Μωσέως
789 1563 896 1634 “κατά
909 1564 948 1634 τά
963 1570 1030 1636 ἐπι-

23 1698 49 1738 15
62 1663 253 1754 τήὸεύματα
270 1671 330 1755 γής
349 1665 541 1753 Αἰγύπτου,
562 1669 599 1735 έν
615 1656 638 1755 ή
656 1663 875 1760 παρφκήσατε
895 1664 948 1736 ἐπ’
967 1666 1030 1737 αύ-
1046 1696 1097 1746 ιιωι

61 1773 136 1855 τής,
168 1764 210 1837 ού
234 1765 406 1855 ποιήσετε,
438 1769 494 1836 καί
519 1763 603 1836 κατά
625 1765 665 1836 τά
698 1766 942 1857 ἐπιτηδεύματα
971 1774 1031 1857 γής

62 1868 213 1958 Χαναὰν,
224 1875 270 1950 εἰς
283 1864 326 1956 ήν
340 1867 403 1957 έγῶ
419 1865 541 1957 εἰσάγω
553 1867 639 1958 ὑμᾶς
655 1873 733 1956 ἐκεῖ,
747 1866 788 1938 ού
802 1867 1031 1958 ποιήσετε,καί

62 1973 100 2040 έν
116 1987 186 2050 τοῖς
211 1976 363 2059 νομίμοις
387 1967 499 2040 αὐτῶν
516 1968 557 2038 οὐ
575 1969 801 2058 πορεύσεσθε,
826 1969 866 2040 τά
889 1971 1032 2061 κρίματά

61 2098 126 2157 μου
141 2068 305 2158 ποιήσετε,
319 2073 375 2139 καί
389 2067 428 2139 τά
446 2069 681 2160 προσιάγματά
694 2100 758 2159 μου
772 2071 945 2161 φυλάξετε.
967 2073 1030 2162 ε’γῶ

22 2203 49 2242 εο
63 2172 130 2258 εἰμί
149 2169 263 2257 κύριος
280 2168 298 2240 ὁ
316 2169 396 2251 θεὸς
413 2167 517 2259 ὑμῶν.
528 2166 547 2194 ”

140 2277 169 2340 6.
189 2271 272 2341 Εἶτα
296 2270 405 2339 πάντα
422 2268 654 2359 ἀπαγορεύσας
672 2268 832 2361 ἀθέμιτον
850 2271 956 2361 γάμον
975 2278 1030 2343 καί

61 2377 173 2442 πᾶσαν
191 2369 362 2461 ἀσχήμονα
375 2375 507 2459 πρᾶξιν,
525 2378 698 2459 γυναικῶν
714 2399 750 2441 τε
768 2372 849 2461 πρὸς
868 2388 1029 2460 γυναῖκας

62 2477 116 2543 καί
135 2470 287 2561 ἀρρένων
305 2471 387 2561 πρὸς
405 2469 548 2561 ἀρρενας
561 2476 677 2561 μίξεις,
697 2476 839 2561 ἐπιλέγει
854 2468 919 2561 “μή
939 2482 1031 2561 μιαί-

61 2587 165 2646 νεσθε
184 2578 221 2647 έν
237 2579 319 2645 πᾶσι
336 2573 474 2656 τούτοις.
506 2577 542 2644 έν
560 2581 642 2645 πᾶσι
660 2571 722 2665 γάρ
740 2573 868 2654 τούτοις
887 2573 1057 2663 έμιάνθήι

22 2677 101 2748 οετά
124 2684 226 2765 ἔθνη,
252 2673 272 2744 ἀ
297 2673 361 2765 έγῶ
387 2677 612 2759 ἐξαποστέλλω
636 2675 699 2763 πρό
725 2673 907 2765 προσῶπου
924 2675 1028 2766 ὑμῶν.

62 2779 117 2845 καί
137 2775 315 2865 έξεμιάνθη
334 2775 354 2863 ή
373 2784 434 2866 γή,
461 2780 517 2846 καί
540 2774 760 2847 ἀνταπέόωκα
779 2775 915 2847 ἀδικίαν
934 2774 1029 2868 αύτή,

62 2879 117 2946 καί
136 2875 370 2965 προσώχθισεν
387 2876 408 2964 ή
426 2882 468 2964 γή
481 2894 550 2957 τοῖς
565 2881 804 2967 ἐγκαθήμένοις
819 2875 874 2948 ἐπ’
894 2877 1026 2967 αύτής.”

63 2983 89 3048 7.
111 2980 165 3048 καί
185 2976 286 3048 πόλιν
303 2979 407 3064 φησὶν
420 2975 505 3046 “έάν
524 2979 560 3047 δέ
586 2977 629 3047 σύ
648 2982 802 3070 εἰσέλθῃς
821 2986 868 3061 εἰς
886 2978 948 3068 τήν
966 2985 1030 3067 γήν

60 3076 103 3167 ἣν
122 3077 236 3168 κύριος
253 3074 271 3148 ό
289 3076 369 3159 θεός
383 3102 445 3148 σου
460 3083 584 3149 δίδωσί
593 3102 662 3167 σοι,
681 3079 722 3151 ού
740 3082 785 3170 μή
798 3077 935 3170 μαθήσῃ
954 3107 1030 3149 ποι-

21 3211 47 3253 ιο
63 3197 114 3251 εἴν
139 3178 222 3251 κατά
246 3179 286 3249 τά
310 3176 523 3268 βδελύγματα
547 3187 615 3250 τῶν
639 3184 750 3252 ἐθνῶν
774 3186 921 3252 ἐκείνων.
966 3177 1028 3271 ούχ

131 3415 163 3462 14
181 3408 365 3474 Levit318,2.
452 3414 707 3478 23Levit.18,⁴24.
802 3415 840 3465 λθ
855 3411 1053 3471 mmmm.
