2326 3818
149 125 213 189 468
557 125 710 217 ,ΕΗΕΕΒΙΙ

149 271 349 357 προσπίπτει
378 268 424 357 τῷ
451 267 544 364 θεῷ,
571 267 628 334 καὶ
658 262 858 352 προσπεσών
889 259 942 333 ἐπ’
972 261 1122 352 ἐδάφους

149 369 339 453 ποτνιιῖται,
368 367 422 435 ἐπὶ
441 368 543 437 πλέον
562 367 598 436 δὲ
615 370 656 455 τή
674 368 844 456 προσευχῇ
860 371 1121 458 προσκαρτερῶν

148 466 271 558 ῦμνυσι
287 472 333 560 τῳ
357 471 428 561 θεῷ
451 467 497 557 μή
514 465 676 557 πρότερον
703 464 954 537 εἰσελεύσεσθαι
973 473 1022 548 είς
1040 467 1119 557 σκή-

148 597 243 659 νωμα
261 568 356 639 οίκου
375 566 496 657 αὑτοῦ,
522 569 607 658 μηδὲ
626 566 749 638 δύσειν
765 582 834 649 τοῖς
851 563 1041 656 ὀφθαλμοῖς
1059 564 1119 639 αῦ-

100 696 107 712 ²
147 676 206 742 τοῦ
224 668 334 741 ῦπνον
351 672 488 750 καὶτοῖς
502 667 682 761 βλεφάροις
696 667 799 739 αὑτοῦ
812 666 1016 758 νυσταγμόν,
1034 671 1146 759 μηῦὲε

120 801 134 841 b
149 771 382 861 ἀναβήσεσθαι
402 772 454 840 ἐπὶ
474 777 589 859 κλίνης
602 777 777 861 στρωμνῆς
791 768 910 858 αὑτοῦ,
931 783 1066 840 κεῖσθαι
1081 772 1119 841 δὲ

135 867 249 962 ’χαμαὶ
266 874 522 959 προσκυνοῦντα
540 875 596 940 καί
615 869 858 960 ποτνιώμενον,
883 869 952 941 ἔστ’
973 865 1017 942 ῦιν
1035 868 1119 963 εῦρη

135 970 251 1044 1τόπον
268 976 315 1065 τῷ
332 978 456 1066 κυρίῳ,
473 974 530 1043 καί
548 969 708 1061 σκήνωμα
725 974 770 1064 τῷ
784 976 854 1064 θεῷ
868 969 986 1061 Ἰακώβ
996 1025 1005 1061 ,
1024 969 1117 1044 τοῦτ’

150 1079 251 1160 ἔστιν,
270 1074 332 1153 ἕως
350 1069 392 1143 ῦν
409 1071 515 1164 μύθη,
532 1077 595 1144 τοῦ
606 1080 726 1163 κυρίου
739 1069 997 1164 φανερύσαυτος
1014 1069 1119 1167 αύτῷ,

148 1171 210 1261 τήν
227 1176 360 1261 γένεσιν
377 1178 437 1243 τοῦ
457 1180 609 1263 Χριστοῦ.
646 1179 697 1245 33.
718 1171 894 1263 εὐξάμενος
919 1174 956 1242 δὲ
974 1175 1030 1244 καὶ
1048 1202 1118 1244 τοι·
1131 1205 1156 1245 ιο

149 1280 234 1346 αῦτα
252 1279 378 1363 γνῶναι
396 1275 549 1364 ποθήσας
563 1273 625 1348 οῦκ
639 1281 687 1357 είς
703 1273 833 1366 μακρὰν
849 1281 894 1368 τῷ
912 1280 998 1368 θείῳ
1016 1273 1119 1345 πνεύ-

107 1370 110 1375 ’
148 1404 225 1466 ματι
242 1373 283 1445 τῦ
299 1379 462 1465 μέλλοντα
480 1384 619 1448 ἔσεσθαι
636 1387 777 1466 θεωρεῖ,
800 1377 862 1449 τοῦ
879 1380 963 1446 θεοῦ
980 1390 1050 1458 τοϊς
1068 1383 1120 1446 ol-

148 1483 249 1558 κείοις
269 1481 552 1566 ἐπαγγειλαμένου
576 1486 624 1548 ἔτι
648 1476 841 1548 λαλούντων
861 1474 1118 1548 ἐπακούσεσθαι.

147 1584 198 1648 34.
219 1581 440 1660 ἑπακουσθεὶς
460 1585 543 1668 δήια
556 1581 768 1661 καταξιοῦται
785 1582 935 1669 χρησμοῦ
948 1576 1011 1666 τήνΙ
1023 1588 1121 1667 Βηθ-

147 1679 226 1766 λεὲμ
251 1682 499 1767 ἐπιφωνοῦντος
522 1679 630 1773 αὐτῷ,
655 1678 699 1760 ιῦς
721 1674 765 1749 ῦυ
789 1677 913 1750 ἐνθάδε
936 1683 996 1749 τοῦ
1013 1678 1119 1750 τόπου
1132 1706 1156 1748 ιι

122 1782 208 1849 ιτοῦ
224 1786 344 1867 κυρίου
362 1783 417 1849 καί
434 1783 496 1850 τοῦ
513 1779 726 1869 σκηνύματος
750 1786 809 1850 τοῦ
826 1783 912 1851 θεοῦ
925 1777 1042 1866 Ἰακώβ
1059 1800 1120 1850 συ-

147 1881 363 1969 στησομένου.
404 1883 508 1950 ταῦτα
531 1885 709 1968 τοιγαροῦν
733 1884 793 1950 τοῦ
815 1888 914 1952 θείου
931 1877 1119 1967 πνεύματος

148 1985 186 2051 ἐν
210 1979 299 2072 αὐτῷ
324 1987 564 2069 θεσπίσαντος,
589 1977 689 2062 αύτός
707 1976 810 2052 αὑτοῦ
834 1978 1020 2063 ἐπακούσας
1044 1984 1120 2050 ἐπι-

147 2080 237 2167 λέγει
246 2075 265 2107 “
273 2079 544 2171 ι’ῦοῦήκούσαμεν
554 2081 660 2171 αῦτήυ
669 2086 705 2153 ἑν
716 2079 876 2173 Ἐφραθύ.
903 2079 1120 2172 35.Ἐφραθο“ι

149 2181 187 2249 δὲ
204 2175 226 2268 ή
244 2177 329 2269 αῦτή
347 2186 417 2252 ἐστι
434 2188 474 2274 τῇ
492 2185 664 2274 Βηθλεὲμ,
683 2183 727 2266 ῦς
746 2182 850 2272 δῆλόν
869 2188 958 2255 ἐστιν
975 2181 1040 2252 ἀπὸ
1058 2187 1118 2272 τής
1131 2214 1156 2254 20

54 2298 59 2305 '
147 2285 334 2372 Γενέσεως,
360 2292 447 2354 ἔνθα
464 2288 541 2372 περὶ
558 2290 616 2374 της
630 2280 746 2374 Ῥαχὴλ
770 2297 896 2375 είρηται
913 2281 963 2354 ὅτι
982 2292 1119 2367 ἔθαψαν

147 2381 254 2472 αὐτήν
270 2389 306 2455 ἐν
319 2392 365 2480 τῷ
373 2385 568 2481 ἱπποδρόμῳ
580 2383 741 2479 Ἐφραθῦι,
758 2383 841 2474 αῦτη
856 2388 924 2455 ἐστὶ
931 2383 1118 2474 Βηθλεέμ.”

147 2491 197 2556 36.
217 2489 273 2556 καὶ
291 2484 312 2575 ή
329 2487 394 2574 πρὸ
411 2485 534 2576 ταύτης
553 2488 589 2556 δὲ
607 2503 752 2580 περιείχε
775 2493 962 2577 προφητεία
974 2485 1056 2556 “nal
1074 2485 1119 2556 σῦ

146 2589 302 2676 Βηθλεὲμ
319 2587 409 2667 οἶκος
425 2593 485 2657 τοῦ
500 2584 661 2680 Ἐφραθιί.
687 2585 773 2676 ίῦοῦ,
791 2590 909 2678 φησίν,
926 2585 1118 2678 ήκούσαμεν

148 2685 288 2775 αῦτήυ,”
317 2691 420 2774 δῆλον
448 2685 481 2757 δ’
504 2685 554 2758 ὅτι
577 2688 640 2778 τήν
662 2693 724 2760 τοῦ
741 2693 885 2779 Χριστοῦ
908 2690 1042 2776 γένεσιν
1060 2692 1115 2759 καὶ
1131 2716 1155 2758 ιε

121 2786 210 2874 οτὴν
222 2795 283 2856 τοῦ
300 2791 386 2858 θεοῦ
398 2786 517 2879 Ἰακῦβ
535 2791 797 2879 κατασκήνωσιν.
834 2805 932 2859 ποῖον
950 2785 982 2858 δ’
1002 2784 1045 2860 ἂν
1064 2801 1117 2879 εἴη

148 2884 184 2956 τῦ
202 2886 363 2978 σκήνωμα
379 2894 439 2961 τοῦ
456 2899 541 2963 θεοῦ
555 2888 672 2980 Ἰακωβ
688 2887 711 2981 ή
728 2889 765 2962 τῦ
783 2893 879 2980 σῶμα
895 2893 957 2961 τοῦ
969 2897 1117 2981 Χριστοῦ

147 2987 183 3058 τό
203 2992 302 3084 ἐντῷ
319 2989 409 3086 τύπῳ
427 3000 486 3081 τής
504 2995 659 3081 Βηθλεὲμ
676 2995 938 3082 γεγεννημένον,
958 2995 995 3061 ἐν
1013 2981 1051 3084 φ’,
1071 2987 1117 3073 ὡς

148 3095 185 3160 ἐν
208 3091 416 3181 σκηνώματι,
439 3089 461 3182 ή
484 3093 605 3182 θεότης
633 3097 695 3164 τοῦ
721 3098 924 3183 μονογενοῦς
953 3091 1110 3180 κατεσκή

147 3217 252 3279 νωσε;
271 3189 333 3282 ούχ
351 3192 463 3276 ἁπλῶς
482 3195 518 3264 δὲ
532 3198 633 3283 θεοῦ,
651 3193 736 3264 ἆλλῦ
748 3193 829 3284 μετὰ
843 3192 1039 3285 προσθήκης
1055 3197 1114 3283 τής
1128 3220 1154 3262 εο

214 3424 247 3471 24
267 3423 335 3473 Gen.
349 3426 389 3487 35,
404 3427 443 3478 19.
462 3426 504 3489 48,
518 3428 542 3477 7.
