2326 3818
332 121 520 176 nmoxsr.
541 121 675 173 nmo.
692 123 716 174 1.
735 125 759 174 τ.
988 122 1029 186 51

137 274 197 335 vn.
227 264 320 332 Νυνὶ
352 261 390 331 δὲ
420 259 529 331 πάντα
552 258 636 331 κατά
663 260 723 331 τὸν
745 264 899 344 Μωσέως
930 260 1059 353 ιόμονι

59 366 339 452 πεπολιτευμένος
355 379 425 444 τοῖς
441 360 637 444 ἀποστόλοις
659 360 764 434 αὐτοῦ
782 367 936 454 κέχρηται
956 371 1031 436 ιλια-

60 463 171 546 κόνοις
193 468 252 552 τῆς
278 470 396 552 καινῆς
420 460 525 536 αύτοῦ
549 472 768 554 νομοθεσίας,
791 461 878 555 όμού
894 468 956 555 μέν
975 471 1028 538 καί

57 563 98 637 τά
116 569 269 648 Μωσέως
281 563 345 636 ούκ
357 564 517 656 ἀλλότρια
534 563 608 638 οὐδ’
631 564 737 656 ἐχθρά
747 572 805 657 τῆς
814 575 939 650 οἰκείας
954 582 1030 640 θεο-

33 674 193 755 τσεβείας
210 665 368 758 ἡγεῖσθαι
392 674 466 739 δεῖν
485 667 640 754 διδάξας,
663 663 748 758 όμοῦ
773 671 810 739 δὲ
828 673 885 740 καὶ
903 667 1028 741 αι’·θέν-

57 799 115 859 της
133 773 190 839 καί
207 769 384 859 είσηγητής
407 774 484 853 νέας
507 773 563 840 καὶ
587 777 755 860 σωτηρίου
772 775 876 842 πᾶσιν
893 769 1031 860 ἀνθρώ-

57 900 132 952 ποις
145 870 309 954 καταστάς
323 879 537 961 νομοθεσίας,
556 867 602 954 ός
614 875 774 962 μηδαμῶς
792 880 839 954 είς
856 871 897 944 τά
910 883 1033 946 Μωσεῐ

58 977 223 1044 δοκοῦντα
240 977 473 1065 παρανομῆσαι
490 970 612 1061 αὐτόν,
636 977 729 1056 τέλος
748 971 782 1045 θ’
802 979 943 1058 ἐκείνοις
961 980 1029 1046 ἐπι-

57 1088 173 1147 θεῖναι
190 1074 364 1166 πρότερον,
383 1079 440 1146 καὶ
458 1068 637 1167 πληρωτὴν
655 1074 769 1148 αὐτῶν
782 1081 954 1165 γενέσθαι,
974 1081 1029 1148 καὶ
1047 1116 1057 1144 e

18 1207 44 1245 ιο
57 1176 164 1259 οὕτως
188 1181 265 1266 περὶ
289 1177 352 1266 τὴν
376 1174 561 1249 αύθεντίαν
583 1181 645 1249 τοῦ
667 1177 750 1249 κατά
772 1175 808 1249 τό
834 1177 1030 1268 εὐαγγέλιον

57 1278 162 1367 νόμον
182 1284 461 1369 παρεληλυθέναι.
499 1281 554 1349 καί
572 1283 692 1351 τοῦτον
717 1278 900 1351 ἀκουστέον
924 1279 1030 1352 αύτοιῖ

56 1385 211 1468 λέγοντος
228 1380 287 1452 τόν
308 1379 433 1472 τρόπον
446 1376 531 1451 ’ὀύκ
555 1370 664 1468 ἦλθον
687 1387 869 1452 καταλῦσαι
894 1379 953 1453 τόν
974 1381 1029 1453 νό-

57 1512 142 1571 μον,
162 1478 245 1551 άλλά
263 1478 467 1571 πληρῶσαι.”

133 1590 165 1652 2.
191 1591 236 1654 Ee
264 1585 326 1673 μέν
355 1581 419 1673 γάρ
444 1581 638 1675 παραβάτης
661 1587 721 1654 τοῦ
748 1586 899 1665 Μωσέως
925 1583 1029 1674 νόμον

17 1712 42 1752 15
56 1688 215 1775 κατέστη,
235 1681 298 1757 κάν
316 1681 462 1774 εύλόγως
481 1690 643 1775 ἐνομίσθη
657 1684 752 1757 λύειν
769 1682 873 1757 αὐτόν
891 1689 945 1756 καὶ
964 1715 1026 1757 πα-

57 1806 234 1877 ρανομεῑν·
274 1792 402 1877 φαῦλος
432 1792 472 1858 δέ
494 1818 543 1871 τις
567 1791 622 1858 καί
652 1786 843 1877 παράνομος
870 1787 1028 1875 πεφυκός

56 1888 118 1960 οὐκ
136 1887 180 1961 άν
199 1888 381 1979 ἐπιστεύθη
404 1887 503 1972 αύτός
530 1890 617 1961 εἶναι
639 1887 657 1960 ὁ
676 1887 829 1976 Χριστός.
873 1889 965 1960 λύων
990 1891 1028 1960 δὲ

54 1991 94 2061 τά
113 1995 266 2074 Μωσέως
284 1999 354 2074 πῶς
372 1988 415 2062 άν
433 1997 597 2082 ἐνομίσθη
620 1989 720 2074 αὐτός
744 1989 908 2081 ὑπάρχειν
926 1991 943 2061 ὁ
961 1985 1027 2063 ύπό

56 2099 208 2175 Μωσέως
227 2096 282 2163 καὶ
301 2099 368 2164 τοῖν
386 2101 568 2183 προφητῶν
590 2097 873 2183 κατηγγελμένοςς
897 2099 967 2175 πῶς
993 2093 1023 2163 δ’
1042 2121 1055 2160 ο

17 2221 43 2261 20
56 2189 99 2264 άν
117 2203 214 2284 ἔσχεν
228 2194 264 2264 τὸ
279 2192 470 2278 άξιόπιστον
484 2199 601 2283 καινῆς
619 2203 837 2284 νομοθεσίας;
858 2200 950 2278 ἔδοξε
964 2193 1027 2284 γάρ

56 2291 98 2364 άν
118 2295 251 2377 εἰκότως
273 2301 331 2383 τῆς
355 2306 564 2386 παρανομίας
590 2295 687 2386 χάριν
712 2299 766 2367 ἐπὶ
790 2296 851 2385 τὴν
877 2326 1027 2367 καινοτο-

56 2404 137 2487 μίαν
156 2401 374 2486 ἐληλυθέναι,
400 2396 539 2487 φεύγων
563 2397 624 2487 τὴν
644 2400 695 2468 ἐπὶ
715 2416 787 2480 ταῖς
806 2409 1027 2485 παρανομίαις

55 2508 227 2590 τιμωρίαν.
253 2505 281 2570 3.
301 2505 368 2570 νύν
387 2502 423 2569 δὲ
437 2501 543 2589 μηδὲν
556 2505 716 2588 μηδαμῶς
735 2502 802 2569 των
818 2503 854 2568 έν
871 2504 916 2592 τῷ
935 2498 1027 2593 νόμῳ

54 2601 176 2691 λύσας,
201 2598 377 2691 πληρωτὴς
403 2601 434 2672 θ’
462 2599 574 2672 αὐτῶν
597 2599 793 2691 γενόμενος,
818 2602 872 2670 καὶ
892 2605 1026 2683 τέλειος,

17 2731 41 2771 25
57 2703 101 2784 ὡς
120 2703 162 2774 ἅν
179 2734 229 2785 τις
249 2716 353 2790 είποις
372 2700 455 2773 κατά
474 2707 618 2790 Μωσέα,
646 2706 718 2773 ἐπεὶ
736 2706 851 2792 μηκέτι
869 2722 937 2783 τοῖς
958 2713 1026 2773 λοι-

56 2823 130 2885 ποῑς
149 2815 266 2876 ἔθνεσι
285 2803 432 2877 δυνατόν
455 2797 498 2895 ἦν
518 2807 717 2896 ἐφαρμόζειν
740 2804 778 2874 τά
798 2803 887 2894 παρά
907 2816 1029 2879 Μωσεϊ

55 2906 178 2996 νόμιμα
198 2907 253 2976 διά
271 2907 332 2990 τάς
348 2915 625 2996 προδηλωθείσας
644 2914 772 2995 αίτίας,
792 2908 890 2996 (χρῆν
909 2909 946 2977 όέ
966 2907 1027 2996 (λη’-

55 3036 121 3080 πον
145 3018 386 3102 φιλανθρωπία
416 3017 475 3081 τοῦ
507 3009 710 3098 παναγάθον
735 3013 803 3079 των
829 3008 918 3079 ὅλων
942 3013 1027 3078 θεοῦ

54 3110 183 3193 πάντας
201 3109 406 3201 ἀνθρώπους
425 3116 580 3201 σωθῆναι
597 3116 653 3181 καί
673 3119 720 3192 είς
743 3114 925 3198 ἐπίγνωσιν
944 3109 1025 3198 άλη-

16 3221 154 3295 νοθείας
173 3213 314 3303 ἐλθεῖν)
333 3211 373 3284 τά
391 3213 578 3301 κατάλληλα
596 3215 652 3283 καί
676 3208 820 3302 άρμόὸια
838 3229 905 3294 τοῖς
925 3215 1025 3281 πᾶσιν

54 3366 260 3373 -—--—--...--.

126 3450 156 3497 12
175 3448 274 3501 Matth,
289 3449 313 3511 ι,
330 3450 368 3497 ιι.
474 3450 506 3498 29
527 3449 549 3496 1.
564 3447 633 3508 Tim,
649 3449 672 3504 ι,
685 3447 710 3498 4.

828 3526 872 3590 Λεία·
