2326 3818
334 109 774 165 DEMONST.EVANG.H.³.
976 112 1034 174 131

68 257 105 325 ε’ν
124 259 342 345 αἰχμαλωσίᾳ,
360 257 396 322 οί
411 251 448 321 δδ
461 248 654 322 κατάλοιποι
670 254 732 322 τοῦ
749 257 832 321 λαοῦ
849 279 915 340 μου
932 248 973 323 οῦ
990 243 1036 342 μή

67 353 413 444 ε’ξολοθρενθήσονται
432 355 467 422 ἐκ
484 360 544 441 τής
561 349 721 434 πόλεως.”

145 461 214 526 161.
235 453 387 547 Συνάδει
403 454 459 524 καλ
476 460 581 524 ταῦτα
597 469 667 535 τοῖς
691 455 961 543 προτεθειμένοις
980 458 1034 524 ἐπὶ

66 564 112 651 τῷ
130 555 262 651 ὀλέθρῳ
285 562 345 627 τοῦ
369 553 492 636 παντός
507 551 681 626 Ἰουδαίων
698 563 821 637 ἔθνους
838 554 1035 644 μετελθόντι

40 654 189 740 εαῦτοῦς
212 655 293 748 μετά
317 656 379 746 τήν
400 660 461 728 τοῦ
477 659 626 744 Χριστοῦ
648 661 838 746 παρουσίαν
861 665 1034 746 πεπληρω-

65 763 159 848 μένα.
194 757 277 849 μετά
294 749 357 830 οὖν
373 758 435 849 τήν
452 756 518 829 άπὸ
525 762 728 847 Βαβυλῶνος
747 755 912 829 ἐπάνοδον
930 762 1034 828 ταῦτα

64 859 82 931 ὁ
101 868 268 952 Ζαχαρίας
286 859 508 951 προφητεύει,
525 867 696 944 θεσπίζων
709 859 770 948 τήν
783 857 850 929 ῦπδ
863 857 1035 949 Ῥωμαίων

64 965 292 1052 γενησομένην
314 959 462 1051 ὑστάτην
493 971 688 1053 πολιορκίαν
718 968 777 1032 τοῦ
801 967 901 1051 λαοῦ,
930 958 984 1049 ἐφ’
1009 952 1033 1052 ᾗ
1045 1000 1057 1028 ι

64 1069 124 1134 τοῦ
149 1063 272 1144 παντὸς
298 1070 422 1145 έθνονς
435 1061 610 1134 Ἰουδαίων
636 1061 831 1155 ὑποχειρίου
849 1081 918 1146 τοῖς
935 1073 1035 1135 πολε-

27 1193 52 1232 10
66 1172 152 1254 μίοις
180 1167 408 1255 γενησομένου
438 1163 561 1254 μόνους
592 1165 676 1253 φησὶ
704 1161 781 1245 τοῦς
813 1172 1034 1246 καταλοίπονς

65 1270 124 1336 τοῦ
147 1273 231 1336 λαοῦ
255 1263 492 1355 σωθήσεσθαι,
519 1262 678 1357 άντικρνς
703 1261 825 1348 αῦτοῦς
849 1263 926 1347 τοῦς
950 1262 1034 1336 άπο-

65 1365 204 1451 στόλους
221 1371 280 1437 τοῦ
299 1373 445 1455 σωτήρος
462 1361 557 1456 ήμῶν
576 1370 698 1455 δηλοῦν.

326 1540 368 1606 νδ
374 1531 391 1605 ’.
423 1530 503 1604 'Aah
521 1538 580 1605 τοῦ
593 1532 763 1627 Ἱερεμίου.

143 1674 213 1741 162.
229 1665 496 1761 ’Ἓπιστράφητε
519 1673 589 1742 υίοὶ
611 1666 849 1761 άφεστηκότες,
868 1672 959 1758 λέγει
975 1670 1033 1742 κό-

25 1800 151 1860 ιεριος,
185 1769 268 1842 διότι
292 1769 357 1861 έγά
383 1770 636 1863 κατακυριεῦσω
660 1769 773 1861 ὑμῶν,
801 1774 857 1841 καί
886 1769 1033 1863 λήψομαι

62 1867 148 1962 ῦμάς
165 1876 226 1944 ένα
245 1877 281 1944 ἐκ
306 1872 433 1956 πόλεως
451 1876 507 1944 καὶ
526 1871 588 1945 δῦο
606 1878 644 1944 έκ
657 1878 805 1963 πατριάς.
838 1875 894 1944 καὶ
913 1872 1032 1958 εἰσάξω

61 1971 148 2064 ῦμᾶς
174 1983 221 2056 είς
245 1973 360 2065 Σιῦν,
383 1977 440 2046 καὶ
465 1973 563 2045 δάσω
587 1973 670 2065 ὑμῖν
687 1976 845 2065 ποιμένας
869 1974 951 2044 κατά
970 1973 1032 2064 τήν

63 2081 207 2161 καρδίαν
230 2105 313 2165 μου,
337 2079 394 2147 καὶ
417 2080 639 2166 ποιμανοῦσιν
663 2070 767 2166 ῦμόις,
798 2085 1031 2166 ποιμαίνοντες

38 2242 43 2249 .
62 2172 135 2265 μετ’
156 2176 352 2266 ἐπιστήμης·
381 2179 436 2248 καὶ
457 2185 560 2267 ἔσται,
581 2174 639 2248 ε’άν
657 2183 879 2267 πληθυνθήτε
897 2181 952 2248 καὶ
972 2175 1060 2248 αῦ-ο

23 2308 49 2348 νο
63 2280 203 2366 ξηθήτε,
228 2280 317 2366 λέγει
340 2276 471 2368 κύριος,
498 2283 534 2349 έν
557 2295 629 2363 ταῖς
652 2276 788 2368 ἡμέραις
807 2283 950 2362 ἐκείναις
968 2279 1031 2349 οῦκ

62 2381 199 2467 ἐροῦσιν
223 2385 289 2467 ἔτι,
318 2375 459 2467 κιβωτός
491 2377 656 2468 διαθήκης
679 2387 800 2466 κυρίου
815 2374 945 2469 Ἰσραήλ
968 2377 1030 2450 οῦκ

61 2475 266 2568 ἀναβήσεται
291 2482 344 2551 ἐπὶ
368 2485 530 2572 καρδίαν,
559 2476 642 2551 οῦδὲ
665 2475 949 2570 όνομασθήσεται,
974 2483 1031 2550 καὶ

61 2577 102 2651 οῦ
121 2579 341 2672 ποιηθήσεται
359 2578 440 2653 έτι.”
936 2651 942 2661 ,

139 2689 209 2754 163,
230 2683 331 2775 Ὁμοῦ
355 2686 412 2756 καὶ
437 2689 474 2756 ἐν
503 2681 632 2767 τούτοις
655 2682 717 2773 τήν
742 2684 948 2775 ἐπιστροφήν
970 2689 1032 2755 τοῦ

21 2816 47 2855 νε
57 2782 188 2871 Ἰσραήλ
205 2785 267 2873 τήν
286 2790 322 2858 ἐν
339 2789 381 2876 τή
394 2793 562 2879 παρουσίᾳ
574 2791 633 2857 τοῦ
652 2792 799 2876 σωτήρος
813 2780 906 2875 ήμῶν
921 2784 1031 2875 Ἰησοῦ

61 2892 207 2975 Χριστοῦ
225 2891 452 2977 γενησομένην
469 2895 637 2977 θεσπίζει,
662 2883 743 2958 καθ’
769 2884 812 2975 ήν
836 2891 895 2957 ένα
915 2892 951 2958 έκ
969 2887 1031 2958 πό-

60 2995 143 3069 λεως
172 2988 229 3057 καὶ
261 2987 322 3059 δῦο
346 2993 382 3059 ἐκ
412 2992 571 3079 πατριάς,
601 2990 657 3058 καὶ
682 2986 814 3078 σφόδρα
838 2987 1030 3077 όλιγοστοῦς

60 3091 116 3158 καὶ
139 3086 274 3184 ἀριθμῷ
298 3098 433 3181 βραχεῖς
457 3089 672 3180 ἐκλεξάμενος
700 3093 859 3180 ποιμένας
888 3096 957 3160 τῶν
984 3098 1029 3171 είς

61 3186 166 3260 αὐτὸν
194 3190 467 3263 πεπιστευκότων
492 3195 622 3280 έθνων,
651 3193 708 3261 καὶ
734 3188 951 3279 αὐξηθέντων
976 3194 1030 3261 ἐπὶ

130 3423 331 3489 ωωεω

842 3505 893 3571 W
