2326 3818
313 119 501 172 οεαοαευ.
520 120 653 174 Ενεαο.
673 125 707 173 x.
728 126 752 174 ι.
771 126 795 175 ο.
969 123 1031 186 653

59 293 115 348 τος
132 260 192 334 τὸν
209 265 343 352 σωτῆρα
361 264 417 332 καὶ
430 260 548 352 κάριον
562 259 656 352 ήμῶν
669 264 736 332 τῶν
749 290 786 331 τε
799 259 907 344 άλλως
923 265 1032 352 έπιβε·

62 362 299 456 βονλευκότων
317 360 409 458 αὐτῷ
422 366 796 456 προαναφωνηθέντων,
815 364 929 454 καιρὸς
945 372 1032 436 ἰδεῖν

62 471 119 540 καὶ
135 466 177 538 τά
194 463 281 557 άμφὶ
299 463 335 537 τὰ
359 465 467 548 πάθος
485 463 590 538 αὐτοῦ
607 468 770 557 μέλλοντα
794 465 1032 554 συμβήσεσθαι

63 567 296 658 θεσπιζόμενα.

37 868 50 910 ο
404 836 486 910 Ἀπὸ
504 847 564 909 τοῦ
579 835 693 929 Ἀμάς.

139 976 196 1046 VI.
211 970 370 1065 “’ομνάει
384 973 497 1066 κύριος
511 971 593 1046 κατά
606 970 839 1069 ὑπερηφανίας
853 970 983 1064 Ἰακώβ,
1004 980 1036 1043 εί
1048 1015 1059 1043 e

63 1075 324 1169 έπιλησθήσεται
348 1085 395 1158 είς
419 1095 510 1158 νῖκος
534 1076 643 1147 πάντα
666 1076 707 1147 τά
732 1087 812 1167 ἔργα
835 1076 947 1167 ὑμῶν,
979 1079 1035 1147 καὶ

65 1184 119 1253 ἐπὶ
133 1179 261 1262 τούτοις
275 1175 317 1251 οὐ
330 1177 577 1268 ταραχθήσεται
590 1176 611 1266 ή
624 1183 680 1267 γή,
695 1181 752 1248 καὶ
766 1177 929 1267 πενθήσει
943 1173 1033 1259 πάςὸ

64 1288 228 1354 κατοικῶν
248 1287 285 1353 έν
298 1277 395 1370 αὐτῇ,
413 1281 469 1349 καὶ
483 1275 687 1368 ἀναβήσεται
705 1278 749 1359 ὡς
760 1280 905 1368 ποταμὸς
922 1277 1036 1367 ήσυν·

26 1409 52 1449 ιο
64 1389 189 1473 τέλεια,
216 1386 272 1453 καὶ
294 1379 516 1470 καταβήσεται
542 1375 586 1461 ὥς
611 1380 758 1470 ποταμός
777 1379 953 1468 Αἰγύπτου
978 1383 1034 1450 καὶ

66 1494 157 1556 ἔσται
182 1489 219 1553 έν
242 1488 354 1572 ἐκείνη
377 1489 417 1572 τῇ
440 1480 564 1573 ήμέρηι,
589 1484 678 1570 λέγει
702 1479 833 1570 κύριος,
861 1479 1034 1552 δυ’σεταιὸ

63 1583 155 1671 ήλιος
183 1588 408 1673 μεσημβρίας,
429 1584 490 1651 καὶ
519 1581 718 1652 συσκοτάσει
748 1585 802 1652 ἐπὶ
832 1586 889 1671 τῆς
913 1586 973 1670 γής
999 1586 1036 1652 έν

63 1683 169 1775 ήμέρηι
186 1681 223 1752 τὸ
242 1686 324 1772 φαίς.
367 1689 398 1753 2.
419 1685 475 1753 καὶ
492 1687 708 1773 μεταστρέψαι
732 1680 789 1764 τάς
808 1681 922 1773 ἑορτάς
939 1682 1064 1772 ὑμῶνσ

65 1792 112 1867 είς
137 1786 280 1873 πένθος,
305 1786 362 1854 καὶ
383 1781 491 1865 πάσας
513 1785 571 1866 τάς
596 1782 685 1878 ᾠδάς
703 1780 799 1874 ὑμῶν
823 1793 870 1865 εἰς
888 1789 1035 1875 θρήνου·

27 1908 53 1949 15
66 1888 123 1958 καὶ
139 1882 292 1977 άυαβιβῶ
309 1888 362 1957 έπὶ
381 1889 492 1957 πάσαν
504 1883 618 1976 ὀσφυυ
636 1886 762 1958 σάκκον
780 1888 834 1956 καὶ
858 1890 911 1956 έπὶ
925 1891 1037 1957 πάσαν

65 1989 216 2080 κεφαλήν
234 1988 455 2082 φαλάκρωμα
484 1991 540 2059 καὶ
553 1987 701 2080 θήσομαι
715 1986 818 2060 αὐτὸν
832 1987 944 2081 ὥσπερ
959 1992 1038 2060 πέν-

65 2103 129 2173 θος
147 2082 339 2219 άγαπητοῦ,
364 2095 419 2160 καὶ
437 2090 515 2172 τοὺς
532 2087 606 2181 μετ’
626 2091 730 2164 αὐτοῦ
749 2090 793 2174 ὡς
811 2090 939 2183 ἡμέραν
956 2090 1039 2163 ὀδά-

67 2221 136 2281 νης.
174 2189 285 2262 ίβου’
267 2194 387 2281 ημέραι
405 2199 574 2280 ἔρχονται,
595 2195 683 2279 λέγει
702 2193 832 2283 κύριος,
848 2197 904 2263 καὶ
924 2199 1037 2276 ἐξαπο-

68 2297 172 2365 στελῶ
186 2290 283 2382 λιμόυ
294 2289 399 2361 ἐπὶ
362 2320 425 2380 την
438 2293 513 2379 γήυ,
532 2321 573 2362 ου
564 2288 721 2382 ’λιμόυ’
699 2323 813 2383 αρτου,
832 2291 913 2363 οὐδε
933 2301 1038 2377 δίψαν

28 2418 55 2458 2⁰
67 2393 205 2484 ὕδατος,
230 2391 314 2464 άλλά
337 2390 435 2482 λιμόυ
452 2395 513 2462 του
529 2389 671 2464 άκοῦσαι
695 2393 796 2481 λόγον
813 2401 943 2484 κυρίου.
980 2396 1037 2464 καὶ

67 2495 335 2585 σαλευθήσονται
358 2493 466 2565 ὕδατα
489 2490 554 2565 άπό
572 2493 746 2584 θαλάσσης
771 2498 832 2576 ἕως
850 2493 1035 2585 θαλάσσης,

68 2602 123 2669 καὶ
142 2597 207 2669 άπὸ
225 2600 332 2689 βορρά
344 2601 405 2680 ἕως
419 2594 591 2668 άνατολοὸυ
604 2600 887 2689 περιδραμοῦνται
905 2603 1037 2687 ζητοῦν-

67 2728 119 2783 τες
137 2701 195 2772 τὸν
213 2699 313 2789 λόγον
330 2707 468 2791 κυρίου,
487 2703 543 2771 καὶ
561 2697 602 2772 οὐ
620 2699 664 2792 μή
684 2696 839 2792 εὕρωσι.”

145 2809 173 2872 3.
199 2803 268 2891 Τήν
286 2801 369 2871 κατά
382 2807 442 2873 τοῦ
456 2810 603 2892 σωτήρος
621 2800 828 2896 ήμῶνῦβριν
842 2806 896 2873 καὶ
915 2801 1038 2895 ὑπερη-

29 2923 55 2966 ²⁵
68 2912 196 2995 φανίαν
214 2905 270 2974 καὶ
290 2901 527 2991 ἐπανάστασιν,
545 2900 588 2992 ήυ
599 2907 829 2992 ἐπανέστησαν
843 2902 935 2999 αὐτῷ
953 2913 987 2976 οἱ
1003 2910 1039 2976 ἐκ

68 3012 263 3098 περιτομῆς,
281 3012 486 3088 θεσπίζουσα
503 3005 524 3093 ἡ
542 3009 695 3095 παροῦσα
712 3014 915 3098 προφητεία,
934 3005 1039 3096 ὀμνύ-

68 3137 126 3178 ναι
148 3107 207 3178 τὸν
230 3103 346 3197 κύριόν
370 3127 453 3196 φησι
476 3103 557 3178 καθ’
581 3103 815 3200 ὑπερηφανίας
831 3106 964 3196 Ἰακάβ,
992 3105 1037 3188 ὡς
1052 3140 1106 3192 (σε)

70 3208 110 3280 οὐ
134 3207 179 3299 μή
203 3212 331 3298 γένοιτο
354 3206 444 3299 λήθη
469 3212 535 3279 τάν
559 3204 633 3280 κατ’
659 3205 763 3281 αὐτοῦ
787 3211 1039 3299 τετολμημένων

138 3444 153 3491 6
172 3442 263 3494 Amos.
277 3444 301 3506 8,
315 3445 339 3494 7.
