2326 3818
539 131 691 184 EUSEBII

456 334 535 409 Ἀπδ
552 342 612 408 τοῦ
626 333 773 409 Ἠσαίου.

108 506 122 546 ι
214 488 276 548 XX.
305 468 459 565 “”ορασις
483 471 667 562 Αἰγύπτου.
718 471 794 542 ίδοῦ
818 468 931 562 κύριος
960 470 1106 561 κάθηται

138 579 192 647 ἐπὶ
209 578 352 666 νεφέλης
370 574 513 664 κούφης,
533 576 588 644 καὶ
606 571 675 662 ἥξει
694 580 741 656 είς
760 584 945 662 Αἴγυπτον,
964 575 1020 642 καὶ
1038 597 1107 644 σει·

137 676 301 767 σδήσεται
323 675 363 746 τὰ
388 684 598 767 χειροποίητα
622 673 799 764 Αἰγύπτου
828 673 893 744 ιἰπδ
923 673 1108 766 προσώπου

138 779 260 868 αὐτοῦ,
285 780 340 849 καὶ
364 776 385 865 ἡ
408 783 530 868 καρδία
554 774 666 847 αὐτῶν
683 775 905 866 ἡττηθήσεται
924 781 961 847 ἐν
979 775 1133 863 αῦτοίς,5

137 885 193 951 καὶ
218 877 499 969 ἐπεγερθήσονται
517 876 697 966 Αἰγύπτιοι
722 880 776 948 ἐπὶ
801 884 1023 967 Αίγυπτίονς,
1051 880 1108 947 καὶ

139 979 318 1069 πολεμήσει
335 977 514 1070 ἅνθρωπος
532 977 591 1049 τόν
607 975 755 1068 ιἰδελφὸν
770 973 882 1066 αῦτοῦ,
901 980 957 1046 καὶ
972 975 1108 1067 ἅνθρω-

139 1109 199 1163 πος
220 1081 280 1151 τὸν
304 1089 448 1170 πλησίον
471 1079 584 1151 αὑτοῦ.
626 1077 721 1161 πόλις
741 1082 794 1150 ἐπὶ
817 1076 915 1149 πόλιν
931 1080 987 1147 καὶ
1005 1075 1107 1166 νόμος

140 1186 193 1252 ἐπὶ
211 1181 324 1272 νόμον.
361 1183 417 1251 καὶ
434 1179 680 1273 ταραχθησεται
697 1181 734 1251 τό
756 1187 888 1270 πνεῦμα
912 1184 979 1250 τῶν
997 1187 1106 1267 Λίγυ-

139 1290 246 1354 πτίῶν
263 1287 300 1353 ἐν
319 1279 445 1371 αῦτολς,
464 1285 519 1352 καλ
537 1281 599 1371 τὴν
610 1281 739 1371 βουλὴν
756 1278 869 1352 αῦτῶν
883 1279 1107 1370 διασκεδάσαι,
1123 1311 1149 1350 ιο

139 1389 195 1455 καί
218 1383 465 1474 ἐπερωτησονσι
488 1383 567 1464 τοῦς
590 1382 693 1465 θεοῦς
716 1378 848 1471 αῦτῶν,
874 1385 929 1453 καί
946 1381 987 1452 τὰ
1003 1378 1109 1470 ῶγύλ-

138 1516 225 1577 ματα
249 1484 380 1574 αῦτῶν,
405 1484 561 1566 καὶτοὺς
586 1490 622 1555 ἐκ
647 1490 704 1575 τῆς
728 1489 788 1573 γης
811 1487 1025 1572 φωνοῦντας,
1051 1486 1109 1553 καλ

138 1588 216 1670 τοῦς
240 1587 545 1677 ἐγγαστριμύθους,
569 1588 626 1656 καλ
650 1585 839 1677 παραδώσω
862 1597 1036 1675 Αίγυπτον
1061 1593 1109 1667 είς

139 1707 251 1779 χεῖρας
281 1687 475 1780 ἀνθρώπων
504 1695 634 1780 κυρίαν
663 1693 833 1779 σκληρῶν,
871 1689 927 1760 καλ
958 1695 1109 1775 βασιλεῖς

139 1791 278 1880 σκληροὶ
292 1788 531 1881 κυριεῦσονσιν
546 1785 697 1859 αύτῦν·”
736 1791 792 1858 καὶ
813 1785 854 1858 τοὶ
875 1787 1003 1870 τούτοις
1024 1791 1107 1876 ἑξῆς.
1123 1815 1147 1856 15

73 1921 127 1971 (τοι)
141 1895 169 1962 2.
186 1893 241 1961 καὶ
260 1895 325 1963 νῦν
341 1889 400 1961 τὸν
414 1891 576 1979 δεύτερον
592 1888 674 1980 μετὰ
691 1889 749 1960 τὸν
767 1896 834 1961 τῶν
845 1887 932 1959 ὅλων
949 1887 1034 1959 θεὸν
1052 1892 1109 1958 καὶ

140 1992 274 2082 κύριον,
294 1990 397 2062 αῦτδν
416 1991 458 2081 δὴ
475 1989 534 2062 τῶν
552 1996 610 2061 τοῦ
628 1996 712 2062 θεοῦ
729 1989 847 2080 λόγον,
872 1987 963 2078 ἥξειν
983 1997 1029 2072 είς
1048 2003 1109 2060 Αί-

140 2119 268 2180 γνπτον
291 2088 312 2180 ἡ
338 2097 490 2184 παροῦσα
517 2102 703 2185 προφητεία
727 2101 899 2183 σημαίνει,
932 2094 986 2161 καί
1016 2088 1110 2179 ἥξειν

140 2190 202 2263 οῦκ
220 2190 357 2283 ἀφανῶς
364 2249 374 2283 ,
398 2191 476 2266 οὐδ’
495 2192 659 2288 ῶοροίτως,
685 2190 762 2264 οὐδ’
788 2192 871 2264 ῶνευ
888 2191 977 2276 τινδς
996 2216 1109 2282 σωμα-

140 2299 231 2384 τικης
245 2299 436 2387 περιβολῆς,
455 2296 529 2367 ἀλλ’
547 2299 601 2367 ἐπὶ
615 2299 757 2386 νεφέλης
770 2292 899 2385 κούφης
912 2294 1107 2384 ὀχούμενον,
1122 2323 1148 2364 ιο

139 2402 266 2485 μᾶλλον
285 2399 322 2467 δέ
340 2400 393 2469 ἐπὶ
409 2399 535 2489 πάχους
551 2402 711 2490 ἐλαφροῦ·
740 2394 827 2468 οῦτοι
842 2395 905 2487 γὰρ
919 2405 1008 2487 ἔχειν
1026 2399 1109 2484 φασλ

140 2497 200 2587 την
219 2498 384 2590 Ἑβραίων
407 2498 535 2589 φωνήν.
580 2506 609 2569 3.
631 2500 818 2589 λεγέτωσαν
843 2505 925 2586 δῆτα
945 2494 1110 2588 Ἐβραίων

139 2607 257 2681 παῖδες
276 2600 355 2671 πότε
371 2598 452 2689 μετὰ
470 2602 546 2683 τοῦς
559 2600 698 2672 Ἡσαΐου
716 2599 857 2692 χρόνους
873 2593 891 2669 δ
911 2597 1025 2687 κύριος
1043 2606 1109 2670 Αί-

140 2710 290 2786 γυπτίοις
310 2701 570 2791 ἐπιδεδήμηκεν,
593 2706 650 2772 καί
674 2717 767 2782 πολος
785 2699 914 2790 κύριος·
943 2695 990 2781 εἷς
1007 2695 1108 2790 γῶρὸ

48 2821 55 2829 ·
113 2803 194 2869 ιείιί
214 2801 349 2870 πάντων
366 2801 461 2883 θεός·
505 2805 560 2872 καὶ
578 2809 647 2886 πῶς
667 2806 720 2874 ἐπὶ
738 2800 864 2894 τύχους
888 2803 1035 2891 ἐλαφροῦ
1053 2791 1108 2871 οῦ·
1122 2831 1149 2871 ιε

140 2931 194 2983 τος
214 2907 407 2991 ἐποχεῖσθαι
426 2907 555 2993 λέγεται
574 2909 628 2975 καὶ
647 2910 788 2987 τοπικῶς
811 2910 998 2994 ἐπιβαίνειν
1016 2905 1108 2996 μέρει

140 3007 206 3072 τινὶ
224 3006 281 3091 της
299 3008 368 3092 γῆς.
394 3010 424 3075 4.
445 3008 720 3096 ἕρμηνευέτωσαν
735 3007 773 3076 δὲ
790 3009 846 3076 καὶ
860 3004 896 3076 τδ
914 3005 1017 3097 πύχος
1036 3010 1109 3076 έλα-

139 3104 243 3194 φρόν,
269 3112 305 3173 τί
328 3106 407 3175 ποτὲ
424 3104 488 3198 ῶρα
507 3111 592 3196 ἐστὶ,
617 3110 673 3177 καὶ
698 3105 807 3178 διὰτί
825 3107 871 3198 μὴ
888 3105 971 3179 ἄνευ
988 3106 1109 3182 τοῦτον

140 3209 269 3294 λέγεται
288 3205 304 3277 δ
324 3205 436 3299 κύριος
456 3213 632 3299 ἐπιδημεῖν
649 3211 690 3299 τῇ
708 3208 879 3304 Αίγύπτφ.
924 3215 953 3279 5.
974 3208 1053 3280 πότε
1073 3212 1110 3280 δέ

208 3441 222 3487 2
242 3440 287 3489 Es.
304 3442 382 3504 19,1.
