2326 3818
135 116 197 179 208
523 111 689 169 ,Ευεεεει

136 249 318 341 άλοάσηςὴ
342 250 415 322 κατ’
439 262 612 340 Αίγυπτον
637 254 705 322 τῶν
723 257 943 341 Πτολεμαίων
962 251 1102 340 διαδοχὴ

72 358 268 436 (κωλέλυτσ
305 358 337 435 ἐξ
362 357 493 424 ἐκείνου
517 355 631 423 τεκαὶ
656 360 703 434 είς
722 357 822 442 δεῦρο
846 352 883 422 τό
901 348 961 421 ἀπ’
982 355 1104 435 αίῶνος

136 457 192 525 καὶ
210 451 267 525 ἀπ’
289 451 391 542 αὐτῆς
410 449 454 535 ῶς
472 461 579 524 εἰπεῖν
592 458 651 542 τῆς
664 451 795 543 πρώτης
808 451 1024 545 ἀνθρωπείας
1042 476 1105 523 συ-

137 555 219 627 στάν
236 554 411 645 Αἰγύπτου
428 561 599 644 βασίλειον
623 553 804 645 καθῄρητο.
847 561 897 624 32.
918 557 950 637 ἐξ
972 558 1104 624 ἐκείνου

136 687 172 728 τε
190 660 246 728 καὶ
262 657 300 728 τὸ
315 653 489 729 Ἰουδαίων
507 664 607 737 ἔθνος
621 652 789 745 Ῥωμαίων
812 659 935 727 δοῦλον
951 659 1104 744 γέγονεν,
1130 684 1145 725 ε

137 763 192 830 καὶ
210 756 246 828 τό
264 756 391 847 Σάρων
409 752 585 844 ῶσαῦτως,
604 755 843 828 Καππαδόκων
860 784 896 827 τε
913 759 969 826 καὶ
989 767 1104 827 Μακε-

138 859 263 947 δόνων,
289 861 345 927 καὶ
368 865 544 945 Βιθυνῶν,
570 861 626 929 καί
640 854 824 947 Ἑλλήνων,
849 860 904 928 καὶ
928 856 1106 930 συνελόντι

137 959 242 1049 φάναι
272 966 340 1028 τῶν
371 963 497 1029 λοιπῶν
527 966 595 1029 τῶν
624 957 690 1029 ῦπῦ
719 958 781 1048 τὴν
801 954 968 1048 Ῥωμαίων
998 956 1106 1049 ἀρχὴν

138 1057 305 1129 ἁπάντων.
355 1064 404 1129 33.
424 1063 520 1130 τοῦτο
552 1061 589 1129 δὲ
619 1057 669 1130 ὅτι
692 1059 737 1149 μὴ
763 1058 859 1131 ἀθεεὶ
885 1063 926 1149 τῇ
950 1063 1105 1148 περὶτοῦ

138 1164 284 1250 σωτῆρος
308 1158 403 1248 ἡμῶν
429 1166 629 1252 διδασκαλίᾳ
654 1167 877 1250 συνεισῆλθεν
903 1173 952 1240 τίς
977 1156 1038 1231 οῦκ
1062 1157 1106 1231 ἀν
1119 1192 1146 1230 ιο

138 1259 368 1350 ὁμολογήσειε,
390 1264 583 1350 διανοηθείς
598 1257 641 1343 ῶς
655 1258 695 1332 οῦ
715 1261 833 1353 ῥηίδιον
851 1253 894 1350 ἦν
905 1278 974 1342 τοῖς
992 1274 1106 1351 μαθη-

111 1380 208 1443 εταῑς
235 1363 340 1433 αὐτοῦ
366 1371 504 1452 πορείαν
530 1367 583 1433 ἐπὶ
606 1368 664 1451 τῆς
689 1359 879 1452 ἀλλοδαπῆς
897 1371 1105 1453 στείλασθαι,

140 1463 327 1535 διεστώτων
357 1464 440 1553 πρὸς
463 1461 589 1553 άλληλα
611 1468 680 1533 τῶν
707 1468 837 1551 ἐθνῶν,
861 1467 918 1534 καί
942 1471 1106 1553 μηδεμιᾶς

138 1564 239 1654 οὔσης
259 1570 296 1636 ἐν
313 1563 425 1645 αὐτοῖς
445 1570 608 1654 ἐπιμιξίας
623 1564 677 1635 διὰ
691 1565 748 1647 τάς
766 1564 889 1648 πολλάς
909 1569 1104 1656 ἐθναρχίας

140 1656 187 1735 ῶν
220 1668 474 1756 περιηρημίνων
505 1663 642 1754 ἀφόβως
670 1664 737 1754 ἤδη
761 1670 817 1736 καὶ
848 1663 901 1736 ἐπ’
927 1666 1040 1748 ἀδείας
1069 1665 1105 1737 τῦ
1120 1693 1146 1735 1⁵

139 1773 357 1856 προκείμενον
376 1763 499 1855 ἤνυον,
523 1766 585 1854 τὴν
609 1773 749 1856 πορείαν
773 1764 888 1849 αὐτοῖς
905 1771 1107 1857 προεξενμα-

139 1875 294 1957 ρίσαντος
311 1870 372 1937 τοῦ
389 1870 443 1937 ἐπὶ
462 1865 598 1938 πάντων
611 1873 715 1954 θεοῦ,
729 1871 789 1943 ,καὶ
802 1865 879 1950 τοῦς
892 1865 1026 1957 θνμοῦς
1037 1871 1107 1937 τῶν

139 1967 221 2037 κατά
239 1967 350 2049 πόλεις
369 1967 626 2057 δεισιδαιμόνων
644 1967 739 2063 φόβρε
757 1974 816 2057 τῆς
840 1977 985 2058 μείζονος
1002 1965 1107 2057 ἀρχῆς

140 2076 423 2148 καταστείλαντος.
472 2074 522 2138 34.
550 2069 680 2157 λόγισαι
709 2069 773 2159 γάρ
805 2068 849 2150 ῶς
881 2078 912 2140 εί
933 2071 1038 2159 μηδὲν
1067 2069 1106 2140 τὸ

140 2176 271 2238 κωλῦον
294 2160 338 2258 ἦν
360 2166 436 2250 τοῦς
461 2172 537 2261 περὶ
562 2171 627 2259 τὴν,
642 2170 813 2240 πολάθεον
837 2169 968 2260 πλάνην
988 2174 1105 2261 ἐπτοη-
1121 2201 1146 2242 εο

139 2272 259 2358 μένους
283 2278 323 2361 τῇ
346 2274 407 2340 τοῦ
424 2276 570 2361 Χριστοῦ
589 2282 747 2361 πολεμεῖν
766 2278 983 2364 διδασκαλίᾳ,
1004 2270 1107 2342 πάλαι

115 2367 181 2442 τάν
207 2370 310 2462 ἑώρας
341 2364 424 2443 κατά
449 2371 561 2454 πόλεις
584 2377 640 2443 καὶ
663 2372 746 2444 κατά
776 2365 899 2463 ἀγροῦς
925 2377 1108 2463 ἐμφυλίους

85 2499 124 2552 [91]
141 2472 289 2562 στάσεις,
316 2473 481 2564 διωγμοώς
504 2503 540 2544 τε
563 2477 619 2544 καὶ
644 2479 808 2565 πολέμους
834 2473 874 2544 οῦ
892 2472 969 2556 τοῦς
987 2475 1109 2565 τυχόν-

139 2604 208 2662 τας,
229 2583 260 2643 εί
277 2575 318 2664 δὴ
337 2574 389 2662 ἐφ’
413 2579 543 2655 ἑαυτοῖς
558 2575 647 2664 εἶχον
661 2582 696 2645 οί
713 2582 956 2666 δεισιδαίμονες
970 2575 1032 2664 τὴν
1051 2573 1105 2646 ἐπ’

141 2674 253 2745 αὐτῶν
272 2679 434 2757 ἐξουσίαν.
471 2680 521 2744 35.
540 2683 605 2745 νῦν
624 2678 661 2746 δὲ
683 2680 736 2746 καὶ
756 2685 852 2747 τοῦτο
870 2683 955 2747 θεοῦ
972 2684 1032 2747 τοῦ
1052 2681 1147 2748 ἐπὶεε

140 2773 276 2844 πάντων
295 2781 393 2864 ἔργον
411 2765 470 2862 ἦν,
488 2774 524 2845 τό
542 2784 665 2864 μείζονι
681 2771 781 2871 φόβῳ
798 2784 855 2869 τῆς
869 2774 1026 2848 ἀνωτάτω
1045 2774 1104 2868 ἀρ-

139 2881 198 2962 χῆς
222 2873 299 2955 τοῦς
324 2874 464 2965 ἐχθροὺς
487 2879 547 2946 τοῦ
569 2886 694 2948 οίκείου
715 2877 817 2967 λόγου
835 2885 1104 2952 καταδουλῶσαι·

140 2974 340 3065 προκόπτειν
362 2977 426 3067 γάρ
450 2975 555 3048 αὐτόν
578 2973 737 3069 ὁσημέραι
761 2983 817 3050 καί
837 2987 883 3063 είς
901 2980 1026 3060 πάντας
1043 2976 1106 3047 άν-

139 3074 298 3167 θρώπους
322 3074 435 3161 αῦξειν
461 3076 624 3166 βούλεται.
671 3087 721 3151 36.
742 3080 843 3152 πάλιν
866 3110 901 3151 τε
925 3072 968 3150 αῦ
992 3078 1036 3160 ῶς
1059 3079 1105 3169 μὴ

139 3187 317 3268 νομισθείη
341 3180 423 3249 κατά
446 3179 657 3271 συγχώρησιν
680 3189 748 3252 τῶν
770 3180 984 3274 κρατούντων
1009 3186 1105 3271 διαρ-
1119 3211 1146 3253 εο

113 3283 267 3369 εκέσειν,
296 3284 408 3351 είποτέ
428 3311 476 3363 τις
498 3281 626 3353 τούτων
652 3292 796 3376 πονηρίᾳ
819 3286 962 3374 ληφθεὶς
979 3289 1025 3378 τῷ
1043 3286 1106 3353 τοῦ

141 3387 284 3469 Χριστοῦ
308 3380 395 3476 λόγω
419 3392 576 3472 πολεμεῖν
602 3383 786 3476 προύθετο,
813 3387 869 3455 καὶ
886 3389 983 3456 τοῦτο
1000 3383 1106 3476 πράτ-
