2326 3818
358 117 543 168 ουΜοαεΤ.
562 117 696 169 EVANG.
714 119 777 168 vn.
797 123 819 168 1.
1004 115 1066 177 447

98 254 284 347 ἀνθρώπου
303 254 562 343 προστύσσεται,
581 259 699 325 τοῦτον
713 260 841 343 καὶτῆς
859 259 974 343 καινῆς
993 263 1065 324 δια-

98 357 206 445 θήκης
232 361 438 445 δηλουμένης
462 355 519 426 τὸν
543 356 675 447 τρόπον.
726 356 1067 447 προσπαραλαμβοίνει

100 461 136 527 δὲ
154 463 221 528 τῶν
240 461 425 548 εἰρημένων
442 455 612 546 μύρτυρας
629 462 718 546 ἱερέα
731 461 784 527 καλ
801 457 987 546 προφήτην,
1007 462 1067 527 τοῦ

100 558 200 648 λόγου
224 558 442 639 παιδεύοντος
461 555 505 640 ῦς
528 555 578 629 ὅτι
598 557 709 647 δεήσει
734 564 770 628 έν
788 576 858 640 ταῖς
877 557 1067 641 ἀποδείξεσι

72 679 170 742 σταῖς
189 664 264 750 περὶ
289 665 348 730 τοῦ
367 664 514 750 Χριστοῦ
530 658 587 740 τῦς
606 659 670 730 ιἰπδ
693 664 751 748 τῆς
770 665 806 731 ἐν
823 659 914 753 νόμῳ
934 666 1067 748 ἱερουρ-

97 770 172 850 γίας
191 766 246 832 καὶ
265 769 332 832 των
349 760 430 850 μετὰ
448 767 552 833 ταῦτα
566 766 748 852 προφητῶν
760 771 944 852 μαρτυρίας
958 789 1067 849 παρα-

98 863 297 953 λαμβάνειν·
326 861 464 945 πιστοῦς
483 866 519 933 δέ
537 861 691 952 βούλεται
702 867 756 933 καὶ
772 861 879 946 ἄλλως
896 863 1065 953 μάρτυρας

98 966 184 1036 εἶναι
202 965 279 1046 τοῦς
297 959 359 1053 τήν
376 969 509 1053 γένεσιν
527 969 587 1035 τοῦ
605 968 814 1054 δηλουμένου
832 973 970 1036 παιδίου
988 967 1067 1053 μέλ-

98 1078 215 1149 λοντας
235 1067 442 1154 ἐποπτεύειν,
462 1075 509 1148 είς
527 1064 563 1136 τδ
577 1071 729 1136 συνιέναι
745 1065 915 1137 δύνασθαι
930 1065 969 1136 τδι
988 1095 1067 1154 προ-

60 1197 85 1236 10
98 1168 319 1258 φητευόμευα.
358 1174 428 1236 111.
444 1163 527 1238 “ε’διν
540 1165 604 1256 χδιρ
622 1165 667 1256 μή
685 1166 897 1256 πιστεύσητε,
922 1165 1003 1237 οῦδὲ
1021 1168 1065 1256 μή

99 1267 257 1358 συνήτε,”
284 1274 413 1357 ἐλέγετο
437 1267 610 1355 ἀνωτέρω,
636 1272 691 1338 καὶ
715 1267 774 1338 τδν
799 1271 861 1358 μὲν
884 1278 971 1358 ἔχειν
995 1276 1067 1357 φῶς

97 1376 199 1458 θεοῦ,
219 1372 330 1459 (τοῦτο
349 1370 411 1460 γὰρ
430 1369 447 1439 5
470 1369 596 1456 Οὐρίας
616 1369 847 1460 ἑρμηνεύεται)
867 1369 926 1438 τδυ
941 1372 977 1438 δέ
992 1370 1067 1439 υίδν
1081 1398 1133 1448 (332)

97 1468 178 1540 δυτα
198 1470 351 1560 εὐλογίας
366 1470 429 1560 τήν
441 1470 575 1561 μνήμην
589 1477 648 1541 τοῦ
662 1478 747 1541 θεοῦ
763 1475 799 1540 ἐν
814 1475 921 1565 ἑαυτῷ
934 1474 1064 1561 φέρειν·

98 1573 210 1661 (τοῦτο
228 1571 291 1663 χδρ
310 1576 366 1642 καὶ
384 1573 401 1642 5
420 1576 480 1643 τοῦ
502 1580 666 1662 Βαραχίου
685 1581 851 1662 Ζαχαρίας
870 1573 992 1662 δηλοῖ.)

59 1700 84 1739 ιε
179 1678 290 1745 Ταῦτα
312 1676 375 1764 μέν
392 1666 454 1745 οῦν
473 1681 520 1755 είς
537 1672 614 1755 τοῦς
637 1673 758 1754 τόπους
776 1671 869 1764 ήμείς
889 1673 1068 1762 ἐπιβεβλή-

97 1796 216 1864 καμεν’
252 1782 373 1847 Ἡλεί
399 1779 438 1846 δέ
462 1807 510 1859 τις
537 1779 605 1845 τοῖν
633 1781 669 1846 ἐκ
695 1782 873 1866 περιτομής
896 1773 937 1845 ού
964 1781 1066 1846 ταῦτα

96 1875 201 1959 οὕτως
219 1886 307 1968 ἔχειν
325 1877 492 1967 βούλεται,
511 1876 581 1965 ύρα
598 1873 679 1967 ήμῐν
697 1875 800 1949 αῦτδυ
814 1874 1066 1965 ἀποδεικνύναι,

95 1987 145 2061 τίς
163 1978 296 2051 πώποτε
314 1977 394 2067 παρ’
414 1979 528 2062 αύτοίς
541 1979 751 2071 Ἐμμανουήλ
769 1983 905 2069 γέγονε,
924 1984 979 2050 καὶ
997 1987 1067 2061 πῶς

96 2077 114 2149 5
139 2080 309 2170 προφήτης
334 2087 507 2170 προσῆλθε
531 2081 614 2169 πρδς
628 2081 690 2172 τήν
707 2089 891 2172 προφῆτιν,
916 2086 971 2152 καὶ
991 2091 1066 2151 τίνα

58 2208 84 2247 εο
98 2179 240 2268 ταύτην,
259 2185 402 2263 καὶπῶς
421 2188 621 2272 παραχρῆμα
640 2187 823 2271 συνέλαβε,
852 2187 908 2254 καὶ
926 2193 975 2265 τίς
992 2183 1009 2253 5
1031 2187 1066 2252 ἐκ

95 2287 153 2369 τής
177 2281 382 2369 προφήτιδος
405 2282 602 2371 ιἰποτεχθεὶς
625 2283 716 2371 υίὸς,
742 2274 769 2376 ηδ
792 2281 891 2365 αύτδς
915 2279 932 2352 5
952 2282 1066 2373 κύριος

98 2388 296 2453 ἐπιτέθειται
316 2381 421 2472 ὄνομα
436 2379 581 2471 “ταχέως
601 2382 805 2470 σκῦλευσον,
825 2382 923 2466 ὀξέως
943 2383 1066 2472 προνύ-
1082 2411 1094 2447 ι»

95 2481 256 2574 μευσον,”
276 2487 332 2554 καὶ
356 2493 405 2567 τίς
429 2480 558 2572 ήαίτία
584 2491 641 2572 τής
659 2487 795 2554 τοιοῖσδε
814 2489 873 2554 τοῦ
891 2486 1066 2573 τεχθέντος

96 2594 328 2677 προσηγορίας.
376 2592 445 2656 113.
473 2585 701 2658 δεικνύτωσαυ
730 2587 766 2658 δδ
794 2588 849 2657 καὶ
876 2585 911 2656 τὸ
939 2587 1019 2673 πρὶν
1046 2579 1066 2672 ή
1082 2612 1132 2663 ww!

57 2715 83 2753 τε
96 2697 225 2776 γνῶναι
243 2686 279 2759 τδ
297 2696 435 2760 παιδίον
453 2698 568 2761 καλείν
585 2691 711 2781 πατέρα
729 2682 750 2778 ή
768 2690 909 2780 μητέρα,
928 2684 990 2775 τήν
1010 2683 1065 2753 δύ·

96 2819 197 2876 υαμιν
222 2790 380 2879 εἰληφότα
399 2795 586 2881 Δαμασκοῦ
609 2793 665 2862 καὶ
689 2788 730 2862 τῦ
748 2796 856 2862 σκῦλα
874 2796 1066 2880 Σαμαρείας

96 2896 209 2959 ἔναντι
236 2894 398 2975 βασιλέως
422 2888 617 2981 Ἀσσυρίων,
669 2889 764 2981 ήμείς
791 2891 855 2984 γὰρ
881 2898 983 2963 ταῦτα
1013 2892 1066 2961 καί,

96 2988 178 3077 πρὸς
206 2993 294 3074 λέξιν
321 2993 377 3060 καὶ
403 2997 566 3081 τροπικῶς
592 2990 799 3082 ἐξειληφότες
824 2997 1066 3083 πεπληριδσθαι

96 3090 181 3162 αῦτδι
200 3099 380 3182 δείκνυμεν
399 3095 452 3164 ἐπὶ
471 3096 527 3183 τῆς
542 3097 601 3166 τοῦ
615 3097 761 3186 σωτῆρος
780 3089 874 3186 ήμῦυ
893 3095 1066 3183 γενέσεως,

57 3219 83 3258 30
96 3201 321 3285 παριστῦντες
339 3196 410 3266 τοτδ
429 3195 491 3286 μὲν
509 3197 615 3287 ῥητῶς
630 3193 712 3267 κατὰ
726 3193 786 3286 τήν
800 3191 977 3286 πρόχειρον
997 3191 1066 3263 δαί-

96 3326 205 3386 υοιαν,
223 3299 295 3368 τοτὲ
315 3298 352 3369 δέ
370 3300 534 3386 ιροπικιᾶς
550 3302 623 3377 δεῖν
639 3293 830 3388 ίπιβιίλλειν
848 3310 918 3381 ιαλς
938 3323 1065 3386 προφη-

96 3406 207 3480 τείαις.
255 3405 324 3470 114,
345 3395 463 3472 αύτίκα
483 3400 557 3492 έξής
574 3415 646 3484 ταῖς
665 3399 918 3492 προιιρημέναις
936 3412 1090 3490 φωναίςι
