2326 3818
330 113 517 169 DEMONST.
537 113 669 167 εοεαε.
688 115 725 167 11.
745 119 768 166 3.
968 110 1030 175 129

57 247 100 327 οῦ
113 253 246 337 “name
264 252 407 339 ψεκάδες
421 256 474 325 ἐπὶ
486 248 589 324 πόαν”
609 246 627 323 ό
644 249 796 339 Ἀκύλας,
814 250 832 322 δ
851 253 888 323 δέ
907 259 1029 324 Θεοδο·
1045 279 1086 331 (εει

58 352 228 429 τίων“καὶ
243 350 322 428 άσεὶ
335 354 469 445 νιφετὸς
483 356 537 425 ἐπὶ
554 351 689 444 χόρτον”
712 352 947 425 ἐκδεδόκασιν.
973 358 1029 425 καὶ

59 456 161 529 πάλιν
178 454 253 529 ἀντὶ
271 465 331 528 τοῦ
343 450 455 538 “ὅπως
473 455 518 546 μὴ
536 456 694 546 συναχθῇ
709 456 827 544 μηδείς
844 456 928 545 μηδὲ
946 451 1028 527 ῦπο-

59 564 121 650 στῇ
141 565 177 631 έν
195 563 282 642 υίοῑς
299 555 505 648 ἀνθρώπων,
524 557 610 648 μηδὲ
623 555 798 646 προσκόψη
808 554 881 638 υίὸς
894 553 1028 645 ἀνθρά-

32 657 151 732 τπου”
177 664 283 752 φησίν
309 655 327 730 ὁ
350 666 540 732 Θεοδοτίων
558 653 618 741 “δς
642 654 682 730 οῦ
708 674 804 748 μενεῖ
831 655 1026 746 άνθρωπον,

58 765 115 834 καὶ
132 760 195 834 οῦκ
214 767 341 834 έλπίσει
367 764 420 832 ἐπὶ
444 760 521 832 υἱὸν
545 756 753 851 άνθράπου”
780 762 836 830 καὶ
854 757 1029 843 δἈκύλας

51 859 112 946 “ῦς
137 861 199 955 οῦχ
224 860 388 955 ὑπομενεῖ
409 860 518 955 ἄνδρα
547 862 603 932 καί
622 858 662 933 οῦ
680 864 757 952 περὶ
776 860 873 944 υίούς
891 858 1028 952 άνθριό-

57 962 160 1038 πων.”
188 971 257 1038 153.
280 963 323 1037 δι’
346 955 395 1036 όν
409 972 500 1036 πᾶσα
513 971 582 1038 τάν
599 959 795 1035 ἀποστόλων
806 971 867 1035 τοῦ
880 969 1027 1054 σωτῆρος

58 1066 152 1158 ἡμων
171 1071 263 1151 ἐλπὶς
280 1065 358 1139 οὔτε
377 1074 425 1149 είς
442 1063 638 1156 ἀνθρωπον,
657 1062 730 1135 ἀλλ’
754 1072 801 1148 είς
818 1063 876 1136 τόν
894 1070 1028 1156 σωτῆρα

20 1172 115 1239 ιοκαὶ
138 1168 255 1260 κύριον
278 1165 409 1256 αύτων,
440 1159 536 1250 οῦτος
561 1169 597 1237 δὲ
622 1157 664 1257 ἦν
686 1165 782 1238 δτοῦ
811 1171 897 1238 θεοῦ
919 1167 1025 1255 λόγος.

61 1275 130 1341 154,
150 1267 200 1351 οἷς
224 1274 298 1359 ἑξῆς
322 1272 466 1358 ἐπιλέγει
480 1264 557 1339 “nal
583 1275 675 1339 έσται
697 1266 734 1338 τό
757 1263 947 1361 ῦπόλειμμα
968 1266 1027 1340 Ἰα·
1045 1299 1057 1337 ο

58 1370 130 1459 κώβ
149 1374 185 1443 έν
203 1387 272 1453 τοῖς
290 1378 428 1442 ἔθνεσιν
446 1372 589 1462 ἐνμέσῳ
607 1375 699 1441 λαῶν
716 1373 861 1457 πολλῶν,
880 1365 924 1451 ὡς
942 1372 1028 1441 λέων

58 1477 96 1544 έν
113 1489 183 1554 τοῖς
200 1471 333 1564 κτήνεσι
352 1475 413 1542 τοῦ
432 1475 561 1561 δρυμοῦ
588 1472 643 1540 καὶ
667 1466 712 1553 ῦς
736 1469 883 1561 σκύμνος
901 1475 939 1541 ἐν
956 1499 1027 1541 ποι·

58 1579 167 1662 μνίοις
184 1573 376 1663 προβάτων
416 1568 456 1644 ῦν
473 1571 598 1663 τρόπον
614 1571 696 1643 ὅταν
715 1574 852 1662 διέλθῃ,
877 1575 933 1642 καὶ
954 1578 1027 1642 δια-

20 1704 45 1744 15
59 1682 189 1759 στείλας
207 1674 360 1767 ἀρπάση,
384 1678 440 1746 καὶ
462 1673 509 1765 μὴ
525 1665 584 1766 ᾖδ
610 1671 873 1766 έξαιρούμενος.”
913 1670 958 1744 δι’
980 1665 1028 1744 οῦν

58 1776 149 1868 οἶμαι
168 1781 357 1867 δηλοῦσθαι
370 1775 407 1848 τό
420 1779 611 1868 θαρσαλέον
629 1777 685 1846 καί
702 1772 956 1864 ἀκατάπληκτον
968 1782 1027 1847 τοῦ

55 1879 280 1951 άποστολικοῦ
302 1876 519 1972 κηρύγματος.
570 1883 642 1948 155.
667 1884 765 1968 δίκην
788 1881 872 1966 γοῦν
896 1879 1027 1960 λέοντος

58 1984 114 2052 καὶ
132 1980 283 2072 σκύμνον
302 1984 339 2053 έν
351 1988 397 2075 τῷ
413 1984 528 2074 δρυμῷ
542 1984 610 2051 τῶν
624 1983 737 2052 έθνοῦν
750 1982 806 2050 καὶ
821 1981 856 2049 έν
874 1985 1027 2061 ταϊςτῶν

58 2079 288 2172 ἀνθρωπίνων
301 2081 479 2173 προβάτων
492 2080 625 2172 ἀγέλαις
640 2079 863 2171 εἰσβαλόντες,
881 2085 937 2151 καὶ
957 2088 1026 2152 δια·

17 2212 45 2252 ιο
59 2191 248 2267 στείλαντες
261 2183 338 2264 τοῦς
351 2182 463 2267 ἀξίους
477 2179 542 2254 άπδ
557 2190 624 2253 τιῦν
637 2179 796 2272 ἀναξίων,
815 2179 1027 2271 ῦπηγάγοντο

59 2293 104 2355 τῦ
122 2287 271 2374 Χριστοῦ
288 2283 392 2378 λόγῳ·
420 2284 502 2375 πρός
516 2280 556 2355 δν
570 2287 644 2374 ἑξῆς
661 2281 890 2373 ἀναφανεῖται
907 2285 947 2354 τὰ
966 2282 1025 2354 ἀπ’

58 2384 163 2457 αὐτοῦ
181 2383 424 2474 “ῦυωθησετοιι
448 2383 469 2474 ἡ
493 2393 564 2475 χείρ
589 2408 651 2455 σον
675 2388 729 2455 ἐπὶ
752 2385 828 2467 τούς
845 2384 1027 2472 θλίβοντάς

56 2509 108 2578 σε,
128 2490 183 2558 καὶ
201 2486 324 2571 πάντες
343 2492 377 2558 οί
392 2491 513 2578 ἐχθροί
526 2512 589 2558 σον
604 2483 979 2576 έξολοθρευθῄσονται.”
1006 2483 1080 2568 διες

56 2591 113 2659 καὶ
127 2588 208 2661 αὐτὸ
223 2589 383 2680 πάρεστιν
389 2588 578 2680 ὀφθαλμοῖς
587 2587 871 2679 παραλαμβάνειν.
896 2595 1027 2676 μυρίων

15 2719 45 2759 ετ
59 2693 121 2781 γάρ
144 2689 234 2763 ῦσωυ
253 2692 312 2762 τόν
335 2694 483 2782 Χριστοῦ
506 2688 607 2781 λόγου
628 2689 827 2775 θλιψάντων
850 2692 906 2760 καὶ
927 2693 1056 2761 είσέτιο

57 2797 122 2862 νῦν
145 2792 399 2883 πολεμούντων,
423 2792 603 2885 ὑπερήρθη
626 2796 682 2864 καὶ
706 2799 867 2880 κρείττων
891 2790 1027 2863 πάντων

57 2895 203 2981 γέγονεν.
248 2900 319 2965 156.
338 2892 423 2964 ἀλλά
448 2898 504 2965 καί
529 2893 692 2983 ὑυύθηὴ
711 2897 784 2983 χεὶρ
801 2897 861 2965 τοῦ
880 2899 1028 2981 Χριστοῦ

57 2992 140 3064 κατά
163 2992 300 3066 πάντων
326 2999 394 3065 τοῦν
423 2994 620 3078 θλιψάντων
643 2993 765 3085 αὐτόν,
795 3000 886 3066 οἵτε
912 3001 1027 3085 ἐχθροὶ

57 3095 162 3167 αὐτοῦ
178 3095 300 3179 πάντες
324 3100 359 3167 οί
379 3097 462 3166 κατὰ
487 3095 627 3187 χρόνους
648 3095 904 3187 ἐπανιστάμενοι
923 3096 1027 3167 αὐτοῦ

18 3226 44 3265 ιο
58 3206 98 3289 τῇ
117 3203 275 3292 ἐκκλησίᾳ
294 3199 644 3289 έξολοθρενθήσεσθαι
662 3202 824 3288 λέγονται.

106 3531 247 3568 ausanius
267 3532 313 3572 111.
