2326 3818
335 107 523 162 DEMONST.
543 107 676 160 ενκαο.
696 109 743 162 ιν.
763 111 786 162 3.
975 105 1039 170 215

69 251 114 340 τῷ
139 243 344 338 πρωτοτύπςο
371 243 538 330 σώζουσα;
567 248 637 326 πώς
663 241 694 313 δ’
715 241 757 314 άν
781 247 836 314 καὶ
858 243 962 316 αὐτοῦ
980 251 1039 316 τοῦ

70 345 146 429 ἑνός
165 359 215 435 είη
234 347 352 433 είκών,
372 354 403 416 εί
418 343 463 434 μη
481 352 540 433 μία
558 344 648 434 καὶὴ
667 344 751 434 αὐτὴ
769 337 868 431 οὐσα;
887 344 976 429 ὅπως
994 344 1038 436 μη

69 448 175 538 μόνον
192 455 249 536 τῆς
267 443 383 527 οὐσίας
401 452 461 516 τοῦ
479 445 631 536 πρώτου,
650 442 734 515 άλλδι
751 450 807 517 καί
825 453 884 517 τοῦ
903 446 985 518 κατά
1003 450 1039 518 τδ

70 547 176 620 ποσόν
201 545 348 637 άριθμού
379 546 441 637 τὴν
464 546 624 636 ὁμοίωσιν
649 547 820 636 ἐπάγοιτο,
852 546 939 618 ὥσθ’
966 548 1039 631 ἕνδς

43 652 158 723 εείναι
181 654 241 719 τού
264 649 377 720 άλδίου
401 649 511 738 φωτός
536 655 574 720 ἓν
591 647 627 719 τό
645 651 787 737 τέλειον,
812 647 885 719 ἀλλ’
907 646 947 719 οὐ
967 649 1040 718 διά-

71 781 160 842 φορα
183 755 239 821 καὶ
263 748 369 821 πολλά
391 750 427 821 τὸ
452 756 595 842 πρώτον.
609 754 664 821 καλ
687 752 865 839 μονογενὲς
889 758 1039 839 ἔκγονον,

71 850 151 923 αὐτὰ
178 855 219 942 δη
247 857 355 923 ἐκεῖνο
382 851 418 922 τὸ
437 855 493 922 καὶ
512 852 593 942 ἡμίν
611 855 743 940 πρώτον
761 850 841 940 μετά
859 850 921 940 τὴν
939 850 1040 942 άναρ-

70 985 130 1045 χον
141 957 196 1025 καὶ
210 953 394 1043 ἀγέννητον
407 951 527 1025 οὐσίαν
541 952 808 1042 θεολογούμευον
817 957 943 1024 τέλειον
957 951 1041 1041 άγα-

69 1055 145 1130 δόν.
171 1063 200 1126 9.
221 1060 280 1125 ἕνα
295 1064 379 1145 γοῦν
397 1056 459 1145 χρη
478 1053 550 1136 ἑνός
564 1056 687 1146 πατρὸς
705 1058 760 1124 καὶ
774 1054 832 1125 τὸν
849 1056 926 1125 νίδν
945 1058 1039 1125 εἶναι.

32 1189 58 1228 ιο
72 1161 127 1227 καὶ
151 1155 214 1247 γάρ
238 1162 314 1245 μιάς
339 1155 482 1237 εὐωδίας
502 1161 534 1240 ἐξ
557 1155 778 1244 ὑποκειμένης
795 1154 885 1238 τινός
903 1155 1066 1244 προσοὺ-τ

72 1279 132 1346 σης
150 1255 283 1345 οὐσίας,
302 1265 383 1346 μίαν
402 1260 457 1326 καὶ
475 1256 537 1346 τὴν
556 1254 662 1344 αὐτὴν
680 1261 908 1346 προχεομένην
922 1254 1042 1344 ἡδεῖαν

73 1367 121 1439 είς
150 1357 276 1438 πάντας
302 1356 427 1447 ὀδμὴν,
455 1356 528 1427 ἀλλ’
559 1355 600 1428 οὐ
625 1357 806 1447 διαφόρους
837 1362 892 1426 καὶ
918 1358 1042 1439 πολλάς

72 1458 234 1548 προσήκοι
252 1453 295 1528 άν
312 1457 496 1547 ὁμολογεῖν.
533 1464 593 1529 τοῦ
612 1464 696 1546 δῆτα
714 1458 848 1545 πρώτου
863 1461 919 1527 καλ
936 1458 1042 1547 μόνον

72 1559 221 1650 άγαθού,
240 1557 259 1630 δ’
278 1558 402 1630 ἐστινὸ
422 1558 648 1649 παμβασιλεύς
667 1558 757 1647 θεός,
776 1565 824 1652 νῷ
839 1562 894 1629 καὶ
909 1566 1042 1651 διανοία

35 1690 59 1730 ιι
73 1663 201 1751 ληπτὴν
220 1669 341 1732 ἔνθεον
358 1663 413 1731 καὶ
432 1659 572 1749 ζωτικὴν
590 1659 736 1731 εὐωδίαν
754 1659 1042 1749 ὐποστησαμένοο,

72 1773 152 1854 μίαν
170 1762 307 1852 ταύτην,
325 1759 401 1832 ἀλλ’
420 1758 461 1831 οὐ
478 1770 614 1844 πλείους
633 1766 780 1833 ἐπινοεῖν
797 1765 903 1851 θέμις.
943 1768 990 1830 10.
1010 1770 1045 1831 τί

71 1863 135 1954 γάρ
166 1861 209 1934 άν
239 1867 294 1935 καὶ
319 1867 448 1951 γένοιτο
472 1862 593 1952 ταύτης
619 1866 732 1951 ἕτερον
759 1863 840 1933 κατά
864 1863 972 1932 πάντα
996 1868 1042 1954 τῷ

72 1969 172 2055 πατρὶ
196 1965 478 2055 άφωμοιωμένης,
505 1964 535 2034 εί
556 1963 602 2054 μή
623 1975 660 2034 ’τι
676 1963 742 2054 άρα
759 1963 968 2054 ὑποβεβηκδς
987 1968 1041 2032 καὶ
1093 1979 1101 1986 ’

73 2083 200 2156 χείρους
219 2064 237 2136 δ
256 2065 411 2154 οὐδαμῶς
429 2065 511 2153 ἡμίν
530 2070 566 2137 ἐν
579 2071 619 2156 τῇ
633 2072 691 2137 τοῦ
706 2070 784 2136 υίού
801 2075 959 2156 θεολογία
979 2095 1042 2134 πα-
1058 2095 1072 2133 ο

34 2192 62 2232 νο
75 2171 274 2256 ρεισακτέον.
318 2164 414 2255 άτμὶς
433 2166 496 2256 γάρ
517 2171 584 2237 ἐστι
603 2170 659 2255 τῆς
677 2172 735 2235 τοῦ
761 2172 847 2236 θεοῦ
871 2165 1045 2254 δυνάμεως

73 2269 129 2336 καὶ
152 2263 316 2356 άπόρροια
339 2271 396 2352 της
420 2273 479 2338 τοῦ
498 2265 763 2356 παντοκράτορος
790 2265 885 2354 δόξης
906 2275 1043 2356 είλικρι-

73 2366 143 2455 νής.
181 2373 229 2436 11.
252 2370 284 2449 ἐξ
304 2365 454 2447 εὐώδους
471 2369 532 2455 μὲν
551 2368 613 2455 γάρ
632 2367 800 2455 σώματος,
825 2366 935 2455 μόρου
952 2367 1043 2446 τινὸς

74 2472 157 2556 φέρε
183 2463 204 2559 ἢ
228 2471 283 2537 καὶ
308 2476 376 2538 τών
399 2465 464 2538 άπό
490 2474 551 2557 γῆς
569 2465 781 2556 άκμαζόυτων
799 2466 916 2537 άνθών
934 2472 1044 2536 τεκαὶ

73 2568 258 2660 άρωμάτοιν
278 2568 407 2658 εὐώδης
425 2599 473 2650 τις
492 2570 577 2658 πνοὴ
596 2567 685 2659 παρά
703 2567 739 2639 τό
758 2572 889 2657 πρώτον
906 2563 1043 2638 ὑποκεί-

34 2699 61 2738 ιε
73 2702 177 2761 μενον
196 2681 241 2754 είς
260 2671 351 2743 άπαν
363 2670 400 2742 τό
416 2671 506 2753 ἐκτὸς
520 2675 674 2761 περιέχον
687 2688 867 2760 προχεῖται,
887 2673 942 2738 καὶ
961 2680 1046 2756 πλη-

75 2790 130 2861 ροῖ
144 2801 184 2860 γε
202 2776 258 2842 καὶ
276 2772 334 2843 τόν
352 2770 434 2864 άέρα
454 2781 499 2855 είς
517 2773 638 2854 πλάτος
658 2769 881 2861 άναχεομένη,
900 2769 973 2840 οὐτι
993 2799 1044 2840 πω

76 2873 157 2942 κατά
184 2876 340 2962 στέρησιν
367 2869 387 2962 ἢ
413 2884 553 2962 μείωσιν
579 2870 599 2962 ἢ
623 2871 727 2962 τομὴν
750 2868 770 2961 ἢ
796 2880 961 2963 διαίρεσιν
985 2879 1045 2942 τοῦ

75 2977 371 3062 προῦποκειμίνου.
410 2979 458 3043 12.
478 2973 598 3045 τούτου
616 2973 680 3064 γάρ
699 2979 735 3044 ἐν
753 2981 860 3065 οίκεία
879 2973 969 3064 χώρα
987 2977 1046 3062 με’-

75 3105 191 3155 νουτος
210 3078 265 3145 καί
284 3075 346 3162 τὴν
368 3072 550 3162 ταντότητα
569 3077 650 3161 πρὸς
670 3073 768 3144 ἑαυτό
785 3073 964 3159 σώζοντος,
984 3073 1045 3161 τηύ

36 3202 63 3244 ιο
76 3205 112 3246 τε
132 3174 242 3264 εὐώδη
268 3175 413 3264 δύναμιν
431 3174 703 3264 άπογεννώντος,
730 3173 833 3246 οὐδὲν
851 3179 911 3243 τού
928 3180 1047 3264 προτέ-

77 3307 138 3363 ρον
157 3295 286 3366 χεῖρον,
312 3280 367 3346 καὶ
391 3274 427 3346 τό
445 3275 657 3366 γεννώμενον
681 3274 805 3356 εὐῶδες
823 3283 952 3347 οίκείαυ
970 3283 1046 3365 ἔχον

76 3373 275 3467 ὑπόστασιν,
295 3373 339 3459 ώς
356 3376 406 3448 ὅτι
419 3376 607 3468 μάλιστατὸ
625 3376 819 3468 ὁμοιότατον
836 3383 880 3468 τῇ
895 3381 958 3447 τοῦ
977 3404 1058 3461 γευ-
