<?xml version="1.0" encoding="UTF-8"?>
<!DOCTYPE html PUBLIC "-//W3C//DTD XHTML 1.0 Transitional//EN"
    "http://www.w3.org/TR/xhtml1/DTD/xhtml1-transitional.dtd">
<html xmlns="http://www.w3.org/1999/xhtml" xml:lang="en" lang="en">
 <head>
  <title>
</title>
<meta http-equiv="Content-Type" content="text/html;charset=utf-8" />
  <meta name='ocr-system' content='tesseract 3.04.00' />
  <meta name='ocr-capabilities' content='ocr_page ocr_carea ocr_par ocr_line ocrx_word'/>
</head>
<body>
  <div class='ocr_page' id='page_1' title='image "./eusebiicaesarie01dindgoog/eusebiicaesarie01dindgoog_0289.png"; bbox 0 0 2326 3818; ppageno 0'>
   <div class='ocr_carea' id='block_1_1' title="bbox 134 110 687 172">
    <p class='ocr_par' dir='ltr' id='par_1_1' title="bbox 134 110 687 172">
     <span class='ocr_line' id='line_1_1' title="bbox 134 110 687 172; baseline 0.004 -14"><span class='ocrx_word' id='word_1_1' title='bbox 134 112 197 172; x_wconf 60' lang='grc' dir='ltr'><em>γης</em></span> <span class='ocrx_word' id='word_1_2' title='bbox 537 110 687 161; x_wconf 78' lang='grc' dir='ltr'><em>Εσεευπ</em></span> 
     </span>
    </p>
   </div>
   <div class='ocr_carea' id='block_1_2' title="bbox 69 244 1151 3269">
    <p class='ocr_par' dir='ltr' id='par_1_2' title="bbox 69 244 1151 3269">
     <span class='ocr_line' id='line_1_2' title="bbox 69 244 1108 338; baseline 0.002 -21"><span class='ocrx_word' id='word_1_3' title='bbox 69 279 122 328; x_wconf 76' lang='grc' dir='ltr'><em>μευ)</em></span> <span class='ocrx_word' id='word_1_4' title='bbox 135 246 297 337; x_wconf 88' lang='grc' dir='ltr'><em>νῆσαντος</em></span> <span class='ocrx_word' id='word_1_5' title='bbox 316 246 416 336; x_wconf 84' lang='grc' dir='ltr'><em>φύσει</em></span> <span class='ocrx_word' id='word_1_6' title='bbox 436 246 491 318; x_wconf 77' lang='grc' dir='ltr'><em>δια</em></span> <span class='ocrx_word' id='word_1_7' title='bbox 509 256 566 336; x_wconf 89' lang='grc' dir='ltr'><em>τῆς</em></span> <span class='ocrx_word' id='word_1_8' title='bbox 583 255 706 328; x_wconf 80' lang='grc' dir='ltr'><strong><em>οἰκείας</em></strong></span> <span class='ocrx_word' id='word_1_9' title='bbox 724 244 984 338; x_wconf 82' lang='grc' dir='ltr'><em>ἆπομεμίμηται·</em></span> <span class='ocrx_word' id='word_1_10' title='bbox 1012 247 1108 338; x_wconf 87' lang='grc' dir='ltr'><em>πλῆν</em></span> 
     </span>
     <span class='ocr_line' id='line_1_3' title="bbox 135 346 1107 440; baseline 0.003 -22"><span class='ocrx_word' id='word_1_11' title='bbox 135 346 212 419; x_wconf 73' lang='grc' dir='ltr'><em>ἀλλ’</em></span> <span class='ocrx_word' id='word_1_12' title='bbox 233 356 280 418; x_wconf 79' lang='grc' dir='ltr'><em>ἔτι</em></span> <span class='ocrx_word' id='word_1_13' title='bbox 297 354 400 420; x_wconf 88' lang='grc' dir='ltr'><em>ταῦτα</em></span> <span class='ocrx_word' id='word_1_14' title='bbox 423 347 534 438; x_wconf 88' lang='grc' dir='ltr'><em>γεώδη</em></span> <span class='ocrx_word' id='word_1_15' title='bbox 557 352 613 419; x_wconf 80' lang='grc' dir='ltr'><em>καὶ</em></span> <span class='ocrx_word' id='word_1_16' title='bbox 630 347 739 439; x_wconf 71' lang='grc' dir='ltr'><em>θνητοὶ</em></span> <span class='ocrx_word' id='word_1_17' title='bbox 763 352 819 418; x_wconf 84' lang='grc' dir='ltr'><em>καὶ</em></span> <span class='ocrx_word' id='word_1_18' title='bbox 836 352 919 440; x_wconf 90' lang='grc' dir='ltr'><em>μέρη</em></span> <span class='ocrx_word' id='word_1_19' title='bbox 936 354 994 438; x_wconf 84' lang='grc' dir='ltr'><em>τῆς</em></span> <span class='ocrx_word' id='word_1_20' title='bbox 1012 348 1107 422; x_wconf 79' lang='grc' dir='ltr'><em>κάτω</em></span> 
     </span>
     <span class='ocr_line' id='line_1_4' title="bbox 136 447 1105 541; baseline 0.001 -21"><span class='ocrx_word' id='word_1_21' title='bbox 136 456 345 539; x_wconf 82' lang='grc' dir='ltr'><em>φθοροποιοῦ</em></span> <span class='ocrx_word' id='word_1_22' title='bbox 363 453 418 520; x_wconf 79' lang='grc' dir='ltr'><em>καὶ</em></span> <span class='ocrx_word' id='word_1_23' title='bbox 436 449 583 538; x_wconf 88' lang='grc' dir='ltr'><em>γεώδους</em></span> <span class='ocrx_word' id='word_1_24' title='bbox 596 449 740 539; x_wconf 81' lang='grc' dir='ltr'><em>φύσεως.</em></span> <span class='ocrx_word' id='word_1_25' title='bbox 779 455 827 521; x_wconf 88' lang='lat'><em>13.</em></span> <span class='ocrx_word' id='word_1_26' title='bbox 847 449 886 520; x_wconf 82' lang='grc' dir='ltr'><em>τό</em></span> <span class='ocrx_word' id='word_1_27' title='bbox 904 480 942 539; x_wconf 89' lang='grc' dir='ltr'><em>γε</em></span> <span class='ocrx_word' id='word_1_28' title='bbox 959 447 1027 539; x_wconf 88' lang='grc' dir='ltr'><em>μῆν</em></span> <span class='ocrx_word' id='word_1_29' title='bbox 1044 455 1105 541; x_wconf 85' lang='grc' dir='ltr'><em>τῆς</em></span> 
     </span>
     <span class='ocr_line' id='line_1_5' title="bbox 136 547 1104 641; baseline 0.003 -20"><span class='ocrx_word' id='word_1_30' title='bbox 136 555 353 641; x_wconf 78' lang='grc' dir='ltr'><strong><em>προκειμένης</em></strong></span> <span class='ocrx_word' id='word_1_31' title='bbox 376 547 458 641; x_wconf 86' lang='grc' dir='ltr'><em>ῆμίν</em></span> <span class='ocrx_word' id='word_1_32' title='bbox 481 559 674 639; x_wconf 77' lang='grc' dir='ltr'><em>θεολογίας,</em></span> <span class='ocrx_word' id='word_1_33' title='bbox 699 552 851 621; x_wconf 75' lang='grc' dir='ltr'><strong><em>ἐπέκεινα</em></strong></span> <span class='ocrx_word' id='word_1_34' title='bbox 875 548 998 632; x_wconf 80' lang='grc' dir='ltr'><em>παντὸς</em></span> <span class='ocrx_word' id='word_1_35' title='bbox 1022 549 1104 624; x_wconf 81' lang='grc' dir='ltr'><em>ὄντα</em></span> 
     </span>
     <span class='ocr_line' id='line_1_6' title="bbox 136 647 1136 744; baseline 0.003 -22"><span class='ocrx_word' id='word_1_36' title='bbox 136 659 419 744; x_wconf 90' lang='grc' dir='ltr'><em>παραδείγματος,</em></span> <span class='ocrx_word' id='word_1_37' title='bbox 438 651 539 723; x_wconf 65' lang='grc' dir='ltr'><em>οὐδέν</em></span> <span class='ocrx_word' id='word_1_38' title='bbox 557 653 619 742; x_wconf 74' lang='grc' dir='ltr'><em>μὲν</em></span> <span class='ocrx_word' id='word_1_39' title='bbox 636 647 708 722; x_wconf 83' lang='grc' dir='ltr'><em>οἷον</em></span> <span class='ocrx_word' id='word_1_40' title='bbox 726 650 767 723; x_wconf 81' lang='grc' dir='ltr'><em>τὰ</em></span> <span class='ocrx_word' id='word_1_41' title='bbox 786 656 822 722; x_wconf 84' lang='grc' dir='ltr'><em>ἐκ</em></span> <span class='ocrx_word' id='word_1_42' title='bbox 840 650 1003 741; x_wconf 77' lang='grc' dir='ltr'><em>σωμάτων</em></span> <span class='ocrx_word' id='word_1_43' title='bbox 1022 651 1136 725; x_wconf 74' lang='grc' dir='ltr'><em>ἐπέ-ε’</em></span> 
     </span>
     <span class='ocr_line' id='line_1_7' title="bbox 135 752 1107 845; baseline 0 -20"><span class='ocrx_word' id='word_1_44' title='bbox 135 784 238 842; x_wconf 88' lang='grc' dir='ltr'><em>γεται,</em></span> <span class='ocrx_word' id='word_1_45' title='bbox 256 752 397 842; x_wconf 77' lang='grc' dir='ltr'><em>ὀξυτάτῃ</em></span> <span class='ocrx_word' id='word_1_46' title='bbox 417 754 454 822; x_wconf 74' lang='grc' dir='ltr'><em>δὲ</em></span> <span class='ocrx_word' id='word_1_47' title='bbox 473 760 605 845; x_wconf 77' lang='grc' dir='ltr'><em>διανοίᾳ</em></span> <span class='ocrx_word' id='word_1_48' title='bbox 623 753 821 842; x_wconf 80' lang='grc' dir='ltr'><em>φαντάζεται</em></span> <span class='ocrx_word' id='word_1_49' title='bbox 834 752 911 824; x_wconf 86' lang='grc' dir='ltr'><em>υίὸν</em></span> <span class='ocrx_word' id='word_1_50' title='bbox 928 753 1107 845; x_wconf 87' lang='grc' dir='ltr'><em>γεννητὸν,</em></span> 
     </span>
     <span class='ocr_line' id='line_1_8' title="bbox 136 850 1108 945; baseline 0.003 -21"><span class='ocrx_word' id='word_1_51' title='bbox 136 853 175 925; x_wconf 86' lang='grc' dir='ltr'><em>οῦ</em></span> <span class='ocrx_word' id='word_1_52' title='bbox 194 854 324 945; x_wconf 77' lang='grc' dir='ltr'><em>χρόνοις</em></span> <span class='ocrx_word' id='word_1_53' title='bbox 342 856 404 943; x_wconf 90' lang='grc' dir='ltr'><em>μέν</em></span> <span class='ocrx_word' id='word_1_54' title='bbox 422 876 509 924; x_wconf 90' lang='grc' dir='ltr'><em>τισιν</em></span> <span class='ocrx_word' id='word_1_55' title='bbox 521 850 583 924; x_wconf 90' lang='grc' dir='ltr'><em>οῦκ</em></span> <span class='ocrx_word' id='word_1_56' title='bbox 596 851 689 943; x_wconf 87' lang='grc' dir='ltr'><em>όντα,</em></span> <span class='ocrx_word' id='word_1_57' title='bbox 708 853 850 943; x_wconf 82' lang='grc' dir='ltr'><em>ὕστερον</em></span> <span class='ocrx_word' id='word_1_58' title='bbox 862 857 902 925; x_wconf 89' lang='grc' dir='ltr'><em>δέ</em></span> <span class='ocrx_word' id='word_1_59' title='bbox 913 882 993 926; x_wconf 89' lang='grc' dir='ltr'><em>ποτε</em></span> <span class='ocrx_word' id='word_1_60' title='bbox 1010 884 1108 944; x_wconf 90' lang='grc' dir='ltr'><em>γεγο-</em></span> 
     </span>
     <span class='ocr_line' id='line_1_9' title="bbox 80 951 1109 1047; baseline 0 -19"><span class='ocrx_word' id='word_1_61' title='bbox 80 987 121 1039; x_wconf 80' lang='grc' dir='ltr'><em>[οε]</em></span> <span class='ocrx_word' id='word_1_62' title='bbox 138 955 235 1042; x_wconf 91' lang='grc' dir='ltr'><em>νότα,</em></span> <span class='ocrx_word' id='word_1_63' title='bbox 255 951 338 1023; x_wconf 77' lang='grc' dir='ltr'><em>ἄλλα</em></span> <span class='ocrx_word' id='word_1_64' title='bbox 361 952 425 1045; x_wconf 87' lang='grc' dir='ltr'><em>πρό</em></span> <span class='ocrx_word' id='word_1_65' title='bbox 449 953 580 1046; x_wconf 86' lang='grc' dir='ltr'><em>χρόνων</em></span> <span class='ocrx_word' id='word_1_66' title='bbox 597 962 746 1026; x_wconf 77' lang='grc' dir='ltr'><em>αἰωνίων</em></span> <span class='ocrx_word' id='word_1_67' title='bbox 769 952 850 1026; x_wconf 83' lang='grc' dir='ltr'><em>ὄντα</em></span> <span class='ocrx_word' id='word_1_68' title='bbox 872 959 927 1026; x_wconf 81' lang='grc' dir='ltr'><em>καὶ</em></span> <span class='ocrx_word' id='word_1_69' title='bbox 946 954 1109 1047; x_wconf 89' lang='grc' dir='ltr'><em>προόντα,</em></span> 
     </span>
     <span class='ocr_line' id='line_1_10' title="bbox 138 1053 1109 1146; baseline 0.004 -21"><span class='ocrx_word' id='word_1_70' title='bbox 138 1059 257 1146; x_wconf 77' lang='grc' dir='ltr'><em>καὶτῷ</em></span> <span class='ocrx_word' id='word_1_71' title='bbox 276 1059 376 1142; x_wconf 87' lang='grc' dir='ltr'><em>πατρὶ</em></span> <span class='ocrx_word' id='word_1_72' title='bbox 395 1054 439 1137; x_wconf 84' lang='grc' dir='ltr'><em>ώς</em></span> <span class='ocrx_word' id='word_1_73' title='bbox 463 1053 539 1126; x_wconf 86' lang='grc' dir='ltr'><em>υίόν</em></span> <span class='ocrx_word' id='word_1_74' title='bbox 559 1056 614 1125; x_wconf 82' lang='grc' dir='ltr'><em>διὰ</em></span> <span class='ocrx_word' id='word_1_75' title='bbox 633 1055 756 1137; x_wconf 85' lang='grc' dir='ltr'><em>παντὸς</em></span> <span class='ocrx_word' id='word_1_76' title='bbox 780 1054 944 1145; x_wconf 91' lang='grc' dir='ltr'><em>συνόντα,</em></span> <span class='ocrx_word' id='word_1_77' title='bbox 968 1060 1025 1126; x_wconf 83' lang='grc' dir='ltr'><em>καλ</em></span> <span class='ocrx_word' id='word_1_78' title='bbox 1042 1054 1109 1129; x_wconf 79' lang='grc' dir='ltr'><em>οὐκ</em></span> 
     </span>
     <span class='ocr_line' id='line_1_11' title="bbox 138 1149 1150 1249; baseline 0.004 -25"><span class='ocrx_word' id='word_1_79' title='bbox 138 1153 322 1243; x_wconf 74' lang='grc' dir='ltr'><em>ἀγέννητον</em></span> <span class='ocrx_word' id='word_1_80' title='bbox 334 1154 431 1246; x_wconf 82' lang='grc' dir='ltr'><em>ὅντα,</em></span> <span class='ocrx_word' id='word_1_81' title='bbox 446 1156 658 1245; x_wconf 74' lang='grc' dir='ltr'><em>γεννώμενον</em></span> <span class='ocrx_word' id='word_1_82' title='bbox 672 1156 705 1227; x_wconf 92' lang='grc' dir='ltr'><em>δ’</em></span> <span class='ocrx_word' id='word_1_83' title='bbox 725 1161 757 1241; x_wconf 83' lang='grc' dir='ltr'><em>ἐξ</em></span> <span class='ocrx_word' id='word_1_84' title='bbox 771 1149 957 1247; x_wconf 80' lang='grc' dir='ltr'><em>ἆγεννῆτον</em></span> <span class='ocrx_word' id='word_1_85' title='bbox 970 1157 1108 1249; x_wconf 82' lang='grc' dir='ltr'><em>πατρὸς,</em></span> <span class='ocrx_word' id='word_1_86' title='bbox 1123 1187 1150 1228; x_wconf 83' lang='grc' dir='ltr'><em>ιο</em></span> 
     </span>
     <span class='ocr_line' id='line_1_12' title="bbox 138 1255 1109 1348; baseline 0.003 -21"><span class='ocrx_word' id='word_1_87' title='bbox 138 1263 301 1346; x_wconf 78' lang='grc' dir='ltr'><em>μονογενῆ</em></span> <span class='ocrx_word' id='word_1_88' title='bbox 319 1255 416 1347; x_wconf 86' lang='grc' dir='ltr'><em>όντα,</em></span> <span class='ocrx_word' id='word_1_89' title='bbox 441 1256 542 1346; x_wconf 92' lang='grc' dir='ltr'><em>λόγον</em></span> <span class='ocrx_word' id='word_1_90' title='bbox 558 1287 594 1328; x_wconf 88' lang='grc' dir='ltr'><em>τε</em></span> <span class='ocrx_word' id='word_1_91' title='bbox 612 1261 668 1328; x_wconf 87' lang='grc' dir='ltr'><em>καὶ</em></span> <span class='ocrx_word' id='word_1_92' title='bbox 685 1257 770 1330; x_wconf 77' lang='grc' dir='ltr'><em>θεὸν</em></span> <span class='ocrx_word' id='word_1_93' title='bbox 789 1263 825 1328; x_wconf 82' lang='grc' dir='ltr'><em>ἐκ</em></span> <span class='ocrx_word' id='word_1_94' title='bbox 842 1265 944 1348; x_wconf 81' lang='grc' dir='ltr'><em>θεοῦ,</em></span> <span class='ocrx_word' id='word_1_95' title='bbox 963 1255 1004 1329; x_wconf 87' lang='grc' dir='ltr'><em>οῦ</em></span> <span class='ocrx_word' id='word_1_96' title='bbox 1022 1258 1109 1330; x_wconf 79' lang='grc' dir='ltr'><em>κατόι</em></span> 
     </span>
     <span class='ocr_line' id='line_1_13' title="bbox 140 1353 1109 1448; baseline 0.002 -20"><span class='ocrx_word' id='word_1_97' title='bbox 140 1356 312 1430; x_wconf 74' lang='grc' dir='ltr'><em>διάστασιν</em></span> <span class='ocrx_word' id='word_1_98' title='bbox 330 1353 351 1448; x_wconf 88' lang='grc' dir='ltr'><em>ῆ</em></span> <span class='ocrx_word' id='word_1_99' title='bbox 368 1360 473 1448; x_wconf 90' lang='grc' dir='ltr'><em>τομῆν</em></span> <span class='ocrx_word' id='word_1_100' title='bbox 491 1354 511 1448; x_wconf 92' lang='grc' dir='ltr'><em>ῆ</em></span> <span class='ocrx_word' id='word_1_101' title='bbox 531 1365 697 1448; x_wconf 79' lang='grc' dir='ltr'><em>διαίρεσιν</em></span> <span class='ocrx_word' id='word_1_102' title='bbox 708 1363 743 1429; x_wconf 82' lang='grc' dir='ltr'><em>ἐκ</em></span> <span class='ocrx_word' id='word_1_103' title='bbox 760 1365 818 1448; x_wconf 91' lang='grc' dir='ltr'><em>τῆς</em></span> <span class='ocrx_word' id='word_1_104' title='bbox 832 1364 891 1430; x_wconf 91' lang='grc' dir='ltr'><em>τοῦ</em></span> <span class='ocrx_word' id='word_1_105' title='bbox 908 1359 1031 1448; x_wconf 86' lang='grc' dir='ltr'><em>πατρὸς</em></span> <span class='ocrx_word' id='word_1_106' title='bbox 1050 1359 1109 1430; x_wconf 88' lang='grc' dir='ltr'><em>οῦ-</em></span> 
     </span>
     <span class='ocr_line' id='line_1_14' title="bbox 139 1457 1109 1551; baseline 0.002 -21"><span class='ocrx_word' id='word_1_107' title='bbox 139 1469 213 1542; x_wconf 86' lang='grc' dir='ltr'><em>σίας</em></span> <span class='ocrx_word' id='word_1_108' title='bbox 230 1464 521 1550; x_wconf 84' lang='grc' dir='ltr'><em>προβεβλημένον,</em></span> <span class='ocrx_word' id='word_1_109' title='bbox 546 1459 698 1551; x_wconf 77' lang='grc' dir='ltr'><em>ἀρρήτως</em></span> <span class='ocrx_word' id='word_1_110' title='bbox 717 1461 754 1530; x_wconf 78' lang='grc' dir='ltr'><em>δέ</em></span> <span class='ocrx_word' id='word_1_111' title='bbox 772 1463 827 1530; x_wconf 83' lang='grc' dir='ltr'><em>καλ</em></span> <span class='ocrx_word' id='word_1_112' title='bbox 847 1457 1109 1549; x_wconf 81' lang='grc' dir='ltr'><em>όνεπιλογίστως</em></span> 
     </span>
     <span class='ocr_line' id='line_1_15' title="bbox 111 1559 1109 1652; baseline -0.001 -18"><span class='ocrx_word' id='word_1_113' title='bbox 111 1560 235 1651; x_wconf 79' lang='grc' dir='ltr'><em>εῆμίν,</em></span> <span class='ocrx_word' id='word_1_114' title='bbox 256 1566 288 1645; x_wconf 81' lang='grc' dir='ltr'><em>ἐξ</em></span> <span class='ocrx_word' id='word_1_115' title='bbox 307 1568 444 1650; x_wconf 78' lang='grc' dir='ltr'><em>αἰῶνος,</em></span> <span class='ocrx_word' id='word_1_116' title='bbox 462 1567 588 1650; x_wconf 81' lang='grc' dir='ltr'><em>μᾶλλον</em></span> <span class='ocrx_word' id='word_1_117' title='bbox 608 1563 644 1631; x_wconf 72' lang='grc' dir='ltr'><em>δὲ</em></span> <span class='ocrx_word' id='word_1_118' title='bbox 667 1559 731 1652; x_wconf 85' lang='grc' dir='ltr'><em>πρό</em></span> <span class='ocrx_word' id='word_1_119' title='bbox 750 1560 886 1634; x_wconf 85' lang='grc' dir='ltr'><em>πόντων</em></span> <span class='ocrx_word' id='word_1_120' title='bbox 903 1561 1050 1650; x_wconf 86' lang='grc' dir='ltr'><em>αίώνων,</em></span> <span class='ocrx_word' id='word_1_121' title='bbox 1071 1566 1109 1633; x_wconf 84' lang='grc' dir='ltr'><em>ἐκ</em></span> 
     </span>
     <span class='ocr_line' id='line_1_16' title="bbox 138 1660 1151 1753; baseline -0.001 -20"><span class='ocrx_word' id='word_1_122' title='bbox 138 1668 196 1751; x_wconf 88' lang='grc' dir='ltr'><em>τῆς</em></span> <span class='ocrx_word' id='word_1_123' title='bbox 213 1666 273 1732; x_wconf 88' lang='grc' dir='ltr'><em>τοῦ</em></span> <span class='ocrx_word' id='word_1_124' title='bbox 290 1662 413 1751; x_wconf 86' lang='grc' dir='ltr'><em>πατρὸς</em></span> <span class='ocrx_word' id='word_1_125' title='bbox 431 1660 664 1751; x_wconf 83' lang='grc' dir='ltr'><em>ίινεκφρόστου</em></span> <span class='ocrx_word' id='word_1_126' title='bbox 678 1666 733 1732; x_wconf 85' lang='grc' dir='ltr'><em>καλ</em></span> <span class='ocrx_word' id='word_1_127' title='bbox 746 1660 968 1751; x_wconf 80' lang='grc' dir='ltr'><em>όπερινοῆτου</em></span> <span class='ocrx_word' id='word_1_128' title='bbox 982 1668 1108 1753; x_wconf 83' lang='grc' dir='ltr'><em>βουλῆς</em></span> <span class='ocrx_word' id='word_1_129' title='bbox 1122 1691 1151 1732; x_wconf 79' lang='grc' dir='ltr'><em>ιε</em></span> 
     </span>
     <span class='ocr_line' id='line_1_17' title="bbox 138 1760 1110 1852; baseline 0.003 -21"><span class='ocrx_word' id='word_1_130' title='bbox 138 1791 175 1831; x_wconf 91' lang='grc' dir='ltr'><em>τε</em></span> <span class='ocrx_word' id='word_1_131' title='bbox 193 1764 248 1832; x_wconf 85' lang='grc' dir='ltr'><em>καὶ</em></span> <span class='ocrx_word' id='word_1_132' title='bbox 268 1761 440 1851; x_wconf 71' lang='grc' dir='ltr'><em>δυνάμεως</em></span> <span class='ocrx_word' id='word_1_133' title='bbox 459 1760 681 1850; x_wconf 62' lang='grc' dir='ltr'><em>οῦσιοτῖμενον</em></span> <span class='ocrx_word' id='word_1_134' title='bbox 706 1762 916 1834; x_wconf 76' lang='grc' dir='ltr'><em>διδάσκοντα.</em></span> <span class='ocrx_word' id='word_1_135' title='bbox 947 1762 1032 1852; x_wconf 79' lang='grc' dir='ltr'><em>“τῆν</em></span> <span class='ocrx_word' id='word_1_136' title='bbox 1049 1793 1110 1852; x_wconf 89' lang='grc' dir='ltr'><em>γε-</em></span> 
     </span>
     <span class='ocr_line' id='line_1_18' title="bbox 138 1860 1108 1957; baseline 0 -22"><span class='ocrx_word' id='word_1_137' title='bbox 138 1862 220 1935; x_wconf 80' lang='grc' dir='ltr'><em>νεὰν</em></span> <span class='ocrx_word' id='word_1_138' title='bbox 234 1861 296 1954; x_wconf 75' lang='grc' dir='ltr'><em>γὰρ</em></span> <span class='ocrx_word' id='word_1_139' title='bbox 311 1860 434 1934; x_wconf 89' lang='grc' dir='ltr'><em>αῦτοῦ”</em></span> <span class='ocrx_word' id='word_1_140' title='bbox 460 1866 544 1952; x_wconf 79' lang='grc' dir='ltr'><em>φησὶ</em></span> <span class='ocrx_word' id='word_1_141' title='bbox 562 1860 635 1945; x_wconf 72' lang='grc' dir='ltr'><em>“τίς</em></span> <span class='ocrx_word' id='word_1_142' title='bbox 649 1861 875 1952; x_wconf 79' lang='grc' dir='ltr'><em>διηγῆσεται;”</em></span> <span class='ocrx_word' id='word_1_143' title='bbox 899 1869 955 1935; x_wconf 83' lang='grc' dir='ltr'><em>καὶ</em></span> <span class='ocrx_word' id='word_1_144' title='bbox 969 1863 1108 1957; x_wconf 75' lang='grc' dir='ltr'><em>“ω”σπερ</em></span> 
     </span>
     <span class='ocr_line' id='line_1_19' title="bbox 139 1960 1110 2054; baseline 0.004 -20"><span class='ocrx_word' id='word_1_145' title='bbox 139 1962 251 2046; x_wconf 79' lang='grc' dir='ltr'><em>οὐδεὶς</em></span> <span class='ocrx_word' id='word_1_146' title='bbox 276 1974 361 2053; x_wconf 79' lang='grc' dir='ltr'><em>ἔγνω</em></span> <span class='ocrx_word' id='word_1_147' title='bbox 385 1964 443 2035; x_wconf 84' lang='grc' dir='ltr'><em>τὸν</em></span> <span class='ocrx_word' id='word_1_148' title='bbox 460 1966 586 2054; x_wconf 87' lang='grc' dir='ltr'><em>πατέρα</em></span> <span class='ocrx_word' id='word_1_149' title='bbox 604 1971 635 2034; x_wconf 87' lang='grc' dir='ltr'><em>εί</em></span> <span class='ocrx_word' id='word_1_150' title='bbox 655 1965 700 2054; x_wconf 89' lang='grc' dir='ltr'><em>μῆ</em></span> <span class='ocrx_word' id='word_1_151' title='bbox 718 1960 735 2034; x_wconf 89' lang='grc' dir='ltr'>ὁ</span> <span class='ocrx_word' id='word_1_152' title='bbox 753 1966 844 2054; x_wconf 86' lang='grc' dir='ltr'><em>υίὸς,</em></span> <span class='ocrx_word' id='word_1_153' title='bbox 868 1962 955 2036; x_wconf 87' lang='grc' dir='ltr'><em>οῦτω</em></span> <span class='ocrx_word' id='word_1_154' title='bbox 974 1968 1029 2035; x_wconf 83' lang='grc' dir='ltr'><em>καλ</em></span> <span class='ocrx_word' id='word_1_155' title='bbox 1049 1964 1110 2038; x_wconf 85' lang='grc' dir='ltr'><em>τόν</em></span> 
     </span>
     <span class='ocr_line' id='line_1_20' title="bbox 139 2062 1110 2156; baseline 0.004 -22"><span class='ocrx_word' id='word_1_156' title='bbox 139 2063 216 2134; x_wconf 86' lang='grc' dir='ltr'><em>υίόν</em></span> <span class='ocrx_word' id='word_1_157' title='bbox 245 2063 357 2146; x_wconf 81' lang='grc' dir='ltr'><em>οὐδεὶς</em></span> <span class='ocrx_word' id='word_1_158' title='bbox 388 2072 474 2153; x_wconf 78' lang='grc' dir='ltr'><em>ἔγνω</em></span> <span class='ocrx_word' id='word_1_159' title='bbox 506 2072 537 2134; x_wconf 87' lang='grc' dir='ltr'><em>εί</em></span> <span class='ocrx_word' id='word_1_160' title='bbox 564 2065 609 2155; x_wconf 91' lang='grc' dir='ltr'><em>μῆ</em></span> <span class='ocrx_word' id='word_1_161' title='bbox 638 2064 738 2155; x_wconf 87' lang='grc' dir='ltr'><em>μόνος</em></span> <span class='ocrx_word' id='word_1_162' title='bbox 768 2062 974 2156; x_wconf 88' lang='grc' dir='ltr'><em>ὁγεννῆσας</em></span> <span class='ocrx_word' id='word_1_163' title='bbox 1005 2063 1110 2138; x_wconf 84' lang='grc' dir='ltr'><em>αῦτῦν</em></span> 
     </span>
     <span class='ocr_line' id='line_1_21' title="bbox 140 2161 1148 2253; baseline 0.003 -19"><span class='ocrx_word' id='word_1_164' title='bbox 140 2161 285 2253; x_wconf 86' lang='grc' dir='ltr'><em>πατῆρ.”</em></span> <span class='ocrx_word' id='word_1_165' title='bbox 782 2219 785 2228; x_wconf 84' lang='grc'>.</span> <span class='ocrx_word' id='word_1_166' title='bbox 1036 2170 1044 2182; x_wconf 63' lang='grc'><strong>“</strong></span> <span class='ocrx_word' id='word_1_167' title='bbox 1122 2196 1148 2237; x_wconf 79' lang='grc' dir='ltr'><em>εο</em></span> 
     </span>
     <span class='ocr_line' id='line_1_22' title="bbox 215 2264 1111 2357; baseline 0.001 -18"><span class='ocrx_word' id='word_1_168' title='bbox 215 2280 261 2340; x_wconf 92' lang='lat' dir='ltr'><em>IV.</em></span> <span class='ocrx_word' id='word_1_169' title='bbox 292 2265 388 2355; x_wconf 91' lang='grc' dir='ltr'><em>Πλῆν</em></span> <span class='ocrx_word' id='word_1_170' title='bbox 406 2265 478 2337; x_wconf 80' lang='grc' dir='ltr'><em>ἀλλ’</em></span> <span class='ocrx_word' id='word_1_171' title='bbox 501 2271 561 2338; x_wconf 76' lang='grc' dir='ltr'><em>ἕνα</em></span> <span class='ocrx_word' id='word_1_172' title='bbox 578 2273 743 2357; x_wconf 80' lang='grc' dir='ltr'><em>μονογενῆ</em></span> <span class='ocrx_word' id='word_1_173' title='bbox 769 2270 824 2338; x_wconf 84' lang='grc' dir='ltr'><em>καὶ</em></span> <span class='ocrx_word' id='word_1_174' title='bbox 843 2264 1014 2357; x_wconf 73' lang='grc' dir='ltr'><em>ἀγαπητόν</em></span> <span class='ocrx_word' id='word_1_175' title='bbox 1031 2269 1111 2342; x_wconf 83' lang='grc' dir='ltr'><em>υίὸν</em></span> 
     </span>
     <span class='ocr_line' id='line_1_23' title="bbox 143 2365 1109 2463; baseline 0.004 -26"><span class='ocrx_word' id='word_1_176' title='bbox 143 2366 251 2439; x_wconf 82' lang='grc' dir='ltr'><em>ἐδόκει</em></span> <span class='ocrx_word' id='word_1_177' title='bbox 269 2372 315 2463; x_wconf 73' lang='grc' dir='ltr'><em>τῷ</em></span> <span class='ocrx_word' id='word_1_178' title='bbox 332 2367 519 2462; x_wconf 79' lang='grc' dir='ltr'><em>παναγώθῳ</em></span> <span class='ocrx_word' id='word_1_179' title='bbox 539 2372 637 2460; x_wconf 78' lang='grc' dir='ltr'><em>πατρί</em></span> <span class='ocrx_word' id='word_1_180' title='bbox 657 2373 714 2457; x_wconf 93' lang='grc' dir='ltr'><em>τῆς</em></span> <span class='ocrx_word' id='word_1_181' title='bbox 732 2375 801 2440; x_wconf 85' lang='grc' dir='ltr'><em>τών</em></span> <span class='ocrx_word' id='word_1_182' title='bbox 819 2374 990 2460; x_wconf 84' lang='grc' dir='ltr'><em>γεννητών</em></span> <span class='ocrx_word' id='word_1_183' title='bbox 1004 2365 1109 2441; x_wconf 79' lang='grc' dir='ltr'><em>ἁπόν-</em></span> 
     </span>
     <span class='ocr_line' id='line_1_24' title="bbox 139 2472 1110 2561; baseline 0.004 -21"><span class='ocrx_word' id='word_1_184' title='bbox 139 2500 208 2543; x_wconf 86' lang='grc' dir='ltr'><em>των</em></span> <span class='ocrx_word' id='word_1_185' title='bbox 231 2478 448 2561; x_wconf 86' lang='grc' dir='ltr'><em>δημιουργίας</em></span> <span class='ocrx_word' id='word_1_186' title='bbox 476 2477 748 2561; x_wconf 78' lang='grc' dir='ltr'><em>προϋφίστασθαι</em></span> <span class='ocrx_word' id='word_1_187' title='bbox 773 2476 861 2559; x_wconf 76' lang='grc' dir='ltr'><em>δεῖν,</em></span> <span class='ocrx_word' id='word_1_188' title='bbox 887 2475 958 2542; x_wconf 75' lang='grc' dir='ltr'><em>ἐπεὶ</em></span> <span class='ocrx_word' id='word_1_189' title='bbox 980 2473 1036 2540; x_wconf 84' lang='grc' dir='ltr'><em>καὶ</em></span> <span class='ocrx_word' id='word_1_190' title='bbox 1054 2472 1110 2543; x_wconf 92' lang='grc' dir='ltr'><em>κό·</em></span> 
     </span>
     <span class='ocr_line' id='line_1_25' title="bbox 141 2570 1110 2661; baseline 0.004 -20"><span class='ocrx_word' id='word_1_191' title='bbox 141 2594 225 2660; x_wconf 89' lang='grc' dir='ltr'><em>σμον</em></span> <span class='ocrx_word' id='word_1_192' title='bbox 248 2578 325 2658; x_wconf 78' lang='grc' dir='ltr'><em>ἕνα,</em></span> <span class='ocrx_word' id='word_1_193' title='bbox 350 2571 461 2658; x_wconf 76' lang='grc' dir='ltr'><em>ὥσπερ</em></span> <span class='ocrx_word' id='word_1_194' title='bbox 486 2601 517 2640; x_wconf 89' lang='grc' dir='ltr'><em>τι</em></span> <span class='ocrx_word' id='word_1_195' title='bbox 543 2576 580 2640; x_wconf 77' lang='grc' dir='ltr'><em>ἓν</em></span> <span class='ocrx_word' id='word_1_196' title='bbox 598 2574 653 2640; x_wconf 83' lang='grc' dir='ltr'><em>καλ</em></span> <span class='ocrx_word' id='word_1_197' title='bbox 674 2574 758 2660; x_wconf 87' lang='grc' dir='ltr'><em>μέγα</em></span> <span class='ocrx_word' id='word_1_198' title='bbox 776 2579 870 2661; x_wconf 87' lang='grc' dir='ltr'><em>σώμα</em></span> <span class='ocrx_word' id='word_1_199' title='bbox 889 2577 925 2642; x_wconf 82' lang='grc' dir='ltr'><em>ἐκ</em></span> <span class='ocrx_word' id='word_1_200' title='bbox 943 2570 1110 2645; x_wconf 82' lang='grc' dir='ltr'><em>πλειόνων</em></span> 
     </span>
     <span class='ocr_line' id='line_1_26' title="bbox 112 2670 1151 2762; baseline -0.001 -19"><span class='ocrx_word' id='word_1_201' title='bbox 112 2676 197 2743; x_wconf 80' lang='grc' dir='ltr'><em>ικαὶ</em></span> <span class='ocrx_word' id='word_1_202' title='bbox 216 2670 389 2761; x_wconf 86' lang='grc' dir='ltr'><em>διαφόρων</em></span> <span class='ocrx_word' id='word_1_203' title='bbox 407 2676 518 2760; x_wconf 79' lang='grc' dir='ltr'><em>μελῶν</em></span> <span class='ocrx_word' id='word_1_204' title='bbox 535 2698 571 2739; x_wconf 89' lang='grc' dir='ltr'><em>τε</em></span> <span class='ocrx_word' id='word_1_205' title='bbox 589 2675 645 2741; x_wconf 86' lang='grc' dir='ltr'><em>καλ</em></span> <span class='ocrx_word' id='word_1_206' title='bbox 662 2676 774 2760; x_wconf 85' lang='grc' dir='ltr'><em>μερών</em></span> <span class='ocrx_word' id='word_1_207' title='bbox 790 2671 933 2762; x_wconf 75' lang='grc' dir='ltr'><em>ἤμελλεν</em></span> <span class='ocrx_word' id='word_1_208' title='bbox 950 2670 1031 2744; x_wconf 82' lang='grc' dir='ltr'><em>ὅσον</em></span> <span class='ocrx_word' id='word_1_209' title='bbox 1049 2671 1109 2744; x_wconf 85' lang='grc' dir='ltr'><em>οῦ·</em></span> <span class='ocrx_word' id='word_1_210' title='bbox 1121 2701 1151 2742; x_wconf 79' lang='grc' dir='ltr'><em>ετ</em></span> 
     </span>
     <span class='ocr_line' id='line_1_27' title="bbox 143 2768 1109 2863; baseline 0.004 -22"><span class='ocrx_word' id='word_1_211' title='bbox 143 2775 232 2841; x_wconf 88' lang='grc' dir='ltr'><em>δέπω</em></span> <span class='ocrx_word' id='word_1_212' title='bbox 263 2771 530 2861; x_wconf 75' lang='grc' dir='ltr'><em>προβάλλεσθαι,</em></span> <span class='ocrx_word' id='word_1_213' title='bbox 559 2782 601 2819; x_wconf 64' lang='lat'><em>³²*</em></span> <span class='ocrx_word' id='word_1_214' title='bbox 618 2768 681 2842; x_wconf 91' lang='grc' dir='ltr'><em>οῦκ</em></span> <span class='ocrx_word' id='word_1_215' title='bbox 706 2776 892 2844; x_wconf 80' lang='grc' dir='ltr'><em>ἐπιστατεῖν</em></span> <span class='ocrx_word' id='word_1_216' title='bbox 915 2775 978 2862; x_wconf 73' lang='grc' dir='ltr'><em>μὲν</em></span> <span class='ocrx_word' id='word_1_217' title='bbox 1002 2773 1109 2863; x_wconf 83' lang='grc' dir='ltr'><em>αότῆν</em></span> 
     </span>
     <span class='ocr_line' id='line_1_28' title="bbox 141 2868 1110 2965; baseline 0.004 -24"><span class='ocrx_word' id='word_1_218' title='bbox 141 2869 288 2959; x_wconf 74' lang='grc' dir='ltr'><em>ἄνωθεν,</em></span> <span class='ocrx_word' id='word_1_219' title='bbox 308 2868 418 2963; x_wconf 86' lang='grc' dir='ltr'><em>ώσπερ</em></span> <span class='ocrx_word' id='word_1_220' title='bbox 430 2881 577 2961; x_wconf 78' lang='grc' dir='ltr'><em>μείζονος</em></span> <span class='ocrx_word' id='word_1_221' title='bbox 596 2876 742 2963; x_wconf 76' lang='grc' dir='ltr'><em>κεφαλῆς</em></span> <span class='ocrx_word' id='word_1_222' title='bbox 754 2882 810 2964; x_wconf 89' lang='grc' dir='ltr'><em>τῆς</em></span> <span class='ocrx_word' id='word_1_223' title='bbox 822 2877 883 2946; x_wconf 88' lang='grc' dir='ltr'><em>τοῦ</em></span> <span class='ocrx_word' id='word_1_224' title='bbox 896 2875 1019 2965; x_wconf 85' lang='grc' dir='ltr'><em>πατρὸς</em></span> <span class='ocrx_word' id='word_1_225' title='bbox 1030 2874 1110 2945; x_wconf 74' lang='grc' dir='ltr'><em>θεό-</em></span> 
     </span>
     <span class='ocr_line' id='line_1_29' title="bbox 141 2972 1108 3067; baseline 0.003 -25"><span class='ocrx_word' id='word_1_226' title='bbox 141 3001 236 3062; x_wconf 88' lang='grc' dir='ltr'><em>τητος</em></span> <span class='ocrx_word' id='word_1_227' title='bbox 256 2976 450 3063; x_wconf 80' lang='grc' dir='ltr'><em>ἐξημμένην,</em></span> <span class='ocrx_word' id='word_1_228' title='bbox 470 2972 613 3065; x_wconf 85' lang='grc' dir='ltr'><em>(κεφαλῆ</em></span> <span class='ocrx_word' id='word_1_229' title='bbox 631 2974 695 3067; x_wconf 80' lang='grc' dir='ltr'><em>γὰρ</em></span> <span class='ocrx_word' id='word_1_230' title='bbox 712 2981 772 3045; x_wconf 88' lang='grc' dir='ltr'><em>τοῦ</em></span> <span class='ocrx_word' id='word_1_231' title='bbox 783 2980 931 3067; x_wconf 82' lang='grc' dir='ltr'><em>Χριστοῦ</em></span> <span class='ocrx_word' id='word_1_232' title='bbox 947 2975 965 3046; x_wconf 85' lang='grc' dir='ltr'>ὁ</span> <span class='ocrx_word' id='word_1_233' title='bbox 983 2974 1108 3065; x_wconf 81' lang='grc' dir='ltr'><em>πατήρ)</em></span> 
     </span>
     <span class='ocr_line' id='line_1_30' title="bbox 141 3073 1109 3167; baseline 0.003 -23"><span class='ocrx_word' id='word_1_234' title='bbox 141 3073 330 3164; x_wconf 87' lang='grc' dir='ltr'><em>ῆγουμένην</em></span> <span class='ocrx_word' id='word_1_235' title='bbox 356 3075 392 3144; x_wconf 74' lang='grc' dir='ltr'><em>δέ</em></span> <span class='ocrx_word' id='word_1_236' title='bbox 414 3079 470 3145; x_wconf 82' lang='grc' dir='ltr'><em>καὶ</em></span> <span class='ocrx_word' id='word_1_237' title='bbox 493 3074 778 3167; x_wconf 76' lang='grc' dir='ltr'><em>προϋπάρχουσαν</em></span> <span class='ocrx_word' id='word_1_238' title='bbox 800 3081 868 3148; x_wconf 82' lang='grc' dir='ltr'><em>τών</em></span> <span class='ocrx_word' id='word_1_239' title='bbox 885 3077 966 3167; x_wconf 78' lang='grc' dir='ltr'><em>μετὰ</em></span> <span class='ocrx_word' id='word_1_240' title='bbox 983 3073 1109 3164; x_wconf 81' lang='grc' dir='ltr'><em>ταύτην</em></span> 
     </span>
     <span class='ocr_line' id='line_1_31' title="bbox 141 3173 1150 3269; baseline 0.002 -24"><span class='ocrx_word' id='word_1_241' title='bbox 141 3175 317 3266; x_wconf 78' lang='grc' dir='ltr'><em>ἁπάντων,</em></span> <span class='ocrx_word' id='word_1_242' title='bbox 340 3173 381 3246; x_wconf 85' lang='grc' dir='ltr'><em>οῦ</em></span> <span class='ocrx_word' id='word_1_243' title='bbox 406 3176 473 3267; x_wconf 92' lang='grc' dir='ltr'><em>μῆν</em></span> <span class='ocrx_word' id='word_1_244' title='bbox 496 3176 580 3248; x_wconf 84' lang='grc' dir='ltr'><em>ἆλλόι</em></span> <span class='ocrx_word' id='word_1_245' title='bbox 604 3181 660 3248; x_wconf 80' lang='grc' dir='ltr'><em>καὶ</em></span> <span class='ocrx_word' id='word_1_246' title='bbox 684 3181 889 3269; x_wconf 77' lang='grc' dir='ltr'><em>διαρκοῦσαν</em></span> <span class='ocrx_word' id='word_1_247' title='bbox 913 3191 960 3260; x_wconf 86' lang='grc' dir='ltr'><em>είς</em></span> <span class='ocrx_word' id='word_1_248' title='bbox 986 3208 1023 3250; x_wconf 87' lang='grc' dir='ltr'><em>τε</em></span> <span class='ocrx_word' id='word_1_249' title='bbox 1045 3174 1150 3266; x_wconf 82' lang='grc' dir='ltr'><em>τῆνοο</em></span> 
     </span>
    </p>
   </div>
   <div class='ocr_carea' id='block_1_3' title="bbox 211 3409 684 3472">
    <p class='ocr_par' dir='ltr' id='par_1_3' title="bbox 211 3409 684 3472">
     <span class='ocr_line' id='line_1_32' title="bbox 211 3409 684 3472; baseline 0.013 -15"><span class='ocrx_word' id='word_1_250' title='bbox 211 3409 242 3457; x_wconf 85' lang='grc'><em>16</em></span> <span class='ocrx_word' id='word_1_251' title='bbox 259 3409 307 3460; x_wconf 75' lang='lat' dir='ltr'><em>Es.</em></span> <span class='ocrx_word' id='word_1_252' title='bbox 321 3411 361 3470; x_wconf 82' lang='lat'><em>53,</em></span> <span class='ocrx_word' id='word_1_253' title='bbox 376 3409 400 3462; x_wconf 90' lang='lat'><em>8.</em></span> <span class='ocrx_word' id='word_1_254' title='bbox 436 3424 463 3461; x_wconf 88' lang='lat' dir='ltr'><em>v.</em></span> <span class='ocrx_word' id='word_1_255' title='bbox 474 3409 575 3460; x_wconf 80' lang='lat' dir='ltr'><strong>Matth.</strong></span> <span class='ocrx_word' id='word_1_256' title='bbox 590 3409 630 3472; x_wconf 91' lang='lat'><em>11,</em></span> <span class='ocrx_word' id='word_1_257' title='bbox 642 3411 684 3463; x_wconf 76' lang='lat'><em>2⁷.</em></span> 
     </span>
    </p>
   </div>
   <div class='ocr_carea' id='block_1_4' title="bbox 0 0 1173 3818">
    <p class='ocr_par' dir='ltr' id='par_1_4' title="bbox 0 0 1173 3818">
     <span class='ocr_line' id='line_1_33' title="bbox 0 0 1173 3818; baseline 0 0"><span class='ocrx_word' id='word_1_258' title='bbox 0 0 1173 3818; x_wconf 95' lang='lat' dir='ltr'><em> </em></span> 
     </span>
    </p>
   </div>
  </div>
 </body>
</html>
