2326 3818
330 138 789 193 οΕΜοΝεν.υνκαο.νιια
982 138 1043 201 391

75 292 226 367 λευκαῖς,
245 288 281 350 οἳ
296 281 351 349 καί
371 279 477 366 εἷπον,
495 275 618 367 άνδρες
631 287 816 365 Γαλιλαῖοι,
835 285 871 347 τί
886 277 1045 367 ἑστήκατε

76 386 255 469 βλέποντες
280 388 328 462 είς
351 377 409 451 τόν
432 377 599 468 οὐρανόν;
625 370 721 460 οὗτος
742 377 900 466 όἸησοῦς
926 379 1046 450 όάυα-

76 484 219 572 ληφθείς
236 480 295 570 ἀφ’
316 477 414 570 ὑμῶν
428 489 475 564 είς
487 478 547 551 τόν
566 477 713 570 οὐρανὸν
736 477 841 562 οὕτως
864 479 1044 571 ἐλεύσεται,

74 581 115 655 δν
131 583 255 671 τρόπον
274 581 464 654 ἐθεάσασθε
482 578 587 653 αὐτόν
603 580 832 671 πορευόμενον
850 588 897 663 είς
914 580 973 651 τόν
990 581 1045 654 οὐ·

49 681 212 777 τρανόν.”
261 682 381 765 25μοίς
405 687 555 773 ἐπιφέρει
579 686 686 772 λέγων
706 681 802 754 “τότε
831 679 1046 773 ὑπέστρεψαν

76 795 123 869 είς
136 778 350 876 Ἰερουσαλὴμ
368 784 434 856 άπὸ
452 784 551 876 ὅρους
569 789 628 854 τοῦ
646 789 855 875 καλουμένου
875 789 1044 874 ἐλαιῶνος,

74 885 91 958 ὅ
111 893 180 958 ἐστι
199 891 373 959 κατέναντι
386 883 633 977 Ἱερουσαλημ.”
671 892 721 956 26.
742 895 810 957 ἔστι
830 889 891 977 μὲν
909 879 1046 981 οὖνκαὶ
1062 917 1074 956 b

74 990 157 1076 πρὸς
181 993 271 1072 λέξιν
294 993 469 1060 κατέναντι
487 986 703 1077 Ἰερουσαλὴμ
732 992 788 1059 καὶ
812 992 845 1072 ἐξ
874 985 1046 1059 άνατολῶν

74 1090 177 1179 αὐτῆς
204 1090 239 1161 τό
266 1090 474 1179 δηλούμενον
499 1095 568 1160 τῶν
586 1094 707 1159 ἐλαιῶν
729 1086 814 1177 όρος.
857 1091 945 1180 πλὴν
962 1088 1046 1161 άλλά

37 1222 62 1264 ιο
77 1191 158 1262 κατά
176 1190 238 1279 τὴν
257 1191 410 1262 διάνοιαν
435 1187 553 1278 ἡάγία
572 1195 717 1278 Χριστοῶ
736 1195 910 1280 ἐκκλησία,
936 1193 992 1261 καί
1009 1190 1045 1261 τό

73 1292 150 1382 όρος
169 1289 222 1381 ἐφ’
244 1283 541 1385 ῶτεθεμελίωται,
567 1293 643 1379 περὶ
668 1281 710 1362 οὗ
732 1291 884 1362 διδάσκει
903 1289 1045 1381 λέγεινὸ

14 1449 17 1455 ,
76 1394 187 1482 σωτὴρ
200 1391 265 1463 “οιί
284 1393 426 1463 δυ’ναται
436 1391 539 1474 ’πόλις
553 1396 719 1482 κρυβῆναι
735 1392 846 1463 ἐπάνω
859 1391 958 1482 όρους
977 1423 1044 1464 κει-

75 1493 194 1583 μένη,”
220 1493 296 1563 ἀντὶ
313 1498 372 1583 της
389 1493 557 1583 πεσούσης
575 1497 631 1563 καί
653 1495 698 1583 μὴ
717 1499 911 1584 ἐγερθείσης
926 1489 1046 1583 Ἰερου-

76 1594 185 1685 σαλημ
203 1592 437 1685 άνεγερθεῑσα,
457 1599 512 1666 καί
529 1601 597 1665 τῶν
613 1599 726 1665 ποδῶν
740 1600 800 1666 τοῦ
814 1604 934 1686 κυρίου
948 1626 1045 1666 κατα-

36 1729 61 1768 ιε
75 1702 246 1786 ξιωθεῖσα,
260 1694 301 1767 οὐ
315 1697 419 1787 μόνον
432 1701 610 1768 κατέναντί
624 1701 713 1767 ἐστιν
721 1696 946 1789 Ἰερουσαλὴμ,
962 1696 1046 1768 άλλά

75 1801 130 1868 καί
150 1803 182 1882 ἐξ
200 1795 373 1870 άνατολῶν
397 1796 516 1889 αὐτῆς,
535 1802 774 1888 προσλαβοῶσα
791 1798 849 1881 τάς
864 1797 967 1888 αὐγάς
985 1804 1048 1870 του

73 1904 131 1988 τῆς
148 1908 344 1989 θεοσεβείας
362 1900 487 1990 φωτὸς,
514 1903 570 1971 καὶ
588 1898 674 1970 πολι)
692 1904 836 1991 προτέρα
853 1905 910 1989 τῆς
923 1897 1046 1990 Ἰερου-

74 2002 182 2091 σαλὴμ
200 2005 381 2092 γενομένη,
401 2002 493 2096 αὐτῶ
509 2031 544 2072 τε
563 2002 775 2090 πλησιάσασα
787 2007 834 2096 τῶ
846 2006 903 2091 της
922 2011 1070 2074 δικαιο·ι

75 2102 179 2190 σόνης
197 2103 300 2196 ἡλίῳ,
325 2107 402 2191 περὶ
420 2095 461 2173 οὗ
479 2107 628 2173 λέλεκται
642 2102 734 2186 “τοῐς
761 2105 798 2174 δὲ
822 2109 1046 2195 φοβουμένοις

36 2236 61 2274 ιο
75 2233 115 2291 με
133 2200 290 2273 άνατελεϊ
305 2201 397 2291 ἥλιος
416 2200 666 2292 δικαιοσύνης.”

151 2311 201 2373 Ξῖ.
222 2312 267 2374 El
283 2307 320 2373 δέ
338 2308 428 2392 λέγοι
445 2306 482 2375 τὸ
500 2309 573 2392 ἑξῆς
590 2301 641 2374 ότι
654 2300 897 2394 τ(σγμσθησεται
915 2306 949 2375 τό
969 2304 1045 2394 όρος

74 2410 142 2475 τῶν
161 2409 299 2494 ἐλαιῶν,
326 2406 361 2476 τό
381 2405 484 2495 ἥμισυ
503 2405 606 2475 αὐτοῦ
625 2405 707 2493 πρὸς
725 2405 888 2486 ἀνατολάς
907 2409 962 2475 καὶ
980 2406 1046 2475 θά-

75 2517 220 2596 λασσαν,
240 2506 318 2596 χάος
334 2511 419 2597 μέγα
437 2505 586 2597 σφόδρα,
611 2509 667 2575 καὶ
686 2515 795 2576 κλινεί
810 2507 845 2575 τό
864 2503 967 2595 ἥμισυ
986 2506 1045 2576 αό-

74 2612 134 2678 τού
148 2608 229 2698 πρὸς
243 2608 302 2680 τὸν
314 2614 453 2700 βορρᾶν,
468 2612 523 2680 καὶ
536 2607 572 2679 τό
587 2605 688 2698 ἥμισυ
702 2605 806 2679 αότού
819 2606 900 2697 πρὸς
914 2604 1045 2697 νότον,”

36 2742 62 2780 νε
77 2709 218 2780 δυ’ναται
231 2712 293 2799 μὲν
306 2711 367 2800 τὴν
382 2711 461 2782 καθ’
477 2709 555 2800 ὅλης
571 2715 629 2798 τῆς
643 2705 837 2800 άνθρῶπων
849 2713 1047 2799 οἰκουμένης

76 2810 263 2892 ἐξάπλωσιν
285 2820 343 2900 τῆς
368 2817 542 2901 ἐκκλησίας
567 2819 763 2901 σημαίνειν,
789 2816 860 2882 ἐπεὶ
884 2816 940 2882 καί
963 2808 1046 2882 άνα-

74 2909 172 2990 τολάς
202 2909 318 3000 ἡλίου,
350 2911 435 2981 αὐτά
460 2941 495 2982 τε
526 2912 565 2983 τά
591 2916 659 3005 ἑῷα
677 2916 732 2982 καὶ
756 2909 935 2983 άνατολικά
961 2923 1046 3002 ἐθνη

74 3010 305 3102 πεπλήρωκεν,
324 3019 484 3083 διατείνει
500 3015 537 3084 δὲ
551 3015 607 3083 καί
622 3016 676 3083 ἐπὶ
689 3012 750 3103 την
765 3015 904 3104 δυτικην
918 3013 1044 3085 θάλασ-
1060 3047 1073 3086 α

75 3138 139 3185 σαν
161 3113 219 3195 τάς
243 3143 280 3184 τε
306 3119 343 3184 ἐν
370 3113 457 3206 αὐτῇ
480 3114 619 3204 νήσους·
660 3111 700 3185 οό
723 3113 791 3204 μην
813 3112 888 3184 ἄλλ’
915 3125 1045 3204 ἐφθακε

37 3248 62 3287 κο
75 3215 158 3286 κατά
176 3245 211 3286 τε
229 3213 328 3287 νότον
351 3219 406 3286 καί
424 3225 652 3306 μεσημβρίαν,
680 3215 762 3286 κατά
786 3244 821 3286 τε
839 3224 966 3306 βορρᾶν
990 3220 1046 3286 καί

145 3450 387 3514 ammam
492 3451 686 3510 mmmm
