2326 3818
89 129 153 191 248
503 80 651 177 ευειοοιι

88 265 191 337 αὐτὸν
209 269 396 337 σκευαστοῦ
412 263 521 354 μύρου
543 266 863 355 νευομοθετῆμένουΙ
900 262 1007 338 ἄκουε
1026 270 1069 341 δδ

89 364 143 437 οἷα
171 389 275 455 φησιν
307 363 325 437 ὁ
365 365 501 456 Ψαλμός
525 362 543 388 “
552 365 726 456 μνήσθητε
755 373 824 436 τῶν
853 377 1067 456 θαυμασίων

88 464 194 537 αὐτοῦ
219 459 267 537 οἷν
291 471 440 556 ἐποίησε·
467 468 507 538 τδι
524 471 644 555 τέρατα
664 466 768 538 αὐτοῦ
786 471 842 538 καὶ
858 466 898 537 τὰ
912 476 1065 560 κρίματα

87 573 148 638 τοῦ
166 567 325 658 στόματος
343 567 463 639 αὐτοῦ·
491 572 621 658 σπέρμα
636 565 783 658 Ἀβραολμ
802 573 917 639 δοῦλοι
940 569 1063 660 αὐτοῦ,

87 676 121 740 οἱ
142 674 210 740 υλολ
227 667 345 758 Ἰακώβ
371 673 516 741 ἐκλεκτοὶ
539 669 654 740 αὐτοῦ.
696 675 747 740 24.
776 669 876 751 αὐτὸς
899 671 1018 760 κύριος
1041 670 1089 745 δῦ

88 770 167 852 θεὸς
181 770 289 861 ἡμῶν,
305 776 341 841 ἐν
354 769 444 861 πάσῃ
454 778 494 862 τῆ
507 778 550 862 γῆ
564 769 604 841 τὰ
614 779 755 861 κρίματα
766 770 878 843 αὐτοῦ.
903 773 1063 865 ἐμνήσθη

60 882 136 955 ιελς
154 873 212 943 τὸν
230 879 337 942 αἰῶνα
356 871 521 962 διαθήκης
541 868 664 960 αὐτοῦ,
688 871 789 961 λόγου
813 863 854 944 οὗ
872 878 1063 948 ἐνετείλατο

90 983 136 1056 εἰς
154 982 260 1063 χιλίας
279 972 412 1061 γενεὰς,
438 970 479 1044 δν
503 977 636 1045 διέθετο
659 979 705 1067 τῷ
723 972 890 1063 Ἀβραὰμ,
917 979 974 1045 καὶ
999 985 1063 1049 τοῦ

88 1073 191 1164 ὅρκου
209 1073 312 1145 αὐτοῦ
329 1079 375 1168 τῷ
386 1072 504 1146 Ἰσαάκ.
536 1078 592 1145 καὶ
607 1082 746 1163 ἔστησεν
765 1072 870 1163 αὐτῆν
883 1074 1062 1169 τῷΊακοδβ

90 1184 137 1258 εἰς
155 1177 349 1267 πρόσταγμα
366 1179 419 1247 καλ
439 1182 485 1270 τῷ
498 1175 629 1267 Ἰσραῆλ
649 1185 696 1258 εἰς
717 1174 886 1264 διαθήκην
905 1175 1060 1268 αἰώνιον,
1074 1198 1100 1239 1⁰

88 1282 206 1366 λέγων,
224 1281 276 1348 σοὶ
297 1276 394 1349 δώσω
412 1276 474 1366 τῆν
491 1285 555 1366 γῆν
572 1276 722 1366 Χαναὰν,
742 1284 919 1366 σχοίνισμα
941 1289 1064 1370 κληρο-

88 1387 205 1470 νομίας
224 1375 327 1468 ὑμῶν.
364 1383 421 1450 καὶ
439 1383 582 1467 διῆλθον
607 1383 639 1462 ἐξ
658 1387 781 1460 ἔθνους
806 1385 853 1460 εἰς
877 1385 978 1461 ἔθνος
1003 1386 1064 1453 καὶ

89 1485 124 1552 ἐκ
142 1489 314 1571 βασιλείας
333 1490 380 1563 εἰς
399 1479 481 1551 λαὸν
494 1484 617 1568 ἕτερον,
649 1479 712 1551 οὐκ
730 1478 860 1568 ιἰφῆκεν
873 1477 1064 1570 ἄνθρωπον

87 1581 246 1671 ἀδικῆσαι
264 1581 403 1671 αὐτοδς,
422 1584 479 1651 καὶ
497 1579 634 1670 ῆλεγξεν
650 1579 737 1669 ὑπὲρ
763 1577 875 1652 αὐτῶν
888 1579 1062 1677 ζ’βασιλεϊς·

65 1685 134 1773 ιμῆ
152 1683 301 1754 ἅπτεσθε
319 1687 386 1753 τοῖν
404 1686 547 1771 χριστῶν
565 1711 646 1772 μου,
665 1685 720 1752 καλ
740 1687 777 1753 ἐν
789 1700 858 1764 τοῖς
871 1682 1062 1772 προφήταις
1074 1700 1100 1745 1⁵

89 1814 154 1873 μου
171 1785 216 1873 μῆ
235 1781 492 1873 πουηρεύεσθε.”

165 1891 217 1958 25.
251 1890 362 1959 Ταῦτα
379 1886 440 1972 μὲν
457 1880 475 1952 ὁ
494 1892 608 1973 Δαβίδ
616 1904 622 1917 ·
655 1883 672 1954 ὁ
692 1886 731 1955 δὲ
749 1892 877 1973 Μωσῆς
895 1888 952 1963 κἀἰ
965 1893 1062 1971 οἵους

89 1994 238 2075 βασιλεῖς
268 1985 408 2073 ἤλεγξεν
434 1991 561 2074 ἱστορεῖ
582 1989 688 2074 λέγων
710 1981 788 2056 “καὶ
815 1984 915 2075 ῆτασε
943 1986 1062 2076 κύριος

88 2085 147 2157 τδν
166 2086 290 2174 Φαραώ
315 2091 465 2176 ἐτασμοῑς
487 2086 659 2175 μεγάλοις,
684 2091 741 2158 καὶ
763 2085 822 2158 τὸν
839 2087 933 2158 οἶκον
951 2084 1061 2161 αὐτοῦ

88 2190 166 2277 περὶ
184 2184 320 2278 Σάρρας
337 2193 395 2276 τῆς
411 2190 569 2278 γυναικὸς
583 2184 760 2279 Ἀβραολμ.”
796 2193 846 2259 26.
874 2192 930 2259 καὶ
954 2188 1060 2264 πάλιν
1072 2200 1100 2251 ’Ν

88 2292 165 2377 περὶ
190 2293 250 2359 τοὺ
280 2292 442 2377 βασιλέως
472 2289 633 2380 Γεράρων
664 2288 786 2379 γράφει
806 2284 883 2360 “nal
908 2279 1058 2377 ῆλθενδ

88 2390 168 2472 θεὸς
186 2388 268 2479 πρὸς
282 2390 453 2482 Ἀβιμέλεχ
479 2395 516 2463 ἐν
533 2390 630 2486 ὕπνφ
647 2390 710 2480 τῆν
727 2390 849 2480 νύκτα,
873 2394 929 2461 καὶ
948 2391 1057 2484 εἶπεν,

89 2491 166 2564 λδοδ
184 2492 227 2562 σύ
245 2489 470 2582 ἀποθνήσκεις
493 2496 570 2580 περὶ
593 2497 651 2582 τῆς
673 2492 832 2581 γυναικὸς
857 2483 896 2580 ῆς
921 2500 1057 2580 ἔλαβες·

88 2593 172 2683 αὕτη
190 2595 228 2664 δὲ
251 2585 294 2682 ῆν
310 2598 370 2662 τοῦ
383 2590 562 2684 Ἀβραολμ.”
598 2598 650 2663 27.
679 2597 756 2684 περὶ
777 2585 819 2664 οὗ
837 2597 910 2682 ἑξῆς
928 2594 1059 2685 προϊών

59 2721 74 2762 d
88 2717 171 2785 φησι
183 2693 272 2765 (ὐῦν
291 2695 328 2763 δὲ
345 2692 470 2775 ἀπόδος
489 2694 551 2783 τῆν
566 2711 712 2782 γυναῖκα
729 2699 776 2788 τῷ
793 2687 984 2790 αἰνθριθπφ,
1005 2695 1057 2768 ὅτι
1070 2716 1099 2759 ¹⁵

89 2793 262 2884 προφήτης
282 2797 383 2883 ε’στλυ,
403 2798 458 2865 καὶ
476 2794 692 2884 προσεύξεται
710 2800 788 2886 περὶ
808 2794 899 2868 σοῦ.”

165 2901 215 2965 28.
240 2891 336 2988 Ὁρᾷς
354 2893 442 2978 ὅπως
463 2895 518 2967 διδ
534 2898 663 2968 τούτων
675 2894 752 2980 τοῆς
766 2898 869 2969 πάλαι
881 2908 1057 2988 θεοφιλεῖς

88 2999 144 3066 καὶ
161 2995 333 3087 προφήτας
352 2999 515 3087 Χριστούς
533 2997 551 3068 ὁ
566 3001 680 3086 Δαβλδ
687 3053 697 3087 ,
714 3003 841 3089 μα’λλον
857 3001 894 3071 δὲ
906 2997 943 3070 τό
956 3011 1055 3071 θεῖον

90 3095 135 3168 δι’
165 3097 271 3171 αὐτοῦ
303 3117 464 3190 προσεῖπε
489 3104 639 3190 πνεῦμα,
667 3099 707 3171 οὐ
739 3106 785 3195 τῷ
810 3099 932 3190 γεώδει
957 3098 1055 3196 μύρῳ

88 3279 291 3292 ⁸⁸——

155 3366 170 3413 2
188 3364 352 3422 Ρε.104,ὅ.’
475 3367 506 3416 18
525 3364 594 3417 Gen.
609 3369 648 3430 12,
664 3369 704 3418 17.
838 3370 869 3418 21
889 3366 959 3420 Gen.
971 3369 1014 3433 20,
1028 3372 1053 3420 3.

87 3429 120 3480 25
140 3429 208 3481 Gen.
222 3435 265 3496 20,
280 3436 303 3483 7.
