2326 3818
154 136 218 201 588
559 135 708 188 Eusssssu

384 239 394 263 Ι

125 280 200 369 οοῷ
226 273 418 364 σκηνάματί
440 272 536 363 σου,”
566 278 621 347 καὶ
643 273 706 344 ὅσα
733 271 1020 366 ἀνθρωπινώτεροι
1046 278 1126 364 περὶ

156 375 262 447 αὐτοῦ
278 378 439 465 λέλεκται,
458 374 503 457 ὥς
520 379 575 446 καὶ
594 374 630 446 ιδ
644 371 736 456 “vols
745 374 897 464 ἀγγέλοις
911 374 1016 447 αὑτοῦ
1034 380 1125 448 ἐντε-

155 487 260 549 λεῖται
284 480 361 567 περὶ
385 484 463 566 σού,
489 482 550 547 τοῦ
574 476 776 566 διαφυλάξαι
799 474 872 566 σε,”
900 480 957 547 καὶ
985 475 1023 547 τδ
1044 473 1125 548 “ἐπλ

155 583 275 671 χειροῖν
292 576 418 670 άροῦσί
438 601 476 648 σε
493 576 620 667 μήποτε
637 577 830 668 προσκόψῃς
847 578 930 669 πρὸς
948 586 1048 650 λάθον
1066 577 1126 650 τόν

113 726 117 731 <
154 679 242 752 πόδα
260 679 355 751 σου.”
392 685 443 750 20.
462 684 565 749 ταῦτα
583 679 646 769 γάρ
664 676 727 749 ούκ
744 675 786 749 άν
804 676 849 761 οἱς
866 677 949 770 πρὸς
965 680 1050 751 θεὸν
1068 684 1153 751 λε’-ο

153 796 274 870 γεσθαι
291 777 447 873 ἁρμόσαι,
466 779 548 869 πρὸς
567 779 651 851 δὲτὸ
665 780 825 869 σκήνωμα
839 781 954 867 αὐτού,
972 777 1056 871 ὅπερ
1076 779 1122 851 δι’

152 879 238 973 ἡμᾶς
255 881 456 972 ἀνείληφεν,
474 877 530 951 ὅτε
546 877 564 951 ό
582 881 678 971 λόγος
691 878 795 970 ’σάρξ
809 886 939 970 ἐγένετο
953 887 1011 952 καὶ
1029 880 1127 972 ἐσκή-

153 1005 264 1055 νωσεν
282 986 319 1054 ἐν
336 978 448 1073 ἡμῖν.”
477 989 571 1054 δοκεῖ
588 986 627 1053 δέ
635 1012 692 1072 μοι
705 989 813 1064 καλῶς
825 990 913 1073 ἔχειν
930 982 1016 1074 ὑπὲρ
1028 979 1128 1074 άκρι-

154 1087 235 1172 βούς
253 1082 464 1173 βεβαιώσεως
481 1088 549 1155 των
567 1088 752 1176 εἰρημένων
770 1087 826 1154 καὶ
842 1083 900 1166 τάς
912 1089 980 1154 τῶν
997 1087 1127 1157 λοιπῶν

157 1187 371 1275 ἕρμηνευτῶν
393 1199 598 1274 παραθεῖναι
624 1183 755 1275 φωνάς·
789 1177 837 1256 άν
859 1184 877 1255 ὁ
900 1187 963 1275 μὲν
984 1181 1125 1267 ’Λκύλας
1138 1220 1158 1258 ν

155 1284 262 1369 οὕτως
286 1294 411 1376 ἔφησεν
429 1282 503 1357 “ότι
527 1285 586 1374 σύ,
610 1284 721 1376 κύριε,
753 1291 845 1367 ἐλπίς
868 1315 951 1375 μου,
980 1283 1125 1370 ὕψιστον

155 1396 280 1477 ἔθηκας
297 1387 489 1478 οίκητήριόν
505 1408 576 1458 σου.
602 1394 652 1459 21.
672 1383 713 1458 ού
726 1386 971 1478 μεταχθήσεται
985 1387 1068 1478 πρὸς
1087 1389 1126 1460 σδ

154 1489 250 1576 κακά,
270 1494 325 1560 καὶ
343 1486 412 1578 άφη
430 1487 492 1560 ούκ
511 1493 617 1579 ἐγγιεῖ
632 1494 669 1560 ἐν
687 1491 793 1580 σκέπη
807 1508 884 1558 σου·
903 1488 954 1559 ὅτι
971 1487 1126 1577 ἀγγέλοις

155 1590 260 1661 αὑτοῦ
279 1596 459 1663 ἐντελεῖται
471 1593 531 1661 τοῦ
544 1588 689 1680 φυλάξαι
701 1612 740 1661 σε
753 1594 790 1661 ἐν
802 1587 924 1671 πάσαις
940 1606 1014 1671 ταῖς
1032 1586 1126 1673 ὁδοῖς

52 1685 54 1688 ⁴
154 1689 249 1764 σον.”
286 1691 360 1763 ὅδὲ
378 1690 561 1783 Σύμμαχος
573 1688 642 1762 “σύ
659 1690 740 1781 γάρ,
765 1690 877 1782 κύριε,
901 1689 1028 1781 άφοβία
1046 1721 1125 1782 μου,
1154 1743 1157 1755 ·

87 1818 142 1871 μοι)
156 1786 303 1882 ύψίστην
320 1801 403 1866 ἔθου
415 1793 476 1883 τὴν
487 1800 621 1882 οἴκησίν
638 1815 710 1864 σου.
735 1798 786 1864 22.
800 1789 841 1864 ού
853 1791 1044 1882 κατισχύσει
1061 1816 1126 1864 σου

155 1894 274 1983 κακὸν,
299 1891 379 1965 οὐδὲ
397 1890 467 1983 άφη
486 1898 592 1982 ἐγγιεῖ
606 1901 647 1983 τῇ
674 1899 781 1985 σκηνῇ
800 1918 870 1965 σου,
907 1891 958 1964 ότι
975 1909 1044 1974 τοῖς
1062 1891 1123 1982 άγ-

155 1999 263 2082 γε’λοις
282 1991 385 2065 αὑτοῦ
403 2001 583 2065 ἐντελεῖται
600 1997 677 2086 περὶ
694 2000 767 2083 σοῦ,
786 1999 846 2065 τοῦ
865 1993 1066 2084 διαφυλάξαι
1084 2017 1127 2066 σε

88 2120 142 2173 μιν]
157 2099 194 2164 ἐν
211 2093 332 2176 πάσαις
350 2111 422 2177 ταῖς
439 2092 564 2177 δδοῖς.”
589 2092 715 2167 ούκούν
729 2096 784 2167 διά
800 2093 930 2167 τούτων
947 2095 1060 2166 αὐτων
1078 2101 1126 2190 τῷ

156 2203 262 2289 κυρίῳ
280 2198 430 2267 λέλεκται
449 2192 493 2279 άς
511 2201 588 2286 περὶ
606 2200 722 2287 ἑτέρου
738 2206 887 2287 μείζονος
905 2196 940 2268 τό
955 2192 1047 2278 κτοῖς
1066 2196 1125 2285 άγ·
1138 2231 1162 2272 νο

155 2300 263 2385 γέλοις
281 2293 387 2369 αύτοὺ
405 2303 584 2370 ἐντελεῖται
601 2303 678 2388 περὶ
696 2306 775 2388 σού,
800 2304 860 2369 τοῦ
879 2296 1126 2387 διαφυλάσσειν

155 2422 193 2470 σε
213 2403 249 2469 ἐν
266 2399 387 2482 πάσαις
405 2418 477 2482 ταῖς
494 2399 595 2482 ὁδοῖς.
640 2403 695 2471 ἐπὶ
712 2403 833 2490 χειροῖν
850 2396 973 2486 άρούσί
990 2423 1029 2470 σε
1048 2401 1126 2490 (δη·

155 2501 240 2589 λαδὴ
259 2503 296 2572 σε
320 2500 379 2572 τόν
402 2500 535 2591 κύριον)
558 2500 684 2591 μήποτε
702 2503 745 2572 σύ
762 2497 780 2571 ὁ
798 2499 913 2590 κύριος
931 2500 1126 2593 προσκόψῃς

155 2600 237 2690 πρός
260 2611 362 2673 λίθον
385 2601 445 2673 τόν
475 2601 562 2671 πόδα
585 2599 679 2672 σου.”
726 2608 778 2674 23.
803 2602 940 2684 ταύταις
964 2605 1002 2673 δὲ
1025 2606 1080 2673 κοιλ
1107 2598 1126 2672 δ

156 2701 311 2791 διάβολος
327 2719 400 2784 ταῖς
418 2702 546 2784 λέξεσιν
564 2706 600 2772 ἐν
618 2706 665 2796 τῷ
687 2702 769 2772 κατά
787 2708 847 2774 τού
863 2708 1011 2794 σωτῆρος
1027 2702 1126 2792 ἡμων

125 2809 328 2896 ιπειρασμῷ
358 2804 513 2893 κέχρηται
534 2801 589 2875 ὅτε
606 2802 837 2895 “παραλαβο“ον
859 2803 962 2876 αὐτόν
986 2812 1033 2887 εἰς
1062 2804 1127 2894 τὴν

154 2901 255 2990 άγίαν
267 2902 365 2974 πόλιν
372 2908 510 2994 ἔστησεν
523 2902 626 2977 αὐτὸν
638 2908 693 2976 ἐπὶ
703 2905 739 2976 τὸ
753 2904 933 2995 πτερύγιον
945 2909 1007 2977 τού
1019 2911 1126 2995 ἱεροῦ,

155 3008 212 3075 καὶ
231 3003 323 3076 εἶπεν
348 3003 455 3101 αὐτῷ,
479 3014 510 3077 εί
533 3005 604 3088 υῖὸς
624 3006 655 3078 εἶ
670 3010 731 3077 τού
748 3011 850 3095 θεοῦ,
874 3007 957 3097 βάλε
980 3005 1127 3080 σεαυτόν
1152 3063 1154 3067 ,

156 3109 316 3178 ἐντεῦθεν
329 3105 432 3178 κάτω.
459 3108 641 3200 γέγραπται
659 3107 722 3200 γάρ
740 3107 790 3178 ὅτι
808 3125 877 3190 τοῖς
895 3110 1047 3199 ἀγγέλοις
1065 3107 1125 3180 αὖ·

155 3213 214 3278 τοῦ
234 3212 412 3282 ἐντελεῖται
435 3213 512 3298 περὶ
535 3216 617 3298 σοῦ,
641 3213 697 3279 καλ
715 3213 769 3281 ἐπὶ
793 3215 914 3302 χειρῶν
931 3207 1057 3300 άρούσί
1072 3237 1124 3301 σε,
1142 3247 1160 3275 ἰ

155 3356 358 3368 ——-—·-———-——

224 3439 390 3504 ιωηπ
496 3441 721 3506 ωωωςα
