2326 3818
122 124 185 189 376
533 124 684 176 EUSEBII

62 292 115 344 [ιιι]
130 294 198 346 τοις
221 263 390 335 πιστεύων
415 267 447 346 ἐξ
472 263 574 351 αύτής
596 268 655 352 τής
678 271 820 346 πίστεως
843 261 949 335 αὑτοῦ
966 272 1101 352 δίκαιος

121 365 337 455 ἀναδειχθεὶς
354 363 417 453 τήν
434 365 516 435 κατὰ
533 361 618 435 θεόν
636 362 766 452 ζήσεται
780 362 877 454 ζωήν,
892 365 936 447 ὡς
951 373 1101 456 ἔμπαλιν

119 467 137 537 5
156 463 318 555 άπιστεῖν,
340 463 436 547 ἐνοῖς
454 461 497 536 άυ
513 464 749 554 ὑποστείληται
765 464 811 555 μή
828 465 1016 556 θαρσήσας,
1035 499 1100 560 μη-

124 569 161 638 δὲ
179 568 399 658 ἐμπιστεύσας
417 584 486 650 τοῖς
505 568 709 658 εἰρημένοις,
728 565 791 636 ούκ
809 565 944 638 εύδοκεί
961 564 981 657 ή
1001 570 1097 661 ψυχή

120 699 186 759 μου
212 675 248 740 ἐν
272 666 372 760 αύτῷ.
417 674 446 737 8.
476 665 600 739 ούκούν
617 670 673 737 καὶ
692 666 786 737 αὐτοὶ
803 667 932 750 τούτοις
951 666 1127 743 άκολού-ε

121 783 192 852 θως
212 769 450 851 ἐναλλάξαντες
467 767 504 839 τό
522 773 656 858 πρῶτον
673 765 833 857 ὕστερον,
856 772 912 839 καὶ
930 775 1101 859 μεταθέν-

121 899 175 953 τες
201 870 239 940 τό
261 869 404 960 ὕστερον
427 872 482 939 ἐπὶ
505 867 542 939 τό
568 873 717 959 πρῶτον,
748 870 901 960 σώσομεν
928 864 988 941 τόν
1010 879 1100 944 νοῦν

122 977 180 1061 τῆς
206 973 324 1053 λέξεως
347 966 428 1058 μετά
451 967 488 1039 τό
508 965 581 1040 “ὅτι
612 970 630 1039 5
662 969 838 1061 ἐρχόμενος
867 971 938 1060 ήξει
967 977 1025 1043 καὶ
1054 972 1099 1045 ού

122 1067 293 1162 χρονίσει”
313 1069 393 1141 καθ’
414 1069 604 1160 ὑπερβατόν
622 1071 847 1155 συνάπτοντες
870 1071 907 1143 τό
931 1068 971 1143 “ὁ
990 1077 1028 1144 δὲ
1046 1082 1099 1145 δί·

123 1170 216 1253 καιός
234 1201 299 1262 μου
318 1175 353 1242 ἐκ
371 1180 513 1254 πίστεως
531 1169 702 1261 ζήσεται,”
733 1179 763 1242 9.
784 1177 840 1244 καὶ
857 1172 964 1268 τούτω
984 1178 1094 1246 ἐπιλέ-
1111 1204 1138 1244 ιο

122 1302 239 1363 γοντες
262 1271 299 1343 τό
326 1269 410 1344 “ἐάν
433 1272 688 1363 ὑποστείληται,
715 1272 778 1346 ούκ
801 1271 937 1346 εὐδοκεῖ
957 1275 979 1364 ή
1003 1276 1098 1366 ψυχή

55 1405 109 1455 ατε)
125 1405 190 1466 μου
218 1380 256 1447 ἐν
280 1371 405 1468 αύτῷ.”
452 1373 558 1464 ταύτῃ
577 1377 616 1444 δέ
632 1379 689 1444 καὶ
712 1371 884 1457 δἈκύλας
902 1381 942 1467 τῇ
961 1385 1097 1470 διανοίη

124 1481 298 1569 συντρέχει
315 1480 424 1564 λέγων
436 1474 519 1546 “gem
536 1474 698 1567 μελλήση,
712 1480 901 1567 προσδέχου
916 1473 1032 1567 αύτὸν,
1046 1476 1097 1548 ὅτι

124 1577 300 1668 ἐρχόμενος
319 1576 490 1648 ἐλεύσεται
507 1581 564 1648 καὶ
587 1574 627 1648 ού
644 1575 842 1668 βραδυνεῑ.”
888 1578 965 1648 ίδού
990 1607 1097 1669 νωχε-

124 1684 319 1769 λευομέυου,
337 1675 401 1749 ούκ
420 1675 539 1777 εύθεία
556 1678 577 1766 ή
595 1676 686 1767 ψυχή
703 1709 769 1769 μου
789 1683 825 1750 ἐν
843 1676 948 1771 αύτῷ,
971 1683 1026 1750 καί
1046 1687 1095 1750 δί-
1109 1707 1135 1748 ιε

123 1809 215 1862 καιος
235 1785 271 1850 ἐν
289 1787 399 1851 πίστει
417 1778 520 1850 αὑτοῦ
538 1779 678 1868 ζήσεται.

462 2094 542 2168 ’And
559 2101 621 2168 τού
638 2096 754 2168 αύτού.

90 2285 111 2322 ἐ
201 2263 261 2324 XV.
287 2248 429 2339 “Κύριε,
450 2249 629 2338 είσακήκοα
645 2249 707 2337 τήν
724 2247 830 2339 άκοήυ
848 2272 921 2340 σου,
941 2254 998 2321 καὶ
1017 2254 1096 2343 ἐφο-

124 2350 249 2442 βήθην.
295 2349 406 2443 κύριε,
424 2351 609 2441 κατενόησα
625 2351 665 2422 τά
684 2359 765 2443 ἔργα
783 2372 857 2440 σου,
875 2355 932 2422 καὶ
950 2356 1095 2442 ἐξέστην.

125 2458 161 2525 ἐν
178 2458 269 2548 μέσῳ
289 2451 351 2525 δύο
370 2457 463 2538 ζωῶν
479 2451 683 2542 γνωσθήσῃ,
703 2458 740 2523 ἐν
757 2456 804 2546 τῷ
822 2458 963 2541 ἐγγίζειν
979 2453 1020 2524 τά
1038 2463 1095 2544 ἐτη
1109 2482 1137 2522 ω

125 2553 384 2645 ε’πιγνωσθήση,
415 2560 452 2625 ἐν
479 2560 527 2646 τῷ
556 2571 714 2643 παρεῖναι
736 2550 795 2624 τόν
821 2552 939 2645 καιρόν
961 2552 1096 2626 άναδει-

124 2655 253 2746 χθήση,
281 2659 317 2726 ἐν
340 2661 387 2748 τῷ
410 2660 621 2745 ταραχθῆναι
643 2653 706 2744 τήν
729 2653 842 2744 ψυχήν
859 2684 924 2745 μου
950 2659 988 2725 ἐν
1009 2653 1095 2744 ὀργή

126 2760 238 2835 ἐλέους
267 2754 458 2846 μυησθήση.
502 2753 520 2824 5
549 2754 631 2836 θεὸς
662 2760 699 2825 ἐκ
724 2754 855 2845 Θαιμάν
885 2753 972 2845 ήξει,
995 2753 1095 2825 καὶὸ

125 2853 217 2944 ἅγιος
236 2858 269 2938 ἐξ
287 2853 387 2944 ὅρους
405 2864 604 2946 κατασκίου,
631 2860 758 2938 δασέος.
805 2855 974 2941 ἐκάλυψεν
990 2850 1100 2970 55⁶5*

124 2954 205 3038 νούς
222 2952 243 3045 ἡ
262 2953 363 3045 άρετή
382 2954 488 3028 αύτού
509 2960 565 3027 καί
583 2962 642 3047 τῆς
660 2961 819 3039 αἰνέσεως
843 2955 949 3028 αύτού
966 2957 1095 3046 πηηρης
1108 2983 1135 3024 ει

124 3056 215 3148 ήγή.
262 3061 318 3128 καὶ
336 3062 459 3147 φέγγος
484 3055 590 3130 αύτού
614 3057 658 3141 άς
681 3061 753 3148 φύς
777 3066 885 3128 ἔσται·
912 3061 1034 3149 κέρατα
1059 3061 1096 3128 ἐν

124 3163 240 3249 χερσίν
258 3157 383 3250 αύτού,
409 3163 465 3230 καὶ
490 3169 588 3231 ἐθετο
614 3154 783 3248 άγάπησιν
801 3157 963 3249 κραταιάν
982 3157 1097 3247 ίσχύος

181 3329 199 3333 .-
210 3327 327 3335 ..κα-

193 3429 225 3478 18
242 3427 316 3479 Hab.
328 3430 353 3477 3.
366 3427 390 3476 2.
