2326 3818
243 146 248 156 ·
308 141 492 193 DEMONST.
510 142 644 195 EVANG.
669 143 729 194 v11.
748 146 772 194 3.
944 129 947 135 ’
972 141 1035 205 487

68 280 110 353 ῦν
129 289 231 371 ἔλθη,
251 283 373 371 φησὶν,
393 271 420 373 ῶ
437 278 609 350 ἀπόκειται
627 283 683 350 καὶ
701 279 800 363 αῦτδς
821 287 912 351 ἐσται
930 303 1036 371 προσ-

69 391 165 454 δοκία
180 380 324 453 ἐθνῶν.”
352 387 401 451 56.
419 389 450 451 εί
468 380 508 470 δῆ
528 372 591 452 οῦν
608 379 815 474 συνᾴδουσιν
829 388 867 451 αί
879 386 954 470 περὶ
968 388 1036 453 τῶν
1050 412 1065 452 d

69 488 181 555 ἐθνῶν
199 481 415 572 προρρήσεις,
439 478 692 571 ἀπεδείχθησαν
711 484 748 552 δὲ
772 488 808 552 αί
824 482 888 571 πρὸ
907 483 1036 554 τοῦτον

66 582 192 674 δρῶσαι
209 583 268 656 τδν
286 583 446 674 ἡμέτερον
464 587 613 676 σωτῆρα,
633 580 734 655 οῦδὲν
752 580 795 655 ῶν
813 595 864 673 είη
880 583 1036 673 ἐμποδῶν

67 680 111 776 μῆ
130 683 205 777 οὐχὶ
223 686 282 757 τὸν
300 682 403 755 αῦτδν
422 687 559 772 βλέπειν
577 689 633 756 καλ
650 685 712 774 τῆν
729 690 921 775 παροῦσαν,
942 697 1035 776 είπερ

41 786 233 877 εσῦμφωνα
251 785 408 876 ἀλλήλαις
428 781 667 877 ὁμολογοῦνται
686 796 876 874 θεσπίζειν,
893 785 1037 876 μάλιστα

67 888 121 960 ὅτε
134 893 229 981 μέχρι
248 890 310 979 μὲν
327 892 395 958 τῶν
409 887 539 978 χρόνων
552 895 610 978 τῆς
623 896 683 958 τοῦ
697 893 844 977 σωτῆρος
858 888 954 977 ἡμῶν
969 891 1036 957 ἐπι-

67 999 209 1080 φανείας
227 997 262 1062 οί
276 995 336 1061 τοῦ
349 988 522 1061 Ἰουδαίων
539 998 663 1071 ἔθνους
686 987 843 1079 ῦρχοντες
861 993 916 1060 καὶ
934 986 1037 1079 ῆγοῦ-

67 1121 162 1182 μενοι
190 1091 303 1163 αὐτῶν
334 1096 370 1161 ἐκ
393 1090 569 1183 προγόνων
594 1095 751 1181 διαδοχῆς
776 1089 1036 1180 συνεστήκεσαν,

68 1193 135 1283 ἅμα
162 1195 197 1263 δὲ
221 1198 263 1283 τῆ
286 1190 390 1263 αὐτοῦ
413 1203 582 1284 παρουσία
600 1199 872 1280 διαλελοίπεσαν,
897 1192 983 1280 ὁμοῦ
1001 1220 1037 1262 τε

30 1293 88 1382 ιοή
106 1300 174 1364 τῶν
199 1298 311 1365 ἐθνῶν
329 1300 514 1383 προσδοκία
536 1296 629 1375 τέλος
655 1297 756 1382 ἐπῆγε
778 1298 820 1384 τῆ
845 1296 905 1364 τοῦ
921 1291 1038 1380 Ἰακῶβ

67 1525 135 1584 νος,
155 1499 210 1565 καὶ
230 1492 310 1565 οῦδέ
327 1493 436 1584 ἄλλος,
457 1500 493 1566 ἐκ
510 1500 619 1585 φυλῆς
634 1493 742 1568 Ἰοῦδα
760 1497 1037 1587 προελεύσεσθαι,

68 1600 123 1666 καὶ
140 1595 195 1668 ῦτε
214 1598 251 1666 δέ
270 1600 306 1666 ἐκ
323 1600 438 1684 Λαβὶδ
462 1600 518 1667 καὶ
538 1603 737 1687 Σολομῶνος
765 1606 802 1668 ἐκ
819 1627 855 1668 τε
872 1600 929 1685 τῆς
949 1602 1038 1687 ῥίζης

62 1697 181 1770 Ἰεσσαὶ
204 1701 355 1786 γεγονῶς·
376 1702 551 1787 ἐδηλοῦτο,
584 1702 621 1778 ἐκ
642 1704 701 1787 τῆς
724 1697 828 1787 αὐτῆς
857 1702 966 1788 φυλῆς
990 1692 1038 1766 ῶν
1051 1727 1110 1779 (ειη

30 1826 55 1866 ιε
70 1803 252 1870 ἐδείκνυτο.
293 1805 343 1870 58.
364 1817 441 1880 παίς
464 1801 526 1888 μὲν
549 1798 612 1889 γὰρ
631 1791 673 1889 ῆν
695 1804 757 1870 τοῦ
771 1797 889 1871 Ἰεσσαὶ
912 1801 1038 1885 Λαβὶδ,

68 1906 126 1972 τοῦ
146 1902 184 1972 δὲ
201 1904 316 1990 Λαβλδ
334 1905 513 1990 Σολομῶν,
539 1901 720 1982 συστάντες
739 1906 776 1972 ἐκ
793 1905 903 1991 φυλῆς
917 1898 1037 1970 Ἰούδα.

70 2013 121 2091 είη
140 1999 183 2074 διν
200 2008 378 2090 τοιγαροῦν
397 2007 429 2085 ἐξ
448 2001 550 2091 αὐτῆς
567 2001 585 2073 δ
604 2002 713 2094 σωτήρ
732 2006 787 2073 καλ
805 2001 918 2091 κῦριος
932 1999 1039 2091 ήμῶν,

70 2102 183 2190 ῶσπερ
214 2095 278 2173 οῦν
308 2099 325 2172 δ
357 2102 547 2190 θαυμάσιος
580 2103 815 2192 εῦαγγελιστῆς
846 2113 1042 2192 γενεαλογεῖ

69 2214 248 2285 Ματθαϊος
272 2207 379 2291 λέγων
398 2200 543 2291 “Βίβλος
566 2209 727 2291 γενέσεως
747 2204 857 2291 Ἰησοῦ
882 2210 1039 2293 Χριστοῦ,

29 2308 148 2374 ιουίοῦ
172 2306 303 2392 Λαβὶδ,
327 2307 406 2374 νίοῦ
426 2302 585 2393 Ἀβραάμ.
628 2303 776 2393 Ἀβραολμ
800 2308 959 2393 ἐγέννησε
982 2302 1041 2374 τδν

65 2402 185 2492 Ἰσαολκ,
201 2401 309 2475 Ἰσαὰκ
324 2406 362 2474 δέ
377 2406 534 2494 ἐγέννησε
546 2403 604 2475 τδν
618 2403 746 2493 Ἰακῶβ,
762 2402 878 2493 Ἰακῶβ
898 2408 934 2474 δὲ
950 2407 1041 2492 ἐγίν-

69 2528 151 2595 νησε
168 2505 227 2576 τὸν
240 2503 391 2577 Ἰοῦδαν”
414 2509 469 2576 καὶ
487 2505 526 2577 τίι
545 2509 628 2594 ἑξῆς.

142 2607 241 2679 Ἀλλὰ
255 2606 317 2698 γδιρ
332 2610 388 2678 καὶ
400 2606 530 2679 τούτων
542 2606 605 2697 τῆν
618 2614 746 2678 οἰκείαν
759 2604 932 2689 ἀπόδειξιν
945 2604 1040 2675 ἀπει-

70 2708 225 2799 ληφότων
248 2709 361 2801 καιρδς
386 2712 442 2779 καὶ
466 2707 543 2792 τοῦς
561 2708 702 2801 χρόνους
725 2715 879 2780 συνιδεῖν
897 2713 955 2796 τῆς
972 2715 1041 2778 τῶν

29 2836 56 2874 25
70 2814 372 2899 προηγορευμίνων
390 2807 668 2900 ῦποπληρῶσεως.
