2326 3818
137 115 201 178 402
539 116 689 168 EUSEBII

138 259 180 343 τη
198 254 347 346 συστάση
367 253 472 326 αὐτοῦ
491 255 524 338 έξ
543 250 639 343 άγίας
657 258 831 343 παρθένου
851 259 951 345 σαρκὶ
971 256 1110 351 (παχείᾳ

138 358 200 444 μὲν
217 352 301 447 οῦση
321 355 376 426 διά
393 357 430 427 τὸ
447 364 505 447 τῆς
523 364 711 446 σωματικῆς
723 352 805 445 ῦλης
817 353 1012 445 άντίτυπον,
1032 356 1111 430 έλα-

139 463 208 548 φρᾷ
235 459 272 527 δέ
296 455 397 530 πάλιν
422 458 478 528 διά
500 459 537 528 τό
560 453 772 547 κρείττοναή
796 454 879 528 καθ’
904 457 989 548 ἡμᾶς
1008 460 1109 550 εἶναι,

139 562 193 627 καὶ
213 562 337 649 νεφέλη
356 560 464 648 κούφη
482 557 707 648 ὀνομαζομένῃ
726 556 781 628 διὰ
799 556 835 628 τὸ
853 558 898 647 μή
923 559 955 642 ἐξ
974 558 1110 648 ήδυπακ

138 664 222 740 θοῦς
236 666 381 750 φθοράς,
396 659 481 730 νἰλλά
495 659 528 743 ἐξ
539 659 637 748 ἁγίου
652 657 839 749 πνεύματος
856 662 1048 751 συστῆναι),
1067 667 1135 754 τήι

137 768 206 831 τῦν
233 770 428 852 Αἰγυπτίων
451 760 608 850 ἐπιδημεῖ
635 757 735 852 χώρᾳ.
778 767 807 830 9.
833 756 854 850 ή
879 759 911 829 δ’
936 771 1025 832 αίτία
1048 768 1109 851 τής

139 862 245 933 ἐκεῖσε
264 861 440 951 έπιδημίας
464 859 568 932 αὐτοῦ
591 865 709 932 τοῦτον
727 860 870 952 ἔχειτὸν
887 861 996 952 λόγον.
1033 860 1108 935 ἐπεὶ

138 965 201 1052 γάρ
226 963 263 1032 έν
287 963 372 1053 αὐτή
395 961 510 1053 πρώτη
534 960 692 1052 κατάρξαι
715 963 755 1032 τὰ
778 967 836 1052 της
862 963 1108 1053 είδωλολάτρου

110 1093 121 1133 ι
137 1062 264 1150 πλάνης
282 1063 536 1153 μνημονεύεται,
555 1061 696 1135 ἐδόκουν
713 1092 749 1133 τε
767 1063 903 1135 πάντων
913 1061 1109 1155 ἀνθρώπων

136 1165 276 1252 μάλιστα
291 1168 628 1255 δεισιδαιμονέστατοι
639 1164 828 1255 τυγχάνειν,
843 1169 963 1256 ἐχθροί
969 1195 1006 1236 τε
1020 1167 1107 1238 εἶναι
1120 1197 1146 1236 10

137 1269 192 1335 καὶ
210 1268 360 1356 πολέμιοι
378 1271 439 1338 τοῦ
456 1272 538 1339 λαοῦ
551 1273 611 1338 τοῦ
625 1273 722 1354 θεοῦ,
739 1274 808 1337 τῶν
822 1271 1005 1356 προφητῶν
1023 1269 1106 1338 κατά

135 1378 293 1438 πλεῖστον
311 1365 391 1440 ὅσον
409 1364 614 1457 άφεστῦτες,
640 1367 774 1451 εἰκότως
793 1366 905 1449 αὐτοῖς
923 1367 1066 1458 πρώτοις
1086 1365 1106 1458 ή

135 1473 196 1538 τοῦ
214 1474 299 1539 θεοῦ
317 1474 436 1558 ἐφίστη
451 1469 608 1560 δύναμις·
628 1467 681 1539 διδ
695 1472 750 1539 καὶ
762 1466 899 1540 πάντων
912 1466 1106 1559 ἀνθρώπων

135 1574 261 1658 μᾶλλον
286 1568 366 1661 παρ’
387 1578 585 1659 Αἰγυπτίοις
610 1581 749 1659 ίσχυσεν
771 1569 789 1641 ὁ
812 1576 871 1660 τής
890 1567 1106 1659 εῦαγγελικής

136 1671 239 1741 αὐτοῦ
253 1679 472 1752 διδασκαλίας
485 1670 595 1760 λόγος·
623 1669 706 1742 ὅθεν
716 1667 737 1759 ή
748 1675 902 1762 παροῦσα
919 1680 1106 1761 προφητεία
1120 1700 1146 1741 ιτ

135 1771 240 1842 αὐτὸν
248 1771 360 1854 αὐτοῖς
373 1772 592 1862 ἐπιδημήσειν
598 1772 657 1842 τόν
667 1771 785 1861 κῦριον
794 1780 955 1862 θεσπίζει,
970 1770 1106 1843 10.ιἰλλ’

134 1871 209 1962 οὐχὶ
227 1873 304 1955 τοῦς
323 1882 528 1962 Αἰγυπτίους
546 1872 637 1962 ήξειν
657 1886 703 1955 εις
717 1873 778 1962 τήν
791 1872 963 1945 Ἰουδαίων
980 1872 1106 1966 χώραν,

135 1975 218 2043 οὐδέ
233 2003 271 2063 γε
289 1983 335 2055 εἰς
353 1974 393 2044 τά
408 1971 616 2064 Ἰεροσόλυμα
634 1974 881 2064 προσκυνήσειν
899 1972 1007 2068 αὐτῷ,
1027 1974 1102 2045 οὐδ’

113 2078 286 2145 σε’νταῦθα
304 2075 387 2144 κατά
404 2072 444 2144 τά
462 2073 551 2163 παρά
567 2086 688 2147 Μωσεῐ
697 2080 964 2167 προστεταγμένα
981 2100 1105 2167 προση-

136 2175 311 2245 λυτεῦσειν
324 2171 509 2265 Ἰουδαίοις,
528 2178 608 2247 οὐδὲ
622 2177 744 2248 θύσειν
761 2184 884 2260 θυσίας
903 2182 940 2249 έν
957 2183 1003 2271 τῷ
1021 2177 1104 2268 πρὸς
1117 2205 1144 2246 εο

133 2283 173 2367 τῇ
188 2273 401 2368 Ἰερουσαλήμ
418 2286 665 2372 θυσιαστηρίῳ·
702 2276 785 2348 άλλά
803 2278 932 2350 τούτων
952 2281 1013 2368 μὲν
1031 2287 1105 2349 ἔσε-

134 2388 220 2449 σθαί
233 2404 338 2468 φησιν
354 2378 471 2468 οῦδὲν,
490 2378 549 2451 τδν
567 2381 605 2450 δὲ
623 2378 741 2470 κῦριον
759 2379 861 2451 αὐτὸν
885 2378 1105 2469 ἐπιδημήσειν

133 2499 201 2564 τοῖς
220 2490 437 2570 Αἰγυπτίοις,
461 2486 516 2552 καὶ
542 2486 600 2570 τής
618 2480 722 2552 αὑτοῦ
740 2490 925 2571 παρουσίας
942 2481 1104 2563 καταξιώ-

134 2607 207 2654 σειν
224 2584 304 2663 τοῦς
317 2581 453 2672 άνδρας,
471 2581 627 2672 μεγάλων
638 2612 674 2654 τε
686 2581 826 2672 άγαθῶν
837 2581 1104 2670 καταστήσεσθαι

134 2694 240 2753 αίτιον
261 2681 383 2766 αὐτοῖς.
411 2690 459 2755 11.
479 2683 709 2773 κατορθώσειν
726 2689 809 2773 γοῦν
827 2679 931 2754 αῦτοῦ
948 2681 1010 2771 τήν
1029 2687 1102 2751 ἐπι·
1115 2712 1142 2753 ετ

135 2791 258 2872 δημίαν
275 2792 396 2872 ταῦτα,
421 2782 505 2876 άπερ
530 2789 585 2856 καὶ
604 2783 716 2867 αῦτοίς
741 2794 848 2874 έργοις
865 2783 946 2874 μετὰ
963 2783 1025 2872 τήν
1041 2789 1102 2853 τοῦ

133 2888 281 2973 σωτῆρος
299 2883 393 2975 ήμῶν
414 2883 521 2975 Ἰησοῦ
544 2890 605 2957 τοῦ
622 2893 767 2978 Χριστοῦ
790 2884 989 2976 ἐπιφάνειαν
1005 2893 1100 2956 συνί-

73 3045 76 3052 .
133 3009 248 3055 σταται
272 2990 530 3077 πεπληρωμένα·
565 2996 642 3059 τίνα
673 2989 711 3058 δὲ
741 2978 783 3077 ἦν
813 2985 1028 3078 θεασαίμεθα.
1069 2992 1104 3056 οί

132 3091 213 3176 πρὶν
238 3085 299 3178 τήν
324 3101 497 3177 Αίγυπτον
520 3095 691 3171 οίκοῦντες
715 3095 839 3177 φαῦλοι
862 3093 918 3160 καλ
935 3091 1101 3179 μοχθηροὶ

103 3219 116 3258 ο
134 3196 307 3279 δαίμονες,
332 3195 365 3273 ἐξ
389 3196 510 3272 αἰῶνος
534 3195 665 3281 μακροῦ
689 3207 756 3271 τοῖς
780 3188 909 3273 ξοάνοις
928 3187 1100 3279 έμφωλεῦ-
1114 3217 1140 3260 ιο

132 3319 225 3371 οντες
250 3294 305 3360 καὶ
324 3293 381 3372 τάς
403 3295 470 3363 τοῖν
489 3299 689 3380 Αἰγυπτίων
705 3289 814 3381 ψυχάς
831 3289 922 3384 πάση
942 3296 1100 3361 δεισιδαι·

130 3399 249 3480 μανίας
266 3391 377 3482 πλάνη
392 3391 706 3484 καταδουλούμενοι,
726 3391 987 3483 συναισθόμενοι
1006 3395 1101 3481 ξένης
