2326 3818
332 115 519 168 DEMONST.
531 115 664 166 EVANG.
684 117 716 166 V.
735 119 844 168 21-23.
998 117 1061 182 343

441 300 519 375 Ἀπὸ
536 304 597 374 τοό
609 301 717 392 Ὠσηέ.

165 433 238 500 Περὶ
250 434 301 487 τοῦ
314 434 389 486 θεοῦ
401 426 488 500 λόγου
504 431 554 485 καὶ
567 433 618 485 τοῦ
630 428 737 499 πατρὸς
754 427 792 494 ὥς
804 432 869 500 περὶ
881 437 992 502 κυρίου.
1080 467 1091 494 c

171 571 259 632 XXII.
283 551 359 628 “023
377 555 422 646 μὴ
437 559 663 644 ἐγκαταλείψω
678 560 738 626 τοῦ
753 559 991 647 ἐξαλειφθῆναι
1004 559 1063 630 τόν

93 657 229 747 Ίακοίβ,
247 655 395 740 ὅτιθεὸς
414 657 479 746 ἐγω
497 665 584 747 εἰμι,
602 659 659 726 καὶ
676 653 740 728 οόκ
757 655 937 746 όὲνθρωπος
956 663 993 729 έν
1011 663 1063 731 σοί

71 793 83 832 ε
96 759 206 849 ἅγιος,
225 762 280 830 καί
298 755 360 831 οόκ
378 757 608 848 εἰσελεύσομαι
623 766 670 843 εἰς
683 757 798 831 πόλιν·
821 756 928 831 ὀπίσω
943 769 1063 852 κυρίου

95 859 334 953 πορεύσομαι.”

177 967 288 1033 Ταῦτα
311 965 367 1032 καὶ
393 960 448 1032 διόι
477 961 606 1033 τούτων
628 961 646 1032 ό
677 963 757 1044 θεὸς
777 961 871 1051 λόγος
891 968 1093 1050 ένανθρω-ε

96 1064 202 1154 πήσας
227 1064 309 1155 πρός
332 1061 409 1145 τοός
433 1060 617 1150 όίνθρωπον
648 1061 750 1134 αὐτόν
776 1061 889 1153 όὲγιον,
921 1064 994 1135 ἀλλ’
1022 1064 1063 1135 οὐ

95 1164 179 1236 θεόν
197 1166 284 1236 εἶναι
301 1160 562 1254 ὁμολογοῦντας,
586 1161 666 1245 θεός
691 1162 756 1253 ἐγιό
774 1172 858 1254 εἰμι,
881 1169 982 1256 φησί,
1007 1169 1064 1237 καί

57 1298 82 1336 10
96 1264 157 1336 οὐκ
175 1263 355 1357 ἅνθρωπος
374 1270 411 1335 ἐν
424 1266 478 1335 σοὶ
491 1261 592 1354 ἅγιος.
616 1270 646 1336 2.
663 1265 734 1336 εἰτα
746 1265 830 1336 θεὸν
843 1261 945 1337 αὐτόν
960 1266 1064 1338 εἰπόν

95 1365 154 1437 τόν
177 1368 232 1437 ἐπὶ
255 1365 391 1437 πόντων
413 1364 530 1457 κόριον
556 1371 613 1438 καί
635 1365 720 1437 θεόν
743 1369 798 1436 καί
816 1370 941 1456 πατέρα
959 1364 1063 1438 αὑτοῦ

97 1474 211 1557 δηλοῖ,
231 1469 393 1554 ἐπιλέγων
405 1463 535 1538 “όπίσω
553 1475 674 1559 κυρίου
697 1466 933 1559 πορεόσομαι.”
971 1469 1008 1538 τὸ
1027 1470 1064 1539 δὲ

90 1565 176 1639 δὀὐκ
195 1567 426 1658 εἰσελεύσομαι
445 1575 495 1651 εἰς
512 1565 633 1640 πόλιν”
653 1565 863 1659 όρνουμένον
876 1565 919 1640 όίν
934 1580 985 1659 εἰη
1003 1568 1065 1657 τὴν

96 1669 214 1759 κοινὴν
232 1673 288 1741 καί
299 1669 438 1760 δημώδη
451 1666 647 1762 ἀνθρώπων
659 1678 841 1760 πολιτείαν,
858 1663 897 1760 ἧς
914 1674 971 1742 καὶ
988 1671 1065 1754 τοὺς

59 1804 83 1842 15
98 1778 204 1854 ἰδίους
227 1771 380 1862 μαθητὰς
404 1768 601 1864 ἀποτρέπων
624 1775 730 1861 φησὶν
748 1770 820 1855 “sle
845 1768 926 1843 ὁδόν
951 1772 1082 1845 ἐθνῶν

96 1872 140 1964 μὴ
164 1871 333 1963 ἀπέλθητε
364 1876 420 1946 καὶ
446 1881 493 1956 εἰς
522 1872 622 1946 πόλιν
646 1882 866 1965 Σαμαρειτῶν
890 1873 934 1964 μὴ
961 1877 1064 1945 εἰσέλ-

96 1972 214 2062 θητε.”

434 2157 514 2230 Ἀπό
531 2166 595 2230 υοῦ
609 2157 724 2249 Ἀμώς.
1078 2189 1132 2239 (250)

98 2286 169 2350 Περὶ
187 2287 238 2339 τοῦ
257 2270 381 2367 σωτῆρος
397 2281 478 2367 ἡμῶν
495 2281 531 2368 τδρ
548 2287 614 2350 περὶ
631 2290 747 2354 κυρίου,
767 2288 817 2341 καί
834 2289 885 2342 τοῦ
903 2284 1010 2355 πατρός
1027 2284 1064 2349 τός

58 2375 84 2414 20
148 2355 214 2419 περὶ
227 2356 316 2420 θεον,
334 2352 384 2406 καί
396 2373 448 2421 της
460 2371 511 2406 του
524 2355 669 2407 Ιουδαίων
683 2353 791 2416 έθνους
802 2359 1012 2422 καταστροφῆς.

177 2490 277 2550 XXIII.
302 2471 542 2568 “Κατέστρεψα
564 2474 651 2566 ὑμᾶς
669 2475 783 2558 καθώς
806 2479 1028 2567 κατέστρεψεν
1046 2476 1062 2547 ὁ
1078 2478 1107 2550 ι’

96 2576 175 2660 θεὸς
201 2576 339 2667 Σόδομα
363 2580 418 2648 καί
442 2576 613 2669 Γόμορρα,
637 2582 694 2647 καί
719 2581 876 2665 ἐγένεσθε
901 2573 946 2659 ὦς
965 2578 1065 2659 δαλὸς

98 2681 338 2770 ἐξεσπασμένος
353 2683 389 2751 ἐκ
407 2677 522 2770 πυρός.
554 2681 610 2750 καὶ
628 2676 703 2750 οὐδ’
723 2676 828 2761 οὕτως
843 2682 1065 2767 ἐπεστρέψατε

98 2781 179 2871 πρός
196 2810 255 2869 με,
274 2783 362 2868 λέγει
380 2777 542 2872 κόριος.”’

59 2926 85 2966 25
175 2877 362 2951 Κάνταῦθα
387 2881 485 2963 αὐτὸς
510 2881 528 2951 ὁ
551 2879 665 2971 κύριος
691 2879 775 2951 θεόν
797 2879 873 2952 τινα
896 2907 980 2971 φησι
1004 2881 1066 2970 τὴν

99 2984 152 3051 ἐπὶ
177 2979 342 3071 Σοδόμων
367 2980 601 3072 καταστροφὴν
623 2985 856 3071 πεποιηκέναι,
881 2986 991 3071 ἕτερος
1018 2979 1065 3052 όόν

99 3081 228 3172 δηλαδὴ
250 3087 310 3153 τοῦ
335 3081 416 3173 πρός
439 3081 544 3154 αὐτοῦ
568 3086 786 3173 δηλονμένου.
829 3089 858 3153 2.
884 3086 941 3153 καί
967 3086 1003 3152 ἐν
1025 3087 1065 3173 τῇ

99 3186 152 3254 έπί
164 3182 330 3273 Σοδόμων
347 3185 385 3256 δί
402 3189 616 3276 καταστροφῇ
635 3183 698 3256 δύο
712 3184 821 3276 κόριοι
834 3191 1065 3274 παρίστανται,

167 3419 182 3466 3
201 3415 248 3468 os.
264 3419 303 3476 11,
317 3419 340 3468 9.
445 3419 477 3468 15
494 3417 593 3472 Matth.
609 3419 650 3481 ιο,
664 3418 689 3469 ε.
793 3419 825 3468 21
844 3415 935 3468 Amos.
947 3417 973 3480 4,
988 3417 1027 3466 ιι.
