2326 3818
312 135 498 187 DEMONST.
516 135 649 186 EVANG.
667 136 714 185 IX.
735 135 774 188 14,
796 138 837 188 15.
990 133 1054 196 609

85 283 176 346 ίδίου
202 281 280 364 βίου
305 271 461 364 περιττὸν
488 279 646 362 μαντείας
678 281 974 364 πολυπραγμονεῖν
996 272 1084 344 διάε

84 383 143 465 τῆς
162 379 355 466 δαιμονικῆς
373 371 501 463 ἀπάτης
519 377 770 463 ἐνεργουμένας.
885 423 889 430 -

426 641 505 716 ’Λπὸ
523 652 583 715 τοῦ
601 641 714 716 αύτού.

161 793 221 856 XV.
247 777 390 869 ε(Ἰακοδβ
416 778 434 850 ὁ
462 796 540 862 παις
565 809 649 870 μου,
684 778 906 869 ἀντιλήψομαι
933 778 1054 850 αὐτοῦ’

57 881 213 973 οἸσραὴλ
235 877 254 953 ὁ
280 878 429 963 ἐκλεκτός
453 911 536 972 μου,
560 886 780 971 προσεδέξατο
804 882 909 952 αὐτὸν
926 877 946 971 ἡ
966 881 1056 971 ψυχή

85 1014 160 1075 μου.
192 992 304 1075 κρίσιν
316 1000 385 1067 τοῖς
398 992 536 1055 ἔθνεσιν
550 987 679 1071 ἐξοίσει,
698 980 739 1054 ού
754 982 956 1073 κεκράξεται,
974 980 1054 1055 ούδέ
1068 1006 1125 1059 (452)

86 1085 216 1176 ἀνήσει,
235 1083 316 1156 οὐδὲ
328 1083 575 1175 ἀκουσθήσεται
590 1089 650 1168 ἔξω
664 1080 796 1173 ἦφωνη
816 1083 928 1157 αὐτοῦ.
957 1084 1057 1156 κάλα-

87 1217 152 1277 μον
169 1190 450 1276 συντετριμμένον
468 1184 509 1256 ού
527 1185 693 1271 κατεάξει,
717 1189 773 1255 καὶ
792 1193 887 1258 λίνου
906 1188 1058 1272 καπυιζό-

84 1302 190 1378 μενον
213 1286 254 1358 ού
279 1294 409 1375 σβέσει,
433 1283 508 1357 ἀλλ’
535 1295 583 1369 είς
605 1285 771 1376 ἀλήθειαν
796 1293 916 1370 ἐξοίσει
935 1298 1055 1377 κρίσιν.

49 1423 73 1462 ιο
86 1387 275 1478 ἀναλάμψει
292 1391 348 1458 καί
367 1384 407 1459 ού
425 1387 698 1476 θραυσθήσεται,
718 1394 779 1470 ἕως
797 1385 905 1480 ἀνθῇ
925 1393 979 1459 ἐπὶ
996 1394 1057 1479 γῆς

86 1499 218 1580 κρίσιν,
245 1496 302 1560 καὶ
328 1492 381 1559 ἐπὶ
404 1497 451 1583 τῷ
474 1488 612 1578 ὀνόματι
636 1489 739 1560 αὐτοῦ
764 1499 848 1579 ἔθνη
874 1495 1056 1561 ἐλπιοῦσιν.

86 1589 174 1664 οὕτω
205 1595 292 1679 λέγει
319 1589 433 1680 κύριος
457 1587 474 1660 δ
498 1589 597 1679 θεὸς,
620 1586 639 1660 ὁ
663 1592 803 1677 ποιήσας
827 1589 885 1662 τὸν
909 1589 1058 1681 οὐρανὸν

87 1696 143 1764 καὶ
169 1692 272 1781 πήξας
299 1690 419 1780 αὐτὸν,
446 1690 463 1761 ὁ
490 1690 676 1782 στερεοέσας
702 1691 765 1782 τὴν
790 1698 855 1781 γῆν
880 1696 936 1762 καλ
960 1691 1001 1763 τά
1021 1699 1058 1764 ἐν

88 1793 189 1886 αὐτῇ,
213 1796 268 1864 καὶ
293 1790 409 1874 διδούς
432 1790 541 1882 πνοὴν
557 1797 603 1886 τῷ
622 1800 692 1887 λαῷ
709 1801 755 1887 τῷ
775 1793 826 1864 ἐπ’
854 1791 974 1883 αὐτῆς,
1002 1798 1057 1864 καὶ

50 1924 75 1965 ιτ
88 1903 221 1985 πνεῦμα
238 1913 307 1978 τοῖς
324 1900 490 1966 πατοῦσιν
508 1891 623 1984 αύτίγν
657 1894 720 1985 ἐγώ
737 1895 852 1986 κύριος
866 1892 883 1966 ὁ
901 1895 981 1978 θεός
995 1920 1058 1967 σου

88 1996 228 2067 ἐκάλεσά
252 2019 290 2066 σε
315 2001 353 2067 ἐν
375 1995 589 2088 δικαιοσύνῃ,
609 2000 669 2068 καὶ
693 1996 847 2087 κρατήσαι
869 2002 927 2087 τῆς
951 1997 1087 2088 χειρόςε

88 2121 167 2186 σου,
192 2100 247 2168 καὶ
272 2096 439 2187 ἐνισχύσω
464 2120 518 2187 σε,
544 2101 600 2168 καὶ
625 2098 736 2169 ἐδωκά
760 2124 799 2170 σε
826 2108 872 2183 είς
886 2099 1059 2189 διαθήκην

87 2201 225 2286 γένους,
245 2205 291 2280 είς
309 2205 381 2288 φῶς
401 2204 530 2287 ἐθνῶν,
549 2197 678 2282 ἀνοῖξαι
696 2198 893 2290 ὀφθαλμούς
907 2209 1058 2290 τυφλῶν,

88 2303 143 2370 καὶ
169 2304 342 2388 ἐξαγαγεῖν
366 2305 402 2371 ἐκ
426 2307 559 2391 δεσμῶν
583 2304 798 2390 δεδεμένους,
823 2305 879 2371 καὶ
905 2307 937 2384 ἐξ
964 2315 1059 2372 οίκου

50 2431 75 2470 20
89 2409 242 2491 φυλακῆς
259 2405 473 2492 καθημένους
492 2407 528 2473 ἐν
546 2398 686 2472 οκότει.”

165 2509 194 2574 2.
221 2507 289 2574 Καὶ
320 2503 442 2593 ταύτης
472 2502 490 2574 ὁ
517 2500 751 2592 εύαγγελιστὴς
775 2501 977 2592 μνημονεύει
1000 2507 1059 2592 τῆς

89 2607 223 2692 λέξεως,
240 2601 296 2675 ὅτε
315 2603 507 2686 ἐξελθόντες
520 2610 555 2676 οί
567 2617 745 2695 Φαρισαῖοι
759 2603 967 2694 συμβούλιον
987 2613 1060 2675 ἐλα-

88 2713 151 2794 βον
169 2706 252 2776 κατὰ
269 2709 330 2776 τοῦ
348 2709 495 2796 σωτῆρος
509 2702 604 2796 ἡμῶν
616 2705 706 2789 ὅπως
721 2704 825 2778 αύτὸν
838 2703 1061 2796 ἀπολέσωσιν,

90 2805 206 2895 ἐπειδὴ
223 2826 292 2889 τοῖς
310 2806 480 2896 σάββασιν
495 2806 574 2890 τούς
591 2808 778 2899 κάμνοντας
797 2807 991 2900 ἐθεράπευε.
1024 2808 1062 2879 τό

50 2936 76 2977 25
88 2915 271 2998 τηνικαῦτα
294 2909 374 2998 γάρ,
399 2905 444 2991 ὥς
468 2932 568 2998 φησι,
593 2910 697 2998 γνούς
720 2906 878 2999 ὁΊησούς
901 2911 963 3000 τὴν
987 2907 1060 2981 κατ’

89 3007 193 3081 αὐτου
215 3011 385 3100 συσκευὴυ
404 3005 639 3100 ’ἀνεχώρησεν
664 3015 815 3100 ἐκεῖθεν,
841 3015 897 3082 καὶ
921 3011 1060 3101 ἠκολού-

88 3124 202 3202 θησαν
226 3109 316 3205 αύτῷ
339 3109 430 3202 ὄχλοι
455 3114 587 3202 πολλοὶ,
613 3116 669 3183 καὶ
695 3113 922 3202 ἐθεράπευσεν
941 3109 1090 3194 αύτούςε

89 3213 232 3303 πάντας,
252 3217 307 3285 καὶ
327 3217 509 3304 ἐπέπληξεν
527 3209 641 3296 αὐτοῖς
658 3220 716 3286 ἵνα
733 3213 777 3305 μὴ
792 3213 941 3304 φανερὸν
959 3209 1062 3284 αὐτὸν

158 3451 175 3497 4
193 3448 239 3498 Es.
253 3450 294 3508 42,
309 3449 333 3496 1.
437 3449 471 3498 26
490 3449 589 3500 Matth.
607 3451 647 3514 12,
662 3451 703 3503 14.

142 3547 280 3583 εσεεειυε
294 3549 342 3585 111.
834 3533 876 3596 39
