<?xml version="1.0" encoding="UTF-8"?>
<!DOCTYPE html PUBLIC "-//W3C//DTD XHTML 1.0 Transitional//EN"
    "http://www.w3.org/TR/xhtml1/DTD/xhtml1-transitional.dtd">
<html xmlns="http://www.w3.org/1999/xhtml" xml:lang="en" lang="en">
 <head>
  <title>
</title>
<meta http-equiv="Content-Type" content="text/html;charset=utf-8" />
  <meta name='ocr-system' content='tesseract 3.04.00' />
  <meta name='ocr-capabilities' content='ocr_page ocr_carea ocr_par ocr_line ocrx_word'/>
</head>
<body>
  <div class='ocr_page' id='page_1' title='image "./eusebiicaesarie01dindgoog/eusebiicaesarie01dindgoog_0704.png"; bbox 0 0 2326 3818; ppageno 0'>
   <div class='ocr_carea' id='block_1_1' title="bbox 133 128 693 192">
    <p class='ocr_par' dir='ltr' id='par_1_1' title="bbox 133 128 693 192">
     <span class='ocr_line' id='line_1_1' title="bbox 133 128 693 192; baseline -0.002 -12"><span class='ocrx_word' id='word_1_1' title='bbox 133 128 197 192; x_wconf 78' lang='lat'><strong><em>616</em></strong></span> <span class='ocrx_word' id='word_1_2' title='bbox 543 128 693 181; x_wconf 76' lang='grc' dir='ltr'><strong><em>ιιιιεειιιι</em></strong></span> 
     </span>
    </p>
   </div>
   <div class='ocr_carea' id='block_1_2' title="bbox 67 264 1146 3501">
    <p class='ocr_par' dir='ltr' id='par_1_2' title="bbox 67 264 1145 1271">
     <span class='ocr_line' id='line_1_2' title="bbox 67 264 1109 360; baseline 0.002 -21"><span class='ocrx_word' id='word_1_3' title='bbox 67 299 122 349; x_wconf 78' lang='grc' dir='ltr'><strong><em>(ιιι)</em></strong></span> <span class='ocrx_word' id='word_1_4' title='bbox 135 272 302 360; x_wconf 84' lang='grc' dir='ltr'><strong><em>φέρεσθαι</em></strong></span> <span class='ocrx_word' id='word_1_5' title='bbox 318 265 378 338; x_wconf 87' lang='grc' dir='ltr'><strong><em>τόν</em></strong></span> <span class='ocrx_word' id='word_1_6' title='bbox 400 264 522 355; x_wconf 79' lang='grc' dir='ltr'><strong><em>αὐτόν,</em></strong></span> <span class='ocrx_word' id='word_1_7' title='bbox 546 269 682 338; x_wconf 33' lang='grc' dir='ltr'><strong><em>καλκέπλ</em></strong></span> <span class='ocrx_word' id='word_1_8' title='bbox 705 264 888 355; x_wconf 79' lang='grc' dir='ltr'>ὑποζυγίου</span> <span class='ocrx_word' id='word_1_9' title='bbox 912 270 968 337; x_wconf 79' lang='grc' dir='ltr'><strong><em>καί</em></strong></span> <span class='ocrx_word' id='word_1_10' title='bbox 991 266 1109 341; x_wconf 83' lang='grc' dir='ltr'><strong><em>πάλου</em></strong></span> 
     </span>
     <span class='ocr_line' id='line_1_3' title="bbox 132 365 1107 461; baseline -0.002 -19"><span class='ocrx_word' id='word_1_11' title='bbox 132 373 214 443; x_wconf 85' lang='grc' dir='ltr'><strong><em>νίου</em></strong></span> <span class='ocrx_word' id='word_1_12' title='bbox 230 369 397 460; x_wconf 69' lang='grc' dir='ltr'><strong><em>ὀχεῖσθαι·</em></strong></span> <span class='ocrx_word' id='word_1_13' title='bbox 427 371 482 440; x_wconf 76' lang='grc' dir='ltr'><strong><em>ἐπὶ</em></strong></span> <span class='ocrx_word' id='word_1_14' title='bbox 499 365 586 441; x_wconf 85' lang='grc' dir='ltr'><strong><em>πολύ</em></strong></span> <span class='ocrx_word' id='word_1_15' title='bbox 603 366 667 458; x_wconf 88' lang='grc' dir='ltr'><strong><em>γάρ</em></strong></span> <span class='ocrx_word' id='word_1_16' title='bbox 688 373 792 439; x_wconf 76' lang='grc' dir='ltr'><strong><em>ταῦτα</em></strong></span> <span class='ocrx_word' id='word_1_17' title='bbox 812 371 984 457; x_wconf 78' lang='grc' dir='ltr'><strong><em>διέστηκεν</em></strong></span> <span class='ocrx_word' id='word_1_18' title='bbox 1001 367 1107 461; x_wconf 73' lang='grc' dir='ltr'><strong><em>άλλη-</em></strong></span> 
     </span>
     <span class='ocr_line' id='line_1_4' title="bbox 133 461 1104 561; baseline 0.004 -19"><span class='ocrx_word' id='word_1_19' title='bbox 133 482 211 543; x_wconf 85' lang='grc' dir='ltr'><strong><em>λοιν.</em></strong></span> <span class='ocrx_word' id='word_1_20' title='bbox 253 478 281 543; x_wconf 90' lang='lat'><strong><em>8.</em></strong></span> <span class='ocrx_word' id='word_1_21' title='bbox 314 479 435 561; x_wconf 85' lang='grc' dir='ltr'><strong><em>μυρίας</em></strong></span> <span class='ocrx_word' id='word_1_22' title='bbox 454 466 486 540; x_wconf 89' lang='grc' dir='ltr'><strong><em>δ’</em></strong></span> <span class='ocrx_word' id='word_1_23' title='bbox 506 461 568 543; x_wconf 80' lang='grc' dir='ltr'><strong><em>σύν</em></strong></span> <span class='ocrx_word' id='word_1_24' title='bbox 585 468 740 552; x_wconf 77' lang='grc' dir='ltr'><strong><em>τοιαύτας</em></strong></span> <span class='ocrx_word' id='word_1_25' title='bbox 757 473 813 540; x_wconf 80' lang='grc' dir='ltr'><strong><em>καὶ</em></strong></span> <span class='ocrx_word' id='word_1_26' title='bbox 830 468 932 552; x_wconf 87' lang='grc' dir='ltr'><strong><em>άλλας</em></strong></span> <span class='ocrx_word' id='word_1_27' title='bbox 949 474 1025 560; x_wconf 81' lang='grc' dir='ltr'><strong><em>περί</em></strong></span> <span class='ocrx_word' id='word_1_28' title='bbox 1043 477 1104 546; x_wconf 79' lang='grc' dir='ltr'><strong><em>τοῦ</em></strong></span> 
     </span>
     <span class='ocr_line' id='line_1_5' title="bbox 133 571 1107 663; baseline 0.001 -18"><span class='ocrx_word' id='word_1_29' title='bbox 133 580 280 662; x_wconf 81' lang='grc' dir='ltr'><strong><em>Χριστοῦ</em></strong></span> <span class='ocrx_word' id='word_1_30' title='bbox 306 582 510 663; x_wconf 79' lang='grc' dir='ltr'><strong><em>προφητείας</em></strong></span> <span class='ocrx_word' id='word_1_31' title='bbox 536 571 756 660; x_wconf 74' lang='grc' dir='ltr'><strong><em>συναγαγών,</em></strong></span> <span class='ocrx_word' id='word_1_32' title='bbox 787 581 952 662; x_wconf 85' lang='grc' dir='ltr'><strong><em>παραθείς</em></strong></span> <span class='ocrx_word' id='word_1_33' title='bbox 982 600 1018 642; x_wconf 85' lang='grc' dir='ltr'><strong><em>τε</em></strong></span> <span class='ocrx_word' id='word_1_34' title='bbox 1048 577 1107 646; x_wconf 73' lang='grc' dir='ltr'><strong><em>καλ</em></strong></span> 
     </span>
     <span class='ocr_line' id='line_1_6' title="bbox 134 672 1131 764; baseline 0.003 -19"><span class='ocrx_word' id='word_1_35' title='bbox 134 674 343 764; x_wconf 75' lang='grc' dir='ltr'><strong><em>συγκρούσας</em></strong></span> <span class='ocrx_word' id='word_1_36' title='bbox 360 673 401 744; x_wconf 88' lang='grc' dir='ltr'><strong><em>τδι</em></strong></span> <span class='ocrx_word' id='word_1_37' title='bbox 419 672 588 762; x_wconf 77' lang='grc' dir='ltr'><strong><em>διαφόρως</em></strong></span> <span class='ocrx_word' id='word_1_38' title='bbox 607 672 852 762; x_wconf 91' lang='grc' dir='ltr'><strong><em>σημαινόμενα,</em></strong></span> <span class='ocrx_word' id='word_1_39' title='bbox 881 677 1131 761; x_wconf 81' lang='grc' dir='ltr'><strong><em>ἐναργέσταταο</em></strong></span> 
     </span>
     <span class='ocr_line' id='line_1_7' title="bbox 133 771 1107 867; baseline -0.002 -20"><span class='ocrx_word' id='word_1_40' title='bbox 133 775 307 867; x_wconf 77' lang='grc' dir='ltr'><strong><em>καταλήψη</em></strong></span> <span class='ocrx_word' id='word_1_41' title='bbox 331 775 423 858; x_wconf 88' lang='grc' dir='ltr'><strong><em>τινάς</em></strong></span> <span class='ocrx_word' id='word_1_42' title='bbox 447 776 509 864; x_wconf 69' lang='grc' dir='ltr'><strong><em>μὲν</em></strong></span> <span class='ocrx_word' id='word_1_43' title='bbox 536 782 595 863; x_wconf 79' lang='grc' dir='ltr'><strong><em>τῆς</em></strong></span> <span class='ocrx_word' id='word_1_44' title='bbox 623 772 755 863; x_wconf 75' lang='grc' dir='ltr'><strong><em>πρώτης</em></strong></span> <span class='ocrx_word' id='word_1_45' title='bbox 786 771 889 845; x_wconf 81' lang='grc' dir='ltr'><strong><em>αύτού</em></strong></span> <span class='ocrx_word' id='word_1_46' title='bbox 919 784 1107 864; x_wconf 82' lang='grc' dir='ltr'><strong><em>παρουσίας</em></strong></span> 
     </span>
     <span class='ocr_line' id='line_1_8' title="bbox 134 873 1106 968; baseline 0.001 -20"><span class='ocrx_word' id='word_1_47' title='bbox 134 878 312 966; x_wconf 80' lang='grc' dir='ltr'><strong><em>δηλώματα</em></strong></span> <span class='ocrx_word' id='word_1_48' title='bbox 326 874 555 965; x_wconf 75' lang='grc' dir='ltr'><strong><em>περιεχούσας,</em></strong></span> <span class='ocrx_word' id='word_1_49' title='bbox 569 881 831 965; x_wconf 75' lang='grc' dir='ltr'><strong><em>πεπληρωμένας</em></strong></span> <span class='ocrx_word' id='word_1_50' title='bbox 844 873 926 962; x_wconf 86' lang='grc' dir='ltr'><strong><em>κατά</em></strong></span> <span class='ocrx_word' id='word_1_51' title='bbox 940 875 1002 964; x_wconf 84' lang='grc' dir='ltr'><strong><em>τὴν</em></strong></span> <span class='ocrx_word' id='word_1_52' title='bbox 1016 877 1106 968; x_wconf 81' lang='grc' dir='ltr'><strong><em>πρά·</em></strong></span> 
     </span>
     <span class='ocr_line' id='line_1_9' title="bbox 132 973 1107 1067; baseline 0.001 -17"><span class='ocrx_word' id='word_1_53' title='bbox 132 1009 196 1067; x_wconf 93' lang='grc' dir='ltr'><strong><em>την</em></strong></span> <span class='ocrx_word' id='word_1_54' title='bbox 214 977 414 1066; x_wconf 82' lang='grc' dir='ltr'><strong><em>ἐπιφάνειαν</em></strong></span> <span class='ocrx_word' id='word_1_55' title='bbox 431 973 546 1066; x_wconf 84' lang='grc' dir='ltr'><strong><em>αύτού,</em></strong></span> <span class='ocrx_word' id='word_1_56' title='bbox 562 976 656 1059; x_wconf 86' lang='grc' dir='ltr'><strong><em>τινάς</em></strong></span> <span class='ocrx_word' id='word_1_57' title='bbox 675 978 712 1048; x_wconf 69' lang='grc' dir='ltr'><strong><em>δὲ</em></strong></span> <span class='ocrx_word' id='word_1_58' title='bbox 731 984 777 1058; x_wconf 82' lang='grc' dir='ltr'><strong><em>τίς</em></strong></span> <span class='ocrx_word' id='word_1_59' title='bbox 790 977 853 1063; x_wconf 73' lang='grc' dir='ltr'><strong><em>τὴν</em></strong></span> <span class='ocrx_word' id='word_1_60' title='bbox 867 981 1029 1067; x_wconf 79' lang='grc' dir='ltr'><strong><em>δευτέραν</em></strong></span> <span class='ocrx_word' id='word_1_61' title='bbox 1043 977 1107 1051; x_wconf 81' lang='grc' dir='ltr'><strong><em>αύ-</em></strong></span> 
     </span>
     <span class='ocr_line' id='line_1_10' title="bbox 132 1076 1105 1169; baseline 0.002 -20"><span class='ocrx_word' id='word_1_62' title='bbox 132 1084 194 1150; x_wconf 80' lang='grc' dir='ltr'><strong><em>τοῦ</em></strong></span> <span class='ocrx_word' id='word_1_63' title='bbox 223 1082 281 1149; x_wconf 81' lang='grc' dir='ltr'><strong><em>καὶ</em></strong></span> <span class='ocrx_word' id='word_1_64' title='bbox 305 1082 442 1162; x_wconf 83' lang='grc' dir='ltr'><strong><em>ἔνδοξον</em></strong></span> <span class='ocrx_word' id='word_1_65' title='bbox 470 1076 585 1169; x_wconf 81' lang='grc' dir='ltr'><strong><em>άφιξιυ</em></strong></span> <span class='ocrx_word' id='word_1_66' title='bbox 615 1076 877 1168; x_wconf 76' lang='grc' dir='ltr'><strong><em>ἀναφερομένας.</em></strong></span> <span class='ocrx_word' id='word_1_67' title='bbox 924 1085 954 1148; x_wconf 86' lang='grc'><strong><em>9.</em></strong></span> <span class='ocrx_word' id='word_1_68' title='bbox 985 1080 1105 1162; x_wconf 82' lang='grc' dir='ltr'><strong><em>ἐξειλό-</em></strong></span> 
     </span>
     <span class='ocr_line' id='line_1_11' title="bbox 133 1178 1145 1271; baseline 0 -19"><span class='ocrx_word' id='word_1_69' title='bbox 133 1193 261 1271; x_wconf 87' lang='grc' dir='ltr'><strong><em>θρευσε</em></strong></span> <span class='ocrx_word' id='word_1_70' title='bbox 271 1178 335 1271; x_wconf 86' lang='grc' dir='ltr'><strong><em>γάρ</em></strong></span> <span class='ocrx_word' id='word_1_71' title='bbox 345 1182 533 1268; x_wconf 84' lang='grc' dir='ltr'><strong><em>λεληθότως</em></strong></span> <span class='ocrx_word' id='word_1_72' title='bbox 550 1179 680 1271; x_wconf 79' lang='grc' dir='ltr'><strong><em>ἅρματα</em></strong></span> <span class='ocrx_word' id='word_1_73' title='bbox 698 1183 751 1251; x_wconf 80' lang='grc' dir='ltr'><strong><em>καλ</em></strong></span> <span class='ocrx_word' id='word_1_74' title='bbox 771 1186 876 1252; x_wconf 77' lang='grc' dir='ltr'><strong><em>’ίππον</em></strong></span> <span class='ocrx_word' id='word_1_75' title='bbox 890 1183 945 1252; x_wconf 79' lang='grc' dir='ltr'><strong><em>καὶ</em></strong></span> <span class='ocrx_word' id='word_1_76' title='bbox 964 1186 1033 1252; x_wconf 83' lang='grc' dir='ltr'><strong><em>πᾶν</em></strong></span> <span class='ocrx_word' id='word_1_77' title='bbox 1049 1181 1106 1253; x_wconf 84' lang='grc' dir='ltr'><strong><em>τό·</em></strong></span> <span class='ocrx_word' id='word_1_78' title='bbox 1118 1210 1145 1252; x_wconf 81' lang='grc' dir='ltr'><strong><em>ιο</em></strong></span> 
     </span>
    </p>

    <p class='ocr_par' dir='ltr' id='par_1_3' title="bbox 105 1277 1146 3501">
     <span class='ocr_line' id='line_1_12' title="bbox 111 1277 1106 1372; baseline 0.003 -21"><span class='ocrx_word' id='word_1_79' title='bbox 111 1286 192 1366; x_wconf 84' lang='grc' dir='ltr'><strong><em>·ξον</em></strong></span> <span class='ocrx_word' id='word_1_80' title='bbox 210 1282 390 1372; x_wconf 87' lang='grc' dir='ltr'><strong><em>πολεμικὸν</em></strong></span> <span class='ocrx_word' id='word_1_81' title='bbox 413 1278 434 1372; x_wconf 80' lang='grc' dir='ltr'><em>ἡ</em></span> <span class='ocrx_word' id='word_1_82' title='bbox 457 1289 517 1353; x_wconf 81' lang='grc' dir='ltr'><strong><em>τοῦ</em></strong></span> <span class='ocrx_word' id='word_1_83' title='bbox 540 1287 689 1372; x_wconf 78' lang='grc' dir='ltr'><strong><em>σωτῆρος</em></strong></span> <span class='ocrx_word' id='word_1_84' title='bbox 705 1277 801 1371; x_wconf 77' lang='grc' dir='ltr'><strong><em>ἡμῶν</em></strong></span> <span class='ocrx_word' id='word_1_85' title='bbox 825 1289 943 1364; x_wconf 77' lang='grc' dir='ltr'><strong><em>ἔνθεος</em></strong></span> <span class='ocrx_word' id='word_1_86' title='bbox 962 1280 1106 1372; x_wconf 87' lang='grc' dir='ltr'><strong><em>δύναμις</em></strong></span> 
     </span>
     <span class='ocr_line' id='line_1_13' title="bbox 105 1381 1106 1474; baseline 0.003 -21"><span class='ocrx_word' id='word_1_87' title='bbox 105 1381 217 1455; x_wconf 79' lang='grc' dir='ltr'><strong><em>ικατά</em></strong></span> <span class='ocrx_word' id='word_1_88' title='bbox 235 1382 296 1473; x_wconf 76' lang='grc' dir='ltr'><strong><em>τὴν</em></strong></span> <span class='ocrx_word' id='word_1_89' title='bbox 320 1382 457 1474; x_wconf 85' lang='grc' dir='ltr'><strong><em>πράτην</em></strong></span> <span class='ocrx_word' id='word_1_90' title='bbox 480 1382 583 1455; x_wconf 83' lang='grc' dir='ltr'><strong><em>αύτού</em></strong></span> <span class='ocrx_word' id='word_1_91' title='bbox 607 1391 796 1474; x_wconf 85' lang='grc' dir='ltr'><strong><em>παρουσίαν</em></strong></span> <span class='ocrx_word' id='word_1_92' title='bbox 822 1387 858 1454; x_wconf 78' lang='grc' dir='ltr'><strong><em>ἐκ</em></strong></span> <span class='ocrx_word' id='word_1_93' title='bbox 880 1389 938 1471; x_wconf 77' lang='grc' dir='ltr'><strong><em>τῆς</em></strong></span> <span class='ocrx_word' id='word_1_94' title='bbox 963 1407 1106 1473; x_wconf 85' lang='grc' dir='ltr'><strong><em>σωματι-</em></strong></span> 
     </span>
     <span class='ocr_line' id='line_1_14' title="bbox 133 1481 1107 1576; baseline 0.003 -22"><span class='ocrx_word' id='word_1_95' title='bbox 133 1489 280 1576; x_wconf 84' lang='grc' dir='ltr'><strong><em>ιιοιτίρας</em></strong></span> <span class='ocrx_word' id='word_1_96' title='bbox 307 1481 522 1574; x_wconf 75' lang='grc' dir='ltr'><strong><em>Ἰερουσαλὴμ</em></strong></span> <span class='ocrx_word' id='word_1_97' title='bbox 552 1489 609 1557; x_wconf 82' lang='grc' dir='ltr'><strong><em>καλ</em></strong></span> <span class='ocrx_word' id='word_1_98' title='bbox 638 1489 700 1557; x_wconf 78' lang='grc' dir='ltr'><strong><em>τού</em></strong></span> <span class='ocrx_word' id='word_1_99' title='bbox 729 1488 938 1575; x_wconf 74' lang='grc' dir='ltr'><strong><em>καλουμένου</em></strong></span> <span class='ocrx_word' id='word_1_100' title='bbox 963 1484 1107 1576; x_wconf 81' lang='grc' dir='ltr'><strong><em>Ἐφραῒμ</em></strong></span> 
     </span>
     <span class='ocr_line' id='line_1_15' title="bbox 133 1585 1106 1676; baseline 0.001 -20"><span class='ocrx_word' id='word_1_101' title='bbox 133 1590 232 1656; x_wconf 80' lang='grc' dir='ltr'><strong><em>λαού·</em></strong></span> <span class='ocrx_word' id='word_1_102' title='bbox 262 1585 315 1658; x_wconf 88' lang='grc' dir='ltr'><strong><em>διδ</em></strong></span> <span class='ocrx_word' id='word_1_103' title='bbox 339 1591 373 1670; x_wconf 83' lang='grc' dir='ltr'><strong><em>ἐξ</em></strong></span> <span class='ocrx_word' id='word_1_104' title='bbox 397 1591 528 1659; x_wconf 79' lang='grc' dir='ltr'><strong><em>ἐκείνου</em></strong></span> <span class='ocrx_word' id='word_1_105' title='bbox 551 1591 609 1659; x_wconf 79' lang='grc' dir='ltr'><strong><em>καί</em></strong></span> <span class='ocrx_word' id='word_1_106' title='bbox 627 1595 675 1669; x_wconf 87' lang='grc' dir='ltr'><strong><em>είς</em></strong></span> <span class='ocrx_word' id='word_1_107' title='bbox 700 1594 801 1676; x_wconf 79' lang='grc' dir='ltr'><strong><em>δεῦρο</em></strong></span> <span class='ocrx_word' id='word_1_108' title='bbox 826 1585 937 1658; x_wconf 81' lang='grc' dir='ltr'><strong><em>οὐκέτι</em></strong></span> <span class='ocrx_word' id='word_1_109' title='bbox 960 1593 1106 1676; x_wconf 85' lang='grc' dir='ltr'><strong><em>συνίστη</em></strong></span> 
     </span>
     <span class='ocr_line' id='line_1_16' title="bbox 134 1685 1146 1778; baseline 0.002 -20"><span class='ocrx_word' id='word_1_110' title='bbox 134 1687 246 1759; x_wconf 75' lang='grc' dir='ltr'><strong><em>αὐτῶν</em></strong></span> <span class='ocrx_word' id='word_1_111' title='bbox 263 1687 301 1758; x_wconf 86' lang='grc' dir='ltr'><strong><em>τὸ</em></strong></span> <span class='ocrx_word' id='word_1_112' title='bbox 316 1696 506 1777; x_wconf 85' lang='grc' dir='ltr'><strong><em>βασίλειον,</em></strong></span> <span class='ocrx_word' id='word_1_113' title='bbox 527 1685 609 1760; x_wconf 74' lang='grc' dir='ltr'><strong><em>οὐδὲ</em></strong></span> <span class='ocrx_word' id='word_1_114' title='bbox 626 1687 647 1778; x_wconf 81' lang='grc' dir='ltr'><em>ἡ</em></span> <span class='ocrx_word' id='word_1_115' title='bbox 665 1687 767 1760; x_wconf 85' lang='grc' dir='ltr'><strong><em>πάλαι</em></strong></span> <span class='ocrx_word' id='word_1_116' title='bbox 786 1692 823 1758; x_wconf 80' lang='grc' dir='ltr'><strong><em>ἐν</em></strong></span> <span class='ocrx_word' id='word_1_117' title='bbox 841 1692 994 1777; x_wconf 82' lang='grc' dir='ltr'><strong><em>πολέμοις</em></strong></span> <span class='ocrx_word' id='word_1_118' title='bbox 1013 1686 1104 1778; x_wconf 85' lang='grc' dir='ltr'><strong><em>ίσχύ-</em></strong></span> <span class='ocrx_word' id='word_1_119' title='bbox 1118 1719 1146 1761; x_wconf 76' lang='grc' dir='ltr'><strong><em>ιι</em></strong></span> 
     </span>
     <span class='ocr_line' id='line_1_17' title="bbox 133 1787 1101 1879; baseline 0.002 -21"><span class='ocrx_word' id='word_1_120' title='bbox 133 1809 221 1859; x_wconf 86' lang='grc' dir='ltr'><strong><em>σασα</em></strong></span> <span class='ocrx_word' id='word_1_121' title='bbox 251 1789 446 1878; x_wconf 80' lang='grc' dir='ltr'><strong><em>παρασκευή</em></strong></span> <span class='ocrx_word' id='word_1_122' title='bbox 475 1817 512 1860; x_wconf 85' lang='grc' dir='ltr'><strong><em>τε</em></strong></span> <span class='ocrx_word' id='word_1_123' title='bbox 542 1789 655 1861; x_wconf 79' lang='grc' dir='ltr'><strong><em>αύτάυ</em></strong></span> <span class='ocrx_word' id='word_1_124' title='bbox 685 1793 744 1862; x_wconf 82' lang='grc' dir='ltr'><strong><em>καὶ·</em></strong></span> <span class='ocrx_word' id='word_1_125' title='bbox 770 1787 921 1879; x_wconf 77' lang='grc' dir='ltr'><strong><em>ὁπλιτικὴ</em></strong></span> <span class='ocrx_word' id='word_1_126' title='bbox 950 1789 1101 1878; x_wconf 89' lang='grc' dir='ltr'><strong><em>δύναμις.</em></strong></span> 
     </span>
     <span class='ocr_line' id='line_1_18' title="bbox 134 1888 1103 1974; baseline 0 -15"><span class='ocrx_word' id='word_1_127' title='bbox 134 1896 183 1960; x_wconf 89' lang='grc'><strong><em>10.</em></strong></span> <span class='ocrx_word' id='word_1_128' title='bbox 217 1895 326 1974; x_wconf 76' lang='grc' dir='ltr'><strong><em>καλάς</em></strong></span> <span class='ocrx_word' id='word_1_129' title='bbox 351 1892 389 1962; x_wconf 72' lang='grc' dir='ltr'><strong><em>δὲ</em></strong></span> <span class='ocrx_word' id='word_1_130' title='bbox 414 1895 451 1961; x_wconf 83' lang='grc' dir='ltr'><strong><em>ἐν</em></strong></span> <span class='ocrx_word' id='word_1_131' title='bbox 474 1889 602 1972; x_wconf 85' lang='grc' dir='ltr'><strong><em>τούτοις</em></strong></span> <span class='ocrx_word' id='word_1_132' title='bbox 628 1889 687 1962; x_wconf 86' lang='grc' dir='ltr'><strong><em>τόν</em></strong></span> <span class='ocrx_word' id='word_1_133' title='bbox 711 1888 819 1965; x_wconf 84' lang='grc' dir='ltr'><strong><em>πάντα</em></strong></span> <span class='ocrx_word' id='word_1_134' title='bbox 843 1896 912 1961; x_wconf 78' lang='grc' dir='ltr'><strong><em>τῶν</em></strong></span> <span class='ocrx_word' id='word_1_135' title='bbox 930 1889 1103 1961; x_wconf 80' lang='grc' dir='ltr'><strong><em>Ἰουδαίων</em></strong></span> 
     </span>
     <span class='ocr_line' id='line_1_19' title="bbox 132 1987 1104 2082; baseline 0.001 -23"><span class='ocrx_word' id='word_1_136' title='bbox 132 1989 215 2061; x_wconf 79' lang='grc' dir='ltr'><strong><em>λαόν</em></strong></span> <span class='ocrx_word' id='word_1_137' title='bbox 228 1991 370 2081; x_wconf 75' lang='grc' dir='ltr'><strong><em>Ἐφραίμ</em></strong></span> <span class='ocrx_word' id='word_1_138' title='bbox 389 1988 579 2080; x_wconf 73' lang='grc' dir='ltr'><strong><em>ὠνόμασεν,</em></strong></span> <span class='ocrx_word' id='word_1_139' title='bbox 603 1989 674 2062; x_wconf 81' lang='grc' dir='ltr'><strong><em>ἀλλ’</em></strong></span> <span class='ocrx_word' id='word_1_140' title='bbox 696 1990 770 2082; x_wconf 82' lang='grc' dir='ltr'><strong><em>ούχλ</em></strong></span> <span class='ocrx_word' id='word_1_141' title='bbox 785 1988 913 2082; x_wconf 78' lang='grc' dir='ltr'><strong><em>Ἰσραὴλ</em></strong></span> <span class='ocrx_word' id='word_1_142' title='bbox 932 1989 1010 2064; x_wconf 66' lang='grc' dir='ltr'><strong><em>οὐδὲ</em></strong></span> <span class='ocrx_word' id='word_1_143' title='bbox 1025 1987 1104 2062; x_wconf 84' lang='grc' dir='ltr'><strong><em>Ἰού-</em></strong></span> 
     </span>
     <span class='ocr_line' id='line_1_20' title="bbox 133 2091 1100 2183; baseline 0.001 -21"><span class='ocrx_word' id='word_1_144' title='bbox 133 2098 209 2179; x_wconf 90' lang='grc' dir='ltr'><strong><em>δαν,</em></strong></span> <span class='ocrx_word' id='word_1_145' title='bbox 228 2091 347 2181; x_wconf 80' lang='grc' dir='ltr'><strong><em>ἵναμὴ</em></strong></span> <span class='ocrx_word' id='word_1_146' title='bbox 365 2091 423 2175; x_wconf 90' lang='grc' dir='ltr'><strong><em>τάς</em></strong></span> <span class='ocrx_word' id='word_1_147' title='bbox 441 2096 642 2182; x_wconf 81' lang='grc' dir='ltr'><strong><em>σεμνοτέρας</em></strong></span> <span class='ocrx_word' id='word_1_148' title='bbox 668 2093 842 2181; x_wconf 74' lang='grc' dir='ltr'><strong><em>διαβάλλοι</em></strong></span> <span class='ocrx_word' id='word_1_149' title='bbox 866 2100 1100 2183; x_wconf 91' lang='grc' dir='ltr'><strong><em>προσηγορίας.</em></strong></span> 
     </span>
     <span class='ocr_line' id='line_1_21' title="bbox 135 2189 1145 2284; baseline 0.006 -22"><span class='ocrx_word' id='word_1_150' title='bbox 135 2200 183 2264; x_wconf 92' lang='grc'><strong><em>11.</em></strong></span> <span class='ocrx_word' id='word_1_151' title='bbox 213 2189 322 2283; x_wconf 83' lang='grc' dir='ltr'><strong><em>εύροις</em></strong></span> <span class='ocrx_word' id='word_1_152' title='bbox 341 2192 372 2264; x_wconf 87' lang='grc' dir='ltr'><strong><em>δ’</em></strong></span> <span class='ocrx_word' id='word_1_153' title='bbox 399 2190 442 2265; x_wconf 84' lang='grc' dir='ltr'><strong><em>άν</em></strong></span> <span class='ocrx_word' id='word_1_154' title='bbox 460 2197 515 2266; x_wconf 78' lang='grc' dir='ltr'><strong><em>καλ</em></strong></span> <span class='ocrx_word' id='word_1_155' title='bbox 541 2199 577 2267; x_wconf 79' lang='grc' dir='ltr'><strong><em>ἐν</em></strong></span> <span class='ocrx_word' id='word_1_156' title='bbox 593 2213 666 2277; x_wconf 78' lang='grc' dir='ltr'><strong><em>ταῖς</em></strong></span> <span class='ocrx_word' id='word_1_157' title='bbox 689 2193 804 2277; x_wconf 89' lang='grc' dir='ltr'><strong><em>άλλαις</em></strong></span> <span class='ocrx_word' id='word_1_158' title='bbox 827 2201 1046 2284; x_wconf 81' lang='grc' dir='ltr'><strong><em>προφητείαις</em></strong></span> <span class='ocrx_word' id='word_1_159' title='bbox 1063 2192 1101 2266; x_wconf 87' lang='grc' dir='ltr'><strong><em>τό</em></strong></span> <span class='ocrx_word' id='word_1_160' title='bbox 1117 2226 1145 2268; x_wconf 85' lang='grc' dir='ltr'><strong><em>εο</em></strong></span> 
     </span>
     <span class='ocr_line' id='line_1_22' title="bbox 107 2294 1106 2386; baseline -0.001 -19"><span class='ocrx_word' id='word_1_161' title='bbox 107 2300 202 2367; x_wconf 71' lang='grc' dir='ltr'><strong><em>επᾶν</em></strong></span> <span class='ocrx_word' id='word_1_162' title='bbox 220 2303 320 2378; x_wconf 81' lang='grc' dir='ltr'><strong><em>ἔθνος</em></strong></span> <span class='ocrx_word' id='word_1_163' title='bbox 334 2295 475 2386; x_wconf 81' lang='grc' dir='ltr'><strong><em>Ἐφραίμ</em></strong></span> <span class='ocrx_word' id='word_1_164' title='bbox 492 2294 574 2386; x_wconf 85' lang='grc' dir='ltr'><strong><em>μετά</em></strong></span> <span class='ocrx_word' id='word_1_165' title='bbox 593 2301 715 2384; x_wconf 74' lang='grc' dir='ltr'><strong><em>πολλῆς</em></strong></span> <span class='ocrx_word' id='word_1_166' title='bbox 742 2301 899 2385; x_wconf 76' lang='grc' dir='ltr'><strong><em>διαβολῆς</em></strong></span> <span class='ocrx_word' id='word_1_167' title='bbox 923 2299 979 2366; x_wconf 83' lang='grc' dir='ltr'><strong><em>καὶ</em></strong></span> <span class='ocrx_word' id='word_1_168' title='bbox 1004 2325 1106 2385; x_wconf 75' lang='grc' dir='ltr'><strong><em>κατη</em></strong></span> 
     </span>
     <span class='ocr_line' id='line_1_23' title="bbox 133 2395 1106 2527; baseline -0.002 -59"><span class='ocrx_word' id='word_1_169' title='bbox 133 2406 247 2522; x_wconf 80' lang='grc' dir='ltr'><strong><em>γορίας</em></strong></span> <span class='ocrx_word' id='word_1_170' title='bbox 266 2395 515 2489; x_wconf 81' lang='grc' dir='ltr'><strong><em>άυομιισμίνον,</em></strong></span> <span class='ocrx_word' id='word_1_171' title='bbox 534 2395 645 2489; x_wconf 74' lang='grc' dir='ltr'><strong><em>ὥσπερ</em></strong></span> <span class='ocrx_word' id='word_1_172' title='bbox 662 2401 780 2468; x_wconf 81' lang='grc' dir='ltr'><strong><em>καὶ</em></strong></span> <span class='ocrx_word' id='word_1_173' title='bbox 710 2429 810 2527; x_wconf 70' lang='grc' dir='ltr'><strong><em>ηυγ.</em></strong></span> <span class='ocrx_word' id='word_1_174' title='bbox 842 2396 923 2487; x_wconf 87' lang='grc' dir='ltr'><strong><em>μετά</em></strong></span> <span class='ocrx_word' id='word_1_175' title='bbox 940 2400 1025 2517; x_wconf 78' lang='grc' dir='ltr'><strong><em>γούγ</em></strong></span> <span class='ocrx_word' id='word_1_176' title='bbox 1042 2396 1106 2485; x_wconf 80' lang='grc' dir='ltr'><strong><em>την</em></strong></span> 
     </span>
     <span class='ocr_line' id='line_1_24' title="bbox 133 2491 1106 2590; baseline 0.002 -22"><span class='ocrx_word' id='word_1_177' title='bbox 133 2497 198 2569; x_wconf 88' lang='grc' dir='ltr'><strong><em>άπὸ</em></strong></span> <span class='ocrx_word' id='word_1_178' title='bbox 220 2505 419 2588; x_wconf 82' lang='grc' dir='ltr'><strong><em>Βαβυλωνος</em></strong></span> <span class='ocrx_word' id='word_1_179' title='bbox 434 2499 613 2588; x_wconf 81' lang='grc' dir='ltr'><strong><em>ἐπάνοδον,</em></strong></span> <span class='ocrx_word' id='word_1_180' title='bbox 631 2496 753 2590; x_wconf 86' lang='grc' dir='ltr'><strong><em>μηκέθ’</em></strong></span> <span class='ocrx_word' id='word_1_181' title='bbox 774 2491 937 2589; x_wconf 84' lang='grc' dir='ltr'><strong><em>ομοίως</em></strong></span> <span class='ocrx_word' id='word_1_182' title='bbox 914 2525 958 2578; x_wconf 82' lang='grc' dir='ltr'><strong><em>τος</em></strong></span> <span class='ocrx_word' id='word_1_183' title='bbox 971 2525 1007 2568; x_wconf 91' lang='grc' dir='ltr'><strong><em>το</em></strong></span> <span class='ocrx_word' id='word_1_184' title='bbox 997 2494 1106 2587; x_wconf 73' lang='grc' dir='ltr'><strong><em>πρὶν</em></strong></span> 
     </span>
     <span class='ocr_line' id='line_1_25' title="bbox 134 2597 1104 2724; baseline -0.001 -55"><span class='ocrx_word' id='word_1_185' title='bbox 134 2606 338 2724; x_wconf 84' lang='grc' dir='ltr'><strong><em>διηρημένου</em></strong></span> <span class='ocrx_word' id='word_1_186' title='bbox 356 2630 417 2671; x_wconf 91' lang='grc' dir='ltr'><strong><em>του</em></strong></span> <span class='ocrx_word' id='word_1_187' title='bbox 404 2605 535 2688; x_wconf 85' lang='grc' dir='ltr'><strong><em>λαού,</em></strong></span> <span class='ocrx_word' id='word_1_188' title='bbox 558 2611 651 2724; x_wconf 80' lang='grc' dir='ltr'><strong><em>τίηας</em></strong></span> <span class='ocrx_word' id='word_1_189' title='bbox 671 2630 713 2723; x_wconf 85' lang='grc' dir='ltr'><strong><em>ην</em></strong></span> <span class='ocrx_word' id='word_1_190' title='bbox 737 2601 823 2681; x_wconf 87' lang='grc' dir='ltr'><strong><em>είκδς</em></strong></span> <span class='ocrx_word' id='word_1_191' title='bbox 843 2605 1030 2689; x_wconf 75' lang='grc' dir='ltr'><strong><em>δηλοῦσθαι</em></strong></span> <span class='ocrx_word' id='word_1_192' title='bbox 1048 2597 1104 2668; x_wconf 85' lang='grc' dir='ltr'><strong><em>διά</em></strong></span> 
     </span>
     <span class='ocr_line' id='line_1_26' title="bbox 132 2697 1146 2825; baseline 0.001 -55"><span class='ocrx_word' id='word_1_193' title='bbox 132 2707 192 2771; x_wconf 83' lang='grc' dir='ltr'><strong><em>τοῦ</em></strong></span> <span class='ocrx_word' id='word_1_194' title='bbox 208 2697 386 2825; x_wconf 76' lang='grc' dir='ltr'><strong><em>Ἐφραίμ</em></strong></span> <span class='ocrx_word' id='word_1_195' title='bbox 365 2731 386 2789; x_wconf 94' lang='grc' dir='ltr'><strong><em>η</em></strong></span> <span class='ocrx_word' id='word_1_196' title='bbox 405 2698 531 2784; x_wconf 81' lang='grc' dir='ltr'><strong><em>αύτούς</em></strong></span> <span class='ocrx_word' id='word_1_197' title='bbox 550 2731 627 2783; x_wconf 90' lang='grc' dir='ltr'><strong><em>τους</em></strong></span> <span class='ocrx_word' id='word_1_198' title='bbox 653 2732 714 2790; x_wconf 88' lang='grc' dir='ltr'><strong><em>την</em></strong></span> <span class='ocrx_word' id='word_1_199' title='bbox 736 2700 953 2823; x_wconf 82' lang='grc' dir='ltr'><strong><em>Ιερονσαλημ</em></strong></span> <span class='ocrx_word' id='word_1_200' title='bbox 971 2703 1103 2771; x_wconf 83' lang='grc' dir='ltr'><strong><em>οίκοῦυ·</em></strong></span> <span class='ocrx_word' id='word_1_201' title='bbox 1116 2730 1146 2771; x_wconf 71' lang='grc' dir='ltr'><strong><em>σε</em></strong></span> 
     </span>
     <span class='ocr_line' id='line_1_27' title="bbox 132 2794 1105 2892; baseline 0.002 -23"><span class='ocrx_word' id='word_1_202' title='bbox 132 2828 208 2887; x_wconf 82' lang='grc' dir='ltr'><strong><em>τας;</em></strong></span> <span class='ocrx_word' id='word_1_203' title='bbox 233 2794 282 2871; x_wconf 77' lang='grc' dir='ltr'><strong><em>ὧν</em></strong></span> <span class='ocrx_word' id='word_1_204' title='bbox 298 2802 360 2890; x_wconf 81' lang='grc' dir='ltr'><strong><em>τὴν</em></strong></span> <span class='ocrx_word' id='word_1_205' title='bbox 378 2803 561 2892; x_wconf 84' lang='grc' dir='ltr'><strong><em>πολεμικὴν</em></strong></span> <span class='ocrx_word' id='word_1_206' title='bbox 579 2806 634 2874; x_wconf 82' lang='grc' dir='ltr'><strong><em>καὶ</em></strong></span> <span class='ocrx_word' id='word_1_207' title='bbox 653 2801 828 2891; x_wconf 85' lang='grc' dir='ltr'><strong><em>δπλιτικην</em></strong></span> <span class='ocrx_word' id='word_1_208' title='bbox 846 2801 992 2892; x_wconf 88' lang='grc' dir='ltr'><strong><em>δύναμιν</em></strong></span> <span class='ocrx_word' id='word_1_209' title='bbox 1009 2804 1105 2891; x_wconf 78' lang='grc' dir='ltr'><strong><em>μέχρι</em></strong></span> 
     </span>
     <span class='ocr_line' id='line_1_28' title="bbox 133 2900 1105 2994; baseline 0.002 -23"><span class='ocrx_word' id='word_1_210' title='bbox 133 2906 202 2972; x_wconf 75' lang='grc' dir='ltr'><strong><em>τῶν</em></strong></span> <span class='ocrx_word' id='word_1_211' title='bbox 215 2900 403 2991; x_wconf 77' lang='grc' dir='ltr'><strong><em>Ῥωμαϊκῶν</em></strong></span> <span class='ocrx_word' id='word_1_212' title='bbox 426 2903 557 2994; x_wconf 85' lang='grc' dir='ltr'><strong><em>χρόνων</em></strong></span> <span class='ocrx_word' id='word_1_213' title='bbox 577 2907 801 2994; x_wconf 77' lang='grc' dir='ltr'><strong><em>διαρκέσασαν</em></strong></span> <span class='ocrx_word' id='word_1_214' title='bbox 830 2903 931 2993; x_wconf 76' lang='grc' dir='ltr'><strong><em>ἡτοῦ</em></strong></span> <span class='ocrx_word' id='word_1_215' title='bbox 956 2907 1105 2993; x_wconf 78' lang='grc' dir='ltr'><strong><em>σωτῆρος</em></strong></span> 
     </span>
     <span class='ocr_line' id='line_1_29' title="bbox 133 3003 1105 3100; baseline 0.001 -27"><span class='ocrx_word' id='word_1_216' title='bbox 133 3003 230 3093; x_wconf 76' lang='grc' dir='ltr'><strong><em>ἡμῶν</em></strong></span> <span class='ocrx_word' id='word_1_217' title='bbox 247 3014 414 3093; x_wconf 86' lang='grc' dir='ltr'><strong><em>παρουσία</em></strong></span> <span class='ocrx_word' id='word_1_218' title='bbox 434 3010 541 3100; x_wconf 76' lang='grc' dir='ltr'><strong><em>ἐνθίφ</em></strong></span> <span class='ocrx_word' id='word_1_219' title='bbox 560 3009 615 3077; x_wconf 79' lang='grc' dir='ltr'><strong><em>καί</em></strong></span> <span class='ocrx_word' id='word_1_220' title='bbox 634 3003 811 3098; x_wconf 74' lang='grc' dir='ltr'><strong><em>ἀπορρήτῳ</em></strong></span> <span class='ocrx_word' id='word_1_221' title='bbox 826 3003 969 3094; x_wconf 82' lang='grc' dir='ltr'><strong><em>δυνάμει</em></strong></span> <span class='ocrx_word' id='word_1_222' title='bbox 982 3017 1105 3078; x_wconf 79' lang='grc' dir='ltr'><strong><em>καθεί-</em></strong></span> 
     </span>
     <span class='ocr_line' id='line_1_30' title="bbox 133 3103 1104 3199; baseline 0.006 -24"><span class='ocrx_word' id='word_1_223' title='bbox 133 3115 192 3176; x_wconf 83' lang='grc' dir='ltr'><strong><em>λευ</em></strong></span> <span class='ocrx_word' id='word_1_224' title='bbox 209 3103 330 3196; x_wconf 85' lang='grc' dir='ltr'><strong><em>ὁμοίως</em></strong></span> <span class='ocrx_word' id='word_1_225' title='bbox 347 3111 387 3196; x_wconf 78' lang='grc' dir='ltr'><strong><em>τῇ</em></strong></span> <span class='ocrx_word' id='word_1_226' title='bbox 402 3115 596 3199; x_wconf 83' lang='grc' dir='ltr'><strong><em>προφητείᾳ.</em></strong></span> <span class='ocrx_word' id='word_1_227' title='bbox 628 3114 676 3178; x_wconf 80' lang='grc'><strong><em>12.</em></strong></span> <span class='ocrx_word' id='word_1_228' title='bbox 696 3111 800 3178; x_wconf 73' lang='grc' dir='ltr'><strong><em>ταῦτα</em></strong></span> <span class='ocrx_word' id='word_1_229' title='bbox 816 3108 853 3177; x_wconf 71' lang='grc' dir='ltr'><strong><em>δὲ</em></strong></span> <span class='ocrx_word' id='word_1_230' title='bbox 866 3105 929 3195; x_wconf 79' lang='grc' dir='ltr'><strong><em>τὴν</em></strong></span> <span class='ocrx_word' id='word_1_231' title='bbox 943 3110 974 3189; x_wconf 79' lang='grc' dir='ltr'><strong><em>ἐξ</em></strong></span> <span class='ocrx_word' id='word_1_232' title='bbox 990 3110 1104 3181; x_wconf 73' lang='grc' dir='ltr'><strong><em>ἐθνῶν</em></strong></span> 
     </span>
     <span class='ocr_line' id='line_1_31' title="bbox 133 3203 1144 3299; baseline 0.008 -24"><span class='ocrx_word' id='word_1_233' title='bbox 133 3211 312 3298; x_wconf 78' lang='grc' dir='ltr'><strong><em>ἐκκλησίαν</em></strong></span> <span class='ocrx_word' id='word_1_234' title='bbox 330 3211 573 3298; x_wconf 76' lang='grc' dir='ltr'><strong><em>εὐαγγελίζεται</em></strong></span> <span class='ocrx_word' id='word_1_235' title='bbox 591 3213 608 3280; x_wconf 90' lang='grc' dir='ltr'><strong><em>δ</em></strong></span> <span class='ocrx_word' id='word_1_236' title='bbox 626 3207 736 3298; x_wconf 76' lang='grc' dir='ltr'><strong><em>λόγος,</em></strong></span> <span class='ocrx_word' id='word_1_237' title='bbox 754 3204 815 3299; x_wconf 88' lang='grc' dir='ltr'><strong><em>ούχ</em></strong></span> <span class='ocrx_word' id='word_1_238' title='bbox 832 3203 945 3289; x_wconf 75' lang='grc' dir='ltr'><strong><em>άπλιός</em></strong></span> <span class='ocrx_word' id='word_1_239' title='bbox 962 3215 1104 3297; x_wconf 81' lang='grc' dir='ltr'><strong><em>χαίρειν,</em></strong></span> <span class='ocrx_word' id='word_1_240' title='bbox 1116 3236 1144 3283; x_wconf 73' lang='grc' dir='ltr'><strong><em>σο</em></strong></span> 
     </span>
     <span class='ocr_line' id='line_1_32' title="bbox 105 3303 1103 3400; baseline 0.003 -26"><span class='ocrx_word' id='word_1_241' title='bbox 105 3303 217 3376; x_wconf 80' lang='grc' dir='ltr'><strong><em>εάλλά</em></strong></span> <span class='ocrx_word' id='word_1_242' title='bbox 235 3312 291 3378; x_wconf 87' lang='grc' dir='ltr'><strong><em>καὶ</em></strong></span> <span class='ocrx_word' id='word_1_243' title='bbox 309 3309 441 3398; x_wconf 85' lang='grc' dir='ltr'><strong><em>σφόδρα</em></strong></span> <span class='ocrx_word' id='word_1_244' title='bbox 459 3318 588 3400; x_wconf 87' lang='grc' dir='ltr'><strong><em>χαίρειν</em></strong></span> <span class='ocrx_word' id='word_1_245' title='bbox 606 3309 690 3399; x_wconf 78' lang='grc' dir='ltr'><strong><em>αὐτῇ</em></strong></span> <span class='ocrx_word' id='word_1_246' title='bbox 708 3306 1028 3399; x_wconf 82' lang='grc' dir='ltr'><strong><em>παρακελευόμενος,</em></strong></span> <span class='ocrx_word' id='word_1_247' title='bbox 1048 3307 1103 3377; x_wconf 89' lang='grc' dir='ltr'><strong><em>διά</em></strong></span> 
     </span>
     <span class='ocr_line' id='line_1_33' title="bbox 131 3405 1102 3501; baseline 0.001 -25"><span class='ocrx_word' id='word_1_248' title='bbox 131 3406 195 3495; x_wconf 73' lang='grc' dir='ltr'><strong><em>την</em></strong></span> <span class='ocrx_word' id='word_1_249' title='bbox 217 3416 277 3477; x_wconf 80' lang='grc' dir='ltr'><strong><em>τοῦ</em></strong></span> <span class='ocrx_word' id='word_1_250' title='bbox 301 3415 386 3480; x_wconf 81' lang='grc' dir='ltr'><strong><em>θεοῦ</em></strong></span> <span class='ocrx_word' id='word_1_251' title='bbox 413 3408 513 3500; x_wconf 90' lang='grc' dir='ltr'><strong><em>λόγον</em></strong></span> <span class='ocrx_word' id='word_1_252' title='bbox 543 3419 594 3493; x_wconf 68' lang='grc' dir='ltr'><strong><em>είς,</em></strong></span> <span class='ocrx_word' id='word_1_253' title='bbox 613 3407 720 3498; x_wconf 81' lang='grc' dir='ltr'><strong><em>αὐτὴν</em></strong></span> <span class='ocrx_word' id='word_1_254' title='bbox 742 3418 948 3501; x_wconf 86' lang='grc' dir='ltr'><strong><em>παρουσίαν,</em></strong></span> <span class='ocrx_word' id='word_1_255' title='bbox 980 3405 1023 3496; x_wconf 76' lang='grc' dir='ltr'><strong><em>ἣν</em></strong></span> <span class='ocrx_word' id='word_1_256' title='bbox 1045 3411 1102 3478; x_wconf 80' lang='grc' dir='ltr'><strong><em>καὶ</em></strong></span> 
     </span>
    </p>
   </div>
   <div class='ocr_carea' id='block_1_3' title="bbox 0 0 1168 3818">
    <p class='ocr_par' dir='ltr' id='par_1_4' title="bbox 0 0 1168 3818">
     <span class='ocr_line' id='line_1_34' title="bbox 0 0 1168 3818; baseline 0 0"><span class='ocrx_word' id='word_1_257' title='bbox 0 0 1168 3818; x_wconf 95' lang='lat' dir='ltr'><strong><em> </em></strong></span> 
     </span>
    </p>
   </div>
  </div>
 </body>
</html>
