2326 3818
334 114 519 190 οιτιιοειευ.
537 115 669 169 ονεοο.
692 115 747 168 111.
768 119 791 168 ι.
984 114 1046 177 209
1070 100 1075 112 “

76 286 150 328 τειν
170 259 323 326 ἐνεδίδου
340 255 377 324 τὸ
396 252 621 343 καταθάμιον,
645 250 730 344 ὁμοῦ
752 256 813 343 μέν
838 263 885 335 είς
904 259 1048 337 ἔνδειξιν

78 361 147 426 των
163 361 220 445 τῆς
240 353 410 444 εὐσεβείας
429 351 603 442 άθλητιδν,
627 353 711 444 ὁμοῦ
732 357 768 425 δέ
786 358 840 424 καὶ
861 363 907 435 είς
925 357 961 425 τὸ
979 372 1047 438 τοῖς

81 466 161 528 πάσι
186 457 334 545 φανερὸν
358 459 560 542 καταστῆναι
584 452 634 525 ὅτι
660 454 704 545 μὴ
730 460 761 538 ἐξ
786 455 979 544 ἀνθρώπων
1006 449 1048 545 ἦν

80 564 222 646 βουλῆς,
240 554 318 627 ἀλλ’
334 563 371 627 ἐν
388 562 445 645 τῆς
463 561 522 626 τοῦ
540 562 624 626 θεοῦ
644 553 851 646 δυνάμεωςὴ
870 564 928 626 τοῦ
947 557 1047 646 λόγου

51 659 246 740 σσάστασις.
283 664 334 730 37.
355 656 474 728 αὐτίκα
492 664 541 739 τίς
559 653 622 728 οὐκ
640 652 682 727 άν
700 657 887 747 θαυμάσειε
905 648 944 728 τά
963 681 1048 746 συμ-

79 769 212 850 βαίνειν
229 759 311 830 νιατά
329 757 405 839 τούς
423 757 578 829 τοιούσδε
596 760 732 850 καιροὺς
752 758 912 844 είωθότα;
937 766 972 828 οί
987 760 1048 847 μὲν

79 860 142 952 γάρ
171 867 229 950 της
261 859 433 949 εὐσεβείας
457 858 602 949 άθληταὶ
628 858 664 930 τὸ
688 865 769 947 πρὶν
793 860 986 949 ἀνθρώποις
1010 890 1048 948 γε

78 967 147 1046 τοῖς
161 968 241 1033 πάσι
251 961 403 1051 διάδηλοι
416 964 473 1032 καὶ
488 968 682 1053 διαπρεπεῖς
702 967 862 1051 ἐγίνοντο,
880 967 948 1032 των
959 963 1048 1052 παρά

79 1070 124 1158 τῷ
143 1071 214 1157 θεῷ
233 1066 469 1153 κατηξιωμένοι
487 1071 672 1152 βραβείων·
701 1070 735 1133 οί
752 1065 789 1133 δὲ
806 1071 863 1150 τῆς
877 1060 1048 1151 εὐσεβείας

41 1194 68 1233 ιο
80 1170 230 1254 πολέμιοι
248 1164 305 1246 τάς
323 1162 556 1253 προσηκούσας
575 1167 719 1246 ἐξέτινον
743 1171 853 1252 δίκας,
872 1165 1047 1252 θεηλάτοις

79 1265 230 1354 μάστιξιν
253 1265 484 1355 οίστρούμενοι
508 1268 564 1333 καὶ
588 1272 655 1334 πάν
680 1264 716 1334 τὸ
736 1272 832 1354 σῶμα
852 1272 974 1347 δεινοῖς
993 1270 1048 1335 καὶ

79 1365 229 1455 ἀνιαροῖς
254 1366 378 1436 πάθεσι
403 1363 699 1456 διαφθειρόμενοι,
725 1365 809 1436 ὥστε
834 1364 899 1454 ἤδη
924 1369 980 1435 καὶ
1000 1375 1046 1448 εἰς
1061 1397 1114 1447 (ιιι)

79 1466 260 1556 ὁμολογίαν
276 1472 334 1555 τῆς
348 1466 431 1536 κατά
445 1470 592 1555 Χριστοῦ
611 1473 809 1554 δυσσεβείας
827 1464 921 1556 ἥκειν
940 1494 1047 1554 περιε-

80 1575 234 1657 λαθηναι.
261 1575 311 1639 38.
332 1574 367 1637 οί
383 1571 423 1638 δέ
430 1596 469 1656 γε
483 1570 593 1637 λοιποὶ
602 1567 723 1648 πάντες
736 1573 794 1656 τῆς
809 1570 930 1638 ἐνθέου
944 1570 1049 1658 προσ-

42 1697 67 1737 15
80 1678 215 1760 ηγορίας
239 1666 415 1758 ἠξιωμένοι
438 1672 494 1739 καὶ
514 1668 555 1737 τά
575 1673 720 1757 Χριστοῦ
740 1687 880 1760 φρονεῖν
904 1668 1048 1758 αὐχοῦν-

79 1799 150 1859 τες,
176 1768 228 1841 ἐπ’
248 1770 363 1860 ὀλίγον
380 1773 646 1860 γεγυμνασμένοι
663 1788 731 1852 τοῖς
754 1778 991 1861 πειρατηρίοις,
1012 1771 1047 1840 τὸ

45 1941 47 1946 .
80 1875 117 1943 δὲ
136 1871 276 1962 γνήσιον
299 1876 355 1942 ναὶ
381 1873 556 1962 εἰλικρινὲς
575 1879 634 1942 τοῦ
653 1871 864 1961 φρονήματος
884 1871 1049 1954 ἐπιδειξά-

80 2003 194 2063 μενοι,
218 1975 280 2062 τὴν
303 1982 432 2044 οίιιείαν
456 1965 557 2054 αὖθις
575 1972 814 2061 ἀπελάμβανον
840 1977 1047 2061 ἐλευθερίαν,

82 2082 128 2154 είς
151 2085 262 2162 μεῖζον
280 2073 439 2164 ὁσημέραι
465 2073 511 2143 δι’
534 2073 645 2143 αὐτῶν
665 2074 889 2164 έκλάμποντος
907 2078 967 2145 τοῦ
985 2097 1048 2144 σω-

42 2203 67 2241 εο
81 2182 197 2263 τηρίου
221 2173 339 2265 λόγου,
364 2178 419 2244 καλ
445 2178 480 2244 ἐν
505 2171 617 2254 αὐτοῖς
642 2203 680 2262 γε
698 2179 808 2264 μέσοις
826 2192 895 2256 τοῖς
916 2181 1048 2265 ἐχθροῖς

80 2280 382 2365 κατανρατοῦντος,
408 2280 457 2344 39.
477 2274 522 2364 μη
540 2273 644 2363 μόνον
661 2303 697 2343 τε
714 2283 782 2346 τῶν
800 2276 931 2364 ὁρατῶν
950 2286 1048 2346 πολε-
1101 2290 1110 2312 ’

80 2385 167 2466 μίων
185 2377 541 2465 κατεξανισταμένους,
568 2375 652 2443 άλλά
670 2379 726 2445 καὶ
745 2384 813 2446 των
831 2375 999 2464 άοράτων,
1021 2390 1076 2445 είο

80 2506 167 2560 τινες
186 2477 250 2568 άρα
269 2477 337 2547 εἷεν
354 2474 440 2567 άμφὶ
457 2475 516 2546 τὸν
530 2478 611 2566 περὶ
628 2480 693 2563 γῆν
706 2472 789 2566 άέρα
802 2475 934 2564 ζοφώδη
948 2503 1048 2564 πονη-

80 2581 132 2670 ροί
159 2587 316 2669 δαίμονες
341 2583 396 2648 καὶ
419 2576 577 2667 άρχοντες
600 2575 745 2665 τούτων,
771 2575 829 2659 οὓς
854 2580 908 2647 καὶ
928 2576 1049 2659 αὐτούς

41 2709 67 2747 25
81 2687 115 2751 οί
131 2679 262 2770 γνήσιοι
280 2685 339 2750 τοῦ
358 2688 502 2770 Χριστοῦ
516 2681 664 2768 μαθηταὶ
680 2675 723 2747 δι’
745 2677 879 2766 άγνείας
898 2687 976 2768 βίου
994 2683 1048 2749 καὶ

81 2786 148 2851 των
174 2783 255 2871 πρὸς
278 2780 336 2852 τὸν
359 2779 443 2852 θεὸν
468 2781 576 2870 εὐχων
603 2779 659 2851 διά
676 2808 712 2849 τε
729 2787 786 2870 τῆς
805 2778 909 2850 αὐτοῦ
929 2784 1048 2851 ἐνθέου

82 2890 304 2970 προσηγορίας
323 2875 572 2970 ἐξελαύνοντες,
593 2891 740 2970 σημείων
757 2887 824 2952 των
843 2881 944 2952 πάλαι
964 2889 1049 2952 ίστο·

81 2984 256 3072 ρονμένων
280 2977 339 3051 ὑπ’
369 2980 473 3052 αὐτοῦ
497 2986 669 3071 γεγονέναι
693 2983 908 3072 παραδόξων,
934 2987 989 3053 καὶ
1014 2989 1050 3053 ἐν

81 3082 187 3177 τούτῳ
206 3101 274 3165 τοῖς
293 3091 441 3172 συνορᾶν
460 3087 658 3172 δυναμένοις
683 3084 723 3152 τά
741 3084 901 3175 τεκμήρια
919 3090 976 3171 τῆς
996 3088 1050 3152 ε’ν-

43 3212 68 3251 εο
82 3188 166 3256 θέου
184 3185 303 3276 ἀρετῆς
322 3181 426 3254 αὐτοῦ
444 3184 702 3265 διαδειιινάντες.

158 3292 209 3356 40.
232 3283 329 3357 Ἀλλά
347 3284 410 3376 γάρ
436 3289 543 3356 τωνδε
570 3286 652 3356 κατά
676 3286 793 3376 καιρὸν
817 3313 1050 3376 προγεγυμνα-

83 3390 215 3477 σμένων
233 3387 346 3478 καιρὸς
365 3386 430 3478 ἤδη
448 3398 545 3460 καλεῖ
559 3392 616 3477 τῆς
634 3390 879 3478 μυστικωτέρας
893 3391 971 3479 περὶ
991 3385 1056 3456 ω’)-

133 3518 272 3554 εοεεοιοε
293 3519 339 3557 111.
870 3501 922 3562 Χῖ,
