2326 3818
347 130 817 184 DEMONSMVANGNHM
1003 129 1064 192 551

98 289 167 356 τοῖς
190 269 251 362 την
268 269 486 362 Ἰερουσαλὴμ
508 273 692 358 πολεμοῦσι
715 266 920 360 παρετάξατο
944 272 981 340 έν
1004 267 1066 338 αῦ-
1082 298 1135 351 [εει]

99 392 187 460 τοῖς;
205 367 226 462 ἢ
243 370 324 444 πότε
342 380 486 460 ἔστησαν
503 375 539 441 οί
549 369 650 453 πόδες
664 366 768 440 αὐτοῦ
783 371 837 439 ἐπὶ
850 367 887 439 τό
905 367 982 460 ὄρος
1000 373 1067 442 τῶν

101 479 240 560 ε’λαιῶυς
258 469 280 563 ἦ
297 471 377 545 πότε
393 474 512 562 γέγονε
529 470 645 562 κύριος
664 479 712 554 είς
725 473 864 560 βασιλέα
883 473 937 541 έπὶ
956 475 1067 543 πᾶσαν
1083 502 1096 542 b

98 576 160 666 τὴν
173 579 255 666 γῆν,
273 571 374 657 αῦτός
387 602 423 645 τε
442 570 490 657 εἷς
503 573 616 664 κῦριος
635 575 689 644 έπλ
702 570 829 654 πάντας
847 570 1066 662 ἀνθρῶπους,

72 681 156 749 εκαλ
178 677 215 748 τὸ
232 675 339 767 ὄνομα
357 675 462 747 αὐτοῦ
480 681 531 766 ἓν,
551 681 700 747 κυκλοῦν
717 679 830 745 πᾶσαν
846 672 910 762 τὴν
928 680 993 763 γῆν
1010 677 1067 744 καὶ

97 777 161 869 τὴν
184 785 325 870 έρημον;
354 782 460 849 ταῦτα
482 777 547 870 γὰρ
578 775 651 849 οὐδ’
688 774 808 847 ἄλλοτέ
828 804 881 847 πω
905 774 1068 866 πρότερον

100 889 170 973 έχοι
199 877 243 951 ἄν
265 910 315 964 τις
341 888 388 964 είς
410 881 513 972 πέρας
537 883 643 964 δεῖξαι
666 875 815 970 ἀχθέντα
837 872 859 967 ἢ
883 876 965 948 κατὰ
990 875 1067 958 τοῦς

92 981 266 1073 Ῥωμαίων
298 980 456 1074 χρόνους,
487 977 569 1053 καθ’
599 978 658 1063 οῦς
689 979 883 1071 ἐμπρησμὸν
911 976 1068 1068 ῦπέμεινε

101 1083 260 1174 ὃεῦτερον
283 1084 364 1175 μετά
387 1082 446 1155 τόν
463 1079 529 1154 ῦπὸ
548 1077 815 1171 Βαβυλωνίωνὸ
840 1081 924 1164 νεῶς
943 1079 1068 1170 αῦτῶυ,

62 1186 123 1275 1οῆ
140 1214 176 1257 τε
193 1185 288 1268 πόλις
307 1188 339 1268 ἐξ
359 1189 491 1256 ἐκείνου
508 1188 564 1255 καὶ
583 1191 631 1266 είς
657 1186 758 1275 δεῦρο
781 1178 847 1254 ῦπό
866 1181 1069 1272 ἀλλοφύλων

101 1290 213 1358 ἐθνῶν
237 1299 491 1380 κατοικισθεῑσα
514 1293 695 1357 δείκνυται.
737 1290 788 1354 25.
812 1281 867 1354 ὅτε
893 1287 948 1354 καλ
972 1281 989 1354 ὁ
1009 1285 1070 1355 κό-

100 1418 171 1479 ριος
194 1386 288 1478 ἡμῶν
308 1384 432 1478 Ἰησοῦς
457 1384 476 1459 ὁ
503 1386 645 1478 Χριστὸς
674 1390 735 1458 τοῦ
755 1389 841 1457 θεοῦ
864 1383 921 1466 τοὶς
945 1392 1094 1469 οίκείαςι

102 1496 244 1562 ἐποιεῖτο
263 1488 435 1581 διατριβὰς
454 1492 508 1560 ἐπὶ
525 1496 585 1560 τοῦ
601 1493 758 1570 έλαιῶνος
775 1491 836 1558 τοῦ
848 1484 1069 1578 κατάντικρυς

100 1600 159 1682 της
173 1588 388 1684 Ἰερουσαλὴμ
405 1588 523 1683 όρους,
547 1592 781 1682 πληρουμένου
804 1593 864 1659 τοῦ
882 1587 1068 1677 φάσκοντος

63 1727 88 1767 15
102 1693 203 1783 λόγου
232 1688 310 1765 “nal
333 1691 511 1783 στήσονται
537 1698 572 1764 οἱ
597 1692 698 1775 πόδες
723 1687 828 1761 αῦτοῦ
855 1693 909 1761 ἐπὶ
932 1691 969 1761 τὸ
992 1689 1069 1782 ὅρος

99 1800 167 1866 τῶν
191 1798 314 1866 ἐλαιῶν
344 1793 381 1867 τὸ
405 1797 580 1867 κατέναντι
601 1789 854 1886 Ἱερουσαλημ,”
881 1789 973 1863 τοῦτ’
1000 1802 1069 1864 ἔστι

101 1901 162 1968 τοῦ
178 1904 364 1987 θεοσεβοῦς
388 1895 626 1988 πολιτεύματος
650 1892 731 1967 καθ’
755 1893 834 1983 ὅλης
856 1897 914 1984 της
932 1890 1069 1984 ἀνθρώ-

102 2027 177 2070 πων
194 2003 391 2089 οἰκουμένης
415 1999 758 2090 ἀνοικοδομηθέντος,
786 1995 894 2067 πάντα
913 1996 952 2066 τὰ
972 2005 1068 2087 έθυη,

102 2098 185 2169 κατά
203 2098 265 2188 τῂν
282 2109 511 2190 προφητείαν,
538 2098 600 2188 τὴν
625 2098 744 2192 ἑορτὴν
767 2105 825 2188 της
844 2109 1070 2189 σκηνοπηγίας

64 2233 89 2273 εο
104 2204 141 2271 έν
157 2204 258 2271 παντὶ
275 2199 366 2294 τόπφ
384 2206 430 2294 τῷ
454 2205 526 2294 θεῷ
547 2206 616 2271 τῶν
639 2209 822 2290 προφητῶν
840 2210 1068 2290 πανηγυρίζει,

102 2299 286 2390 Αίγῦπτιοί
299 2329 335 2370 τε
354 2306 387 2385 ἐξ
406 2307 537 2372 ἐκείνου
555 2302 615 2372 τόν
632 2305 701 2371 τῶν
714 2299 803 2371 ὅλων
816 2299 900 2371 θεόν
915 2302 1069 2389 έπιηνόν·

102 2430 155 2484 τες
173 2399 231 2483 τάς
258 2399 383 2491 σκηνῦς
408 2401 522 2473 αὐτῶν
546 2400 600 2492 ἐφ’
630 2400 769 2490 ἕκάστης
787 2400 915 2482 πόλεως
933 2407 989 2471 καὶ
1006 2402 1068 2491 χῶ-

104 2533 163 2594 ρας
186 2504 427 2595 κατεπηξαντο·
454 2505 523 2575 είεν
549 2503 579 2575 δ’
608 2498 651 2574 ἀν
675 2493 773 2574 αῦται
798 2508 836 2572 αί
856 2501 939 2572 κατά
966 2501 1097 2575 τόπουο

104 2612 275 2697 ἐκκλησίαι
292 2612 352 2678 τοῦ
372 2610 528 2699 Χριστοῦ.
565 2612 616 2677 26.
635 2604 757 2688 ταύτας
775 2602 839 2695 γάρ
857 2605 943 2675 πολὺ
961 2615 1067 2695 κρείτ-

66 2741 92 2782 25
104 2738 181 2794 τους
198 2715 267 2781 τῶν
284 2705 374 2801 παρά
392 2720 515 2781 Μωσεί
531 2716 665 2799 σκηνῶν
688 2707 709 2797 ἡ
733 2712 794 2779 τοῦ
810 2712 956 2799 σωτῆρος
974 2706 1070 2799 ἡμῶν

100 2810 211 2902 Ἰησοῦ
234 2816 381 2903 Χριστοῦ
405 2810 546 2902 δύναμις
570 2810 651 2883 καθ’
679 2809 758 2900 όλης
782 2808 989 2899 συνεπήξατο
1012 2820 1070 2900 της

104 2911 300 3004 ἀνθρῶπων
316 2915 514 3003 οἰκουμένης
540 2921 588 2995 είς
610 2915 647 2983 τὸ
671 2920 740 2984 πᾶν
762 2916 857 3000 γένος
875 2911 1070 3003 ἀνθρώπων

58 3017 61 3024 ’
104 3018 160 3085 καλ
178 3013 286 3087 πάντα
305 3014 344 3084 τὰ
363 3022 448 3105 έθνη
462 3022 689 3104 σκηνοπηγίας
709 3012 828 3105 ἑορτὴν
844 3021 890 3108 τῷ
910 3017 963 3085 ἐπὶ
984 3014 1069 3084 πάυ-

104 3146 174 3188 τῶν
202 3120 275 3211 θεῷ
306 3120 478 3188 ἐπιτελεῖν.
527 3123 578 3186 27.
605 3113 661 3186 ὅτε
684 3122 801 3187 τοίνυν
823 3118 879 3187 καὶ
902 3120 1006 3186 ταῦτα
1029 3115 1069 3185 τά

68 3250 94 3291 ιο
107 3217 275 3308 πρόπαλαι
293 3234 361 3300 τοῖς
385 3227 502 3291 ἔθνεσι
519 3219 855 3309 προαναφωνηθέυτα
879 3214 963 3287 καθ’
983 3216 1069 3307 ἡμᾶς

106 3318 229 3402 αὐτοῦς
247 3315 379 3411 ὁρῶμεν
401 3319 463 3412 τὴν
486 3328 626 3409 έκβασιυ
643 3317 868 3409 ἀπειληφότα,
892 3317 934 3389 τῦ
956 3349 991 3390 τε
1009 3324 1072 3391 τοῦ

105 3420 239 3513 θρήνου
265 3425 319 3493 καὶ
344 3426 404 3494 τοῦ
420 3430 563 3494 κοπετοῦ
580 3439 652 3506 ταῖς
670 3431 794 3513 φυλαῖς
816 3426 877 3493 τοῦ
896 3420 1071 3494 Ἰουδαίων
