2326 3818
144 119 208 183 ηις
549 115 699 168 σοεεοιι

142 257 201 329 τδν
219 255 299 328 λαδυ
318 264 365 338 είς
383 257 444 346 τὴν
458 259 522 344 γῆν
534 259 592 343 τῆς
606 258 816 343 ἐπαγγελίας·
846 260 878 323 εί
895 249 927 322 δ’
949 252 1058 339 αὐτὸς
1074 248 1124 347 ἦν

143 356 160 429 ὁ
176 356 311 448 Ἰησους,
330 358 391 431 οὐκ
409 356 519 445 ἀλλος,
537 357 707 447 πρόδηλον
726 351 769 437 ώς
786 352 932 443 τοῦνομα
948 354 988 426 τὸ
1006 354 1126 433 αὐτοῦ

144 485 247 550 φησιν
272 465 501 532 ἐπιτεθεΐσδαι
526 456 625 552 αὐτῷ.
670 464 698 528 δ’.
718 456 759 527 οὐ
776 455 976 546 θαυμαστὸν
1000 451 1072 533 οὖν
1090 469 1126 535 εί

144 566 199 632 καὶ
218 560 360 651 ἀγγελον
383 559 486 633 αὐτὸν
509 559 686 647 ἀποκαλεῖ,
709 554 764 629 ὅτε
787 561 843 628 καὶ
861 561 938 645 περὶ
952 554 1124 635 Ἰωάννου

143 663 328 752 ἀνθρώπου
355 661 527 751 γεγονότος
557 666 706 732 λέλεκται
733 660 770 730 τὸ
794 655 893 730 Ἵδοδ
917 657 1147 739 ἀποστέλλου

143 767 201 835 τὸν
225 763 367 853 ἄγγελόν
390 792 455 853 μου
480 760 543 853 πρδ
561 761 742 853 προσώπου
766 782 846 847 σου,
869 758 906 843 δς
924 787 1121 839 κατασκευ-

144 867 217 937 ἀσει
235 865 297 952 τὴν
315 864 398 934 ὁδόν
417 888 479 936 σου
499 867 690 952 ἔμπροσθέν
708 860 802 933 σου.”

446 1183 525 1256 Ἀπδ
543 1189 602 1255 τοῦ
621 1191 796 1273 Ζαχαρίου

140 1310 189 1375 Ὡς
202 1316 250 1366 καὶ
262 1308 397 1383 Ἰησοῦς
383 1334 398 1367 ο
411 1316 462 1367 τοῦ
474 1306 630 1367 ’[ωσεδὲαδ
650 1310 670 1366 ἷι
692 1311 739 1373 εδς
757 1309 874 1378 ομέγας
888 1305 987 1364 είκάνα
1001 1310 1105 1368 καλ’
1066 1334 1116 1369 τυ·

144 1401 199 1435 πον
222 1380 324 1463 ἔφερεν
345 1384 397 1436 τοῦ
418 1383 542 1463 σωτῆρος
555 1377 649 1449 ἡμῶν,
664 1331 892 1460 έπιοτρέφοντος
913 1375 1118 1439 έπλτδνθεδν
1131 1400 1153 1441 ιο

170 1446 223 1518 τήν
235 1446 324 1504 πάλαι
338 1444 642 1569 ἐπικρατήσασανλτών
654 1440 844 1515 ἀνθρωπείων
862 1449 963 1517 υυχών
976 1445 1089 1517 αἰχμα-

588 1534 686 1572 υοιαν.

77 1679 130 1729 (197,
222 1647 250 1710 9.
267 1637 358 1712 “Kal
382 1644 489 1724 έδειξέ
508 1670 564 1731 μοι
588 1639 701 1729 κύριος
716 1636 844 1728 Ἰησοῦν
867 1636 925 1708 τὸν
945 1640 1038 1729 ίερέα
1056 1618 1119 1717 τὸν

145 1743 250 1831 μέγαν
278 1745 402 1812 έστώτα
427 1741 491 1831 πρδ
516 1740 695 1832 προσώπου
719 1738 862 1829 ἀγγέλου
885 1749 1022 1830 κυρίου·
1060 1748 1119 1815 καί

145 1842 174 1928 δι
184 1841 337 1931 διάβολος
357 1843 500 1930 είστήιιει
519 1848 555 1913 ἐν
574 1847 693 1925 δεξιών
706 1841 809 1913 αὐτοῦ
823 1838 1036 1913 ἀντικεῖσθαι
1051 1843 1152 1914 αά·σ

145 1950 200 2038 τῷ.
238 1949 293 2014 καὶ
313 1945 385 2014 εἷπε
408 1943 521 2033 κύριος
545 1942 626 2031 πρδς
644 1942 703 2013 τὸν
722 1942 898 2033 διάβολον,
924 1944 1118 2034 έπιτιμήσαι

145 2044 258 2132 κύριος
278 2050 314 2115 ἐν
332 2048 395 2134 σοὶ,
417 2045 563 2134 διάβολε,
583 2050 637 2115 καὶ
658 2044 846 2134 ἐπιτιμήσαι
860 2043 974 2132 κύριος
994 2049 1031 2116 ἐν
1050 2051 1118 2137 σολ,

145 2144 162 2214 ὁ
183 2145 395 2236 ἐκλεξάμενος
420 2148 481 2236 την
499 2146 722 2237 Ἰερουσαλήμ.
759 2142 820 2216 οάνι
849 2144 924 2216 ίδοδ
947 2151 1045 2218 τοῦτο
1072 2147 1119 2231 ώς

147 2247 245 2329 δαλὸς
265 2251 506 2340 έξεσπασμένος
530 2255 566 2320 ἐκ
590 2247 713 2337 πυρός,
738 2251 792 2317 καὶ
819 2238 861 2336 ἦν
875 2245 1000 2336 Ἰησοῦς
1019 2253 1120 2321 ἐνδε-

147 2353 289 2438 δυμένος
308 2350 419 2440 ίμάτια
437 2349 588 2441 ῥυπαρὰ,
614 2353 668 2421 καὶ
689 2347 830 2438 είστηκει
849 2349 913 2440 πρὸ
932 2349 1118 2440 προσώπου
1131 2376 1155 2417 υ

117 2486 131 2525 ι,
146 2450 289 2540 ἀγγέλου
314 2462 452 2544 κυρίου,
477 2458 531 2522 καὶ
556 2451 745 2540 ἀπεκρίθη,
771 2454 824 2521 καὶ
846 2451 918 2521 εἷπε
936 2450 1018 2539 πρὸς
1037 2453 1118 2535 τούς

148 2554 324 2641 ἑστηκότας
343 2556 407 2644 πρὸ
425 2552 607 2643 προσώπου
614 2606 623 2639 ,
643 2558 767 2641 λέγων,
786 2549 925 2642 ἀφέλετε
942 2550 982 2622 τά
1001 2553 1118 2642 ίμάτια

146 2652 185 2722 τά
204 2654 337 2744 ῥυπαρὰ
364 2653 420 2724 ἀπ’
451 2651 572 2724 αὐτοῦ·
595 2658 662 2725 ,καὶ
688 2654 761 2725 εἷπε
785 2652 867 2745 πρδς
891 2651 1011 2742 αὐτὸν,
1038 2655 1118 2727 ίδοδ

145 2753 303 2844 ἀφῄρηκα
325 2754 382 2835 τὰς
400 2750 538 2844 ἀνομίας
559 2775 639 2843 σου,
663 2759 717 2825 καὶ
743 2754 903 2826 ἐνδύσατε
928 2752 1031 2825 αὐτὸν
1054 2785 1119 2829 πο-

147 2852 244 2943 δήρη,
264 2857 318 2924 καί
339 2859 472 2926 ἐπίθετε
490 2863 623 2947 κίδαριν
637 2856 793 2947 καθαρὰν
812 2861 864 2927 ἐπὶ
883 2854 945 2946 την
962 2856 1117 2946 κεφαλὴν
1130 2884 1156 2925 ετ

147 2952 272 3046 αὐτοῦ,
291 2961 345 3026 καὶ
365 2961 564 3048 περιέβαλον
583 2955 687 3030 αὐτὸν
706 2955 852 3049 ίμάτια.”
896 2965 943 3028 10.
964 2960 1019 3028 καί
1038 2960 1117 3049 ἑξῆς

148 3060 291 3146 ἐπιλέγει
309 3054 434 3129 δ’ἀκουε
461 3058 503 3148 δη
517 3058 624 3148 Ἰησοῦ
647 3056 664 3130 ὁ
684 3058 792 3150 ίερεδς
816 3055 833 3130 ὁ
852 3064 971 3149 μέγας,
996 3058 1039 3129 οδ
1058 3063 1119 3130 καί

147 3163 180 3227 oc
196 3167 338 3248 πλησίον
356 3184 430 3249 σου,
450 3161 633 3252 καθήμενοι
653 3159 717 3250 πρδ
735 3160 917 3249 προσώπου
936 3183 1009 3250 σου,
1020 3160 1118 3245 διότι

217 3427 247 3475 13
266 3427 347 3476 Ζαοίι.
361 3432 385 3492 3,
400 3432 423 3481 1.
