2326 3818
147 144 210 208 536
547 142 696 194 ευεεευ

152 287 298 376 Ψαλμῷ,
324 286 361 352 ἐν
379 272 406 375 55
423 283 572 354 λέλεκται
590 276 634 369 “ἡ
658 286 779 369 καρδία
802 310 867 369 μου
892 280 1114 372 έταράχθηλν

150 387 238 474 ἐμοὶ,
262 387 318 454 καλ
342 390 450 454 δειλία
473 381 625 454 θανάτου
650 386 811 454 ἐπέπεσεν
835 380 885 452 ἐπ’
909 385 982 470 ἐμὲ,
1010 383 1113 509 φόβοχ

149 488 203 556 καί
222 484 340 610 τρόμος
365 476 529 574 ἦλθενπ
489 480 542 555 ἐπ’
563 489 601 573 έμ
604 484 636 572 ὲ,
664 486 720 553 καὶ
739 482 886 567 έιιάλυψέ
901 511 942 573 με
960 478 1112 611 σκύτρς,”

150 586 194 658 δι’
216 578 265 658 ὦν
288 591 357 657 τῶν
380 584 619 678 ἀντικειμένων
637 584 815 675 δυνάμεων
841 585 898 668 τὰς
916 584 990 656 κατ’
1013 585 1115 658 αύτοῦ

147 687 250 814 ὃρμάς
272 695 437 778 σημαίνει.
482 693 530 757 13.
557 682 601 768 ἀς
628 689 712 775 γοῦν
741 690 776 757 έν
803 702 876 769 ταῖς
896 695 1159 813 προφητείαιςεΙ

111 812 117 824 ’
149 788 342 881 ὠνόμασταί
362 818 393 858 τι
417 792 549 877 πνεῦμα
573 794 747 879 πορνείας,
775 786 857 858 κατά
880 783 937 858 τὸ
939 787 1116 879 ’πνεύματι
1157 810 1159 851 !

149 902 306 983 πορνείας
325 888 582 979 ἐπλανήθησαν,
601 893 657 960 καὶ
675 887 755 959 ἀλλο
773 893 905 979 πνεύμα
923 889 1117 981 πλανήσεως

150 997 187 1063 έν
204 996 245 1081 τῇ
270 985 416 1084 έρημῳ,”
438 987 497 1060 τὸυ
521 988 624 1062 αὐτὸν
646 989 770 1077 τρόπον
787 992 843 1061 καὶ
861 994 995 1080 πνεῦμα
1013 988 1118 1065 θανά·

149 1121 209 1163 του
228 1103 281 1181 είη
298 1088 341 1161 ἀν
359 1098 483 1173 δειλίας
501 1090 692 1181 ποιητικὸν,
717 1087 761 1173 ως
779 1093 836 1162 καὶ
853 1095 985 1181 πνεῦμα
1005 1091 1117 1183 ίσχύος
1157 1110 1159 1173 ξ

151 1196 207 1264 καὶ
230 1192 403 1283 δυνάμεως
427 1197 482 1264 καὶ
506 1191 663 1285 ἀνδρείας
685 1199 743 1281 τῆς
767 1191 850 1262 κατά
873 1190 957 1263 θεὸν
981 1198 1159 1285 έυερμη-ιο,

123 1293 252 1369 ιτικόυ.
300 1300 348 1365 14.
368 1292 455 1365 οὕτω
480 1291 513 1366 δ’
538 1291 581 1366 ἀν
605 1303 740 1384 λεχθείη
770 1301 903 1384 πνεῦμα
926 1293 1039 1383 φόβου
1064 1298 1118 1368 καί

149 1394 285 1487 τρόμου,
304 1400 361 1467 καὶ
378 1393 480 1467 πάλιν
498 1399 613 1487 ἕτερον
629 1394 720 1486 παρά
736 1400 839 1466 ταῦτα
857 1401 990 1486 πνεῦμα
1008 1395 1119 1486 φόβου

150 1502 206 1569 καὶ
224 1496 435 1588 συγχύσεως,
460 1527 480 1566 α
466 1493 555 1568 καὶ
579 1496 700 1588 σχεδὸν
719 1494 866 1568 είπεῑν”
844 1518 948 1568 απασι
964 1499 1027 1587 μὲν
1050 1517 1119 1581 τοῖς

151 1604 188 1671 έν
204 1607 376 1704 μαρτυρίῳ
405 1599 464 1670 τὸν
488 1599 554 1669 ύπὲ
555 1629 574 1689 ρ
599 1598 771 1686 εὐσεβείας
788 1586 939 1670 θάυατον
955 1597 1117 1691 ἀναδεχο-

149 1705 261 1791 μένοις
289 1706 439 1791 έφορμάν
463 1713 580 1788 εἴωθε,
609 1700 697 1771 πολὺ
725 1702 828 1770 πλέον
853 1701 891 1771 δὲ
913 1703 968 1770 καί
991 1705 1159 1790 μᾶλλονω

151 1799 351 1873 ἐπιτέθειται
375 1801 466 1896 αὐτῷ
489 1802 548 1873 τὸν
573 1797 702 1892 5555‘
683 1800 843 1872 απάντωυ
860 1799 1053 1873 θάνατον’
1033 1831 1120 1874 υπο-

150 1913 310 1993 μείναντι.
348 1901 435 1991 πλὴν
458 1900 532 1972 ἀλλ’
552 1915 618 1974 είτε
636 1909 768 1990 πνεῦμα
787 1909 912 1986 δειλίας
935 1905 989 1973 καὶ
1007 1903 1120 2025 5555-

150 2034 222 2091 του,
242 2017 306 2074 εἴτε
325 2003 436 2092 φόβου
451 2007 505 2073 καὶ
519 2002 654 2093 τρόμου,
672 1999 693 2090 5
712 2015 745 2075 εί
754 2012 804 2086 τίς
815 2034 853 2094 γε
872 2009 967 2095 ἑτέρα
980 2002 1119 2095 τοιαύτη

152 2103 293 2228 δύναμις
312 2101 595 2175 έπιπέπτωκευ’
553 2108 656 2198 αυτῷ,
674 2102 747 2175 ἀλλ’
769 2104 809 2184 05
819 2135 849 2175 τι
864 2135 901 2195 γε
920 2109 1119 2196 κατέρραξεν

152 2201 271 2295 αὐτὸν,
292 2208 379 2295 ἐπεὶ,
399 2203 453 2276 οἷα
470 2225 623 2295 γενναῖος
642 2203 806 2296 ἀθλητὴς,
830 2207 893 2295 τὴν
908 2209 971 2297 μέν
989 2215 1077 2279 δειλί
1063 2219 1120 2281 ίαν
1131 2201 1157 2278 εο

130 2313 211 2432 0505
229 2260 382 2380 θάυάτου
396 2307 594 2397 πεποιθήσει
612 2316 705 2399 ζωῆς,
725 2305 824 2392 αύτός
841 2308 903 2399 γάρ
922 2305 942 2398 5
961 2308 1037 2398 ζωὴ,
1055 2340 1121 2399 μα-

151 2409 236 2498 κράν
259 2407 445 2501 ἀπερριψεν
468 2406 739 2500 ἀποσεισάμενος.
776 2409 934 2493 ὡσαύτως
953 2413 990 2481 δὲ
1008 2409 1118 2481 καὶ
1081 2441 1120 2484 το

152 2512 297 2583 ἐπελθὸν
327 2509 417 2605 αύτῷ
448 2517 580 2601 πνεῦμα
610 2511 720 2600 φόβου
750 2506 771 2601 5
797 2510 921 2602 τρόμου
947 2513 1121 2601 ποιητικὸν

151 2612 315 2702 πνεύματι
338 2611 488 2701 θύρσους
512 2616 567 2682 καὶ
586 2612 761 2702 δυνάμεως
778 2617 835 2684 καὶ
859 2613 972 2703 ἰσχύος
989 2641 1120 2702 πορρω·

149 2711 235 2782 τάτω
252 2712 482 2801 ἀπηκόντισεν.
517 2719 565 2783 16.
581 2717 653 2783 ἐπεὶ
667 2710 749 2784 κατά
763 2713 821 2784 τὸν
830 2710 1119 2786 Ἡσαΐαυ“έπανε-
1133 2744 1159 2786 ετ

152 2811 302 2882 παύσατο
327 2810 379 2882 ἐπ’
400 2812 502 2884 αὐτὸν
518 2814 600 2904 μετά
617 2820 685 2886 των
707 2813 820 2886 ἀλλων
844 2814 1044 2905 πνευμάτων
1061 2819 1120 2888 καὶ

152 2916 284 3003 πνεῦμα
302 2918 426 3003 βουλῆς
444 2920 499 2986 καὶ
519 2914 663 3006 ίσχύος.”
690 2913 777 2988 ούτω
788 2917 892 2988 καὶτὸ
911 2923 1042 3008 πνεῦμα
1060 2923 1122 2989 τού

151 3014 290 3099 σκότους
320 3021 361 3107 τη
384 3020 444 3088 τού
472 3024 562 3106 ίδίου
590 3016 699 3107 φωτὸς
730 3019 937 3091 ἀπεσκέδασε
965 3017 1120 3109 δυνάμει,

152 3120 223 3189 ἐπεὶ
236 3115 295 3188 “τό
313 3122 385 3207 φώς
405 3123 441 3189 έυ
458 3124 498 3210 τῇ
516 3129 633 3212 σκοτία
650 3129 777 3210 φαίνει,
796 3124 851 3191 καὶ
870 3117 890 3210 5
905 3129 1019 3192 σκοτία
1037 3119 1121 3193 αάτύ

151 3219 191 3290 ού
210 3218 421 3309 κατέλαβεν.”
458 3218 567 3310 εύροις
586 3219 619 3290 δ’
638 3217 681 3292 ἀν
698 3213 738 3291 τά
756 3221 971 3313 παραπλήσια
988 3221 1119 3304 τούτοις
1133 3255 1159 3296 ω

1055 3360 1084 3390 U

212 3449 582 3520 οωηωιπμι
664 3457 856 3522 πωπω
944 3455 1118 3517 ωωιε
