2326 3818
326 113 776 167 ουνοαεν.υνιαο.τα.α
990 112 1051 175 199

80 251 143 340 την
167 259 376 343 παρουσίαν,
407 248 504 330 ἀλλος
534 248 679 321 ἄλλοθεν
705 249 783 338 ἐβόα
805 247 885 338 “ἔα,
910 261 946 320 τί
970 250 1079 341 ιχμῖνο

82 357 138 423 καὶ
156 356 225 442 σοί,
240 351 366 442 Ἰησοῦ,
385 353 441 420 υίὲ
458 355 517 421 τοῦ
535 358 637 436 θεούς
657 343 759 440 ἦλθες
778 351 841 441 πρὸ
855 358 973 441 καιροῦ
992 362 1050 441 βα-

82 462 216 525 σανίσαι
239 449 364 543 ἡμάς;”
384 449 469 544 ἀνὴρ
489 449 519 522 δ’
541 448 625 534 ὅλως
644 460 778 544 γοητείᾳ
801 456 974 544 προσέχων
993 455 1051 524 τὸν

81 563 183 645 νοῦν,
211 558 267 624 καί
294 553 426 637 πάντως
452 557 493 642 γέ
512 579 579 624 που
603 553 836 643 ἀπειρημένοις
859 554 1051 645 πράγμασιν

55 662 259 747 εέγχειρῦν,
279 647 334 748 ἀρ’
354 655 415 727 οῦκ
433 650 475 725 ἀν
494 667 545 744 είη
565 662 663 746 δηλος
681 651 814 737 ἀνόσιος
834 650 882 726 ἀν
898 653 957 725 τὸν
975 655 1051 745 τρό-

82 786 166 854 πον,
191 761 247 828 καὶ
272 757 389 849 μιαρὸς
416 760 471 826 καὶ
498 755 632 846 αίσχρδς
658 760 714 827 καί
737 755 838 838 άθεος
862 759 918 826 καὶ
936 754 1050 836 άδικος

82 864 138 930 καί
154 855 300 948 ’ἀσεβήςς
327 865 475 940 τοιοῦτος
506 858 543 928 δὲ
567 853 615 930 ἀν
637 857 747 929 πόθεν
770 854 791 947 η’
815 865 885 940 πῶς
908 855 947 927 τά
974 861 1049 946 περὶ

83 959 255 1050 εὐσεβείας
274 960 440 1044 διδάξειεν
458 957 500 1030 ἀν
518 963 667 1050 ἑτέρους,
686 955 707 1048 ἦ
724 959 765 1029 τά
783 963 861 1052 περὶ
874 959 1050 1052 σωφροσύ-

80 1093 158 1150 νης,
177 1059 199 1150 ἢ
216 1063 255 1132 τά
274 1066 351 1154 περὶ
374 1066 459 1133 θεοῦ
475 1059 648 1149 γνώσεως,
672 1057 693 1148 ἢ
710 1060 751 1130 τά
768 1064 845 1152 περὶ
873 1068 1079 1150 δικαιωτη-ι

41 1194 68 1233 10
83 1172 158 1250 ρίου
176 1167 232 1232 καὶ
250 1172 390 1255 κρίσεως
407 1170 466 1232 τοῦ
485 1165 540 1232 ἐπὶ
558 1161 693 1232 πάντων
710 1170 811 1247 θεούς
831 1160 905 1251 ούχί
922 1162 1050 1233 τούτων

81 1260 240 1334 ἁπάντων
257 1263 297 1334 τά
316 1270 451 1335 ἐναντία
469 1262 666 1353 πρεσβεύει,
691 1259 863 1333 ἀκόλουθα
886 1269 925 1352 τῇ
945 1264 1049 1335 αὐτοῦ

81 1372 250 1456 μοχθηρία
281 1365 452 1456 πράττων,
493 1367 549 1433 καί
576 1359 660 1434 θεὸν
689 1365 751 1452 μὲν
782 1360 962 1452 ἀρνήσεται
994 1368 1050 1433 καί

82 1470 166 1536 θεοῦ
199 1465 362 1556 πρόνοιαν
385 1469 441 1535 καλ
467 1471 552 1535 θεοῦ
577 1472 706 1552 κρίσιν,
735 1463 890 1554 χλευάσει
914 1466 950 1533 δὲ
973 1465 1050 1544 τοῦς

82 1570 159 1654 περί
177 1564 296 1657 ἀρετῆς
313 1570 370 1636 καὶ
387 1566 464 1648 τοῦς
484 1569 560 1653 περὶ
578 1570 687 1653 ψυχῆς
706 1561 895 1646 ἀθανασίας
913 1564 1049 1653 λόγους;

42 1698 69 1738 15
82 1674 132 1738 38.
154 1676 185 1738 εί
201 1669 263 1757 μὲν
282 1667 323 1756 δὴ
341 1665 476 1739 τοιαῦτά
493 1696 568 1737 τινα
585 1657 628 1756 ύχν
640 1673 727 1737 ίδείν
741 1671 797 1736 καὶ
815 1669 891 1757 περὶ
909 1665 967 1737 τδυ
985 1689 1049 1736 σω-

81 1774 164 1859 τηρα
188 1773 244 1840 καὶ
266 1767 385 1858 κύριον
407 1765 521 1859 ἡμῶν,
545 1766 648 1839 οὐδὲν
671 1765 714 1838 ἀν
736 1759 779 1858 ἦν
804 1776 925 1839 εἰπεῖν·
961 1777 993 1844 εί,
1015 1776 1032 1836 δ

83 1869 139 1960 ἐφ’
160 1870 286 1966 ἑκάστω
305 1869 473 1961 πράγματι
487 1873 542 1940 καὶ
556 1868 643 1961 λόγῳ
660 1868 720 1940 τδν
737 1868 873 1940 πάντων
893 1876 1048 1957 δημιουρ·
1064 1898 1078 1936 α

80 1973 142 2059 γὸν
166 1975 292 2063 πατέρα
314 1971 398 2042 θεδν
421 1969 689 2061 ἀνακαλούμενος
713 1967 969 2058 ἀποδείκνυται,
994 1974 1051 2040 καὶ

81 2070 157 2152 τοῦς
175 2071 331 2161 φοιτητάς
349 2071 520 2154 τοιούτους
540 2074 626 2142 εἶναι
644 2072 919 2162 παρασκευάζων,
945 2074 1001 2142 καὶ
1021 2079 1052 2142 εί

40 2202 68 2241 νο
83 2170 231 2262 σώφρων
249 2171 346 2253 αὐτὸς
364 2177 419 2243 καί
437 2172 624 2262 σωφρόνων
634 2173 743 2262 λόγων
758 2173 974 2261 διδάσκαλος,
994 2176 1050 2242 καί

83 2280 113 2343 εί
137 2271 273 2361 ποιητὴς
296 2277 352 2342 καὶ
375 2279 479 2363 κῆρυξ
499 2273 711 2363 δικαιοσύνης
735 2277 790 2344 καί
814 2278 976 2363 ἀληθείας
994 2278 1050 2344 καὶ

81 2382 340 2463 φιλανθρωπίας
372 2376 427 2443 καί
453 2371 571 2463 ἀρετῆς
604 2373 733 2461 ἀπάσης
766 2378 821 2443 καὶ
852 2384 1049 2462 θεοσεβείας

84 2474 259 2564 εἰσηγητὴς
286 2479 346 2545 τοῦ
370 2479 603 2564 παμβασιλέως
629 2478 730 2562 θεοῦ,
759 2478 828 2554 ποῦς
852 2472 913 2564 ούχ
938 2479 1050 2545 ἕπεται

80 2575 209 2658 τούτοις
226 2577 263 2646 τὸ
281 2578 387 2666 μηδὲν
411 2578 473 2666 μὲν
491 2573 647 2665 ἡγεῖσθαι
666 2575 749 2645 κατὰ
773 2584 928 2665 γοητείαν
947 2573 1050 2646 αύτδν

39 2706 67 2746 25
81 2682 148 2747 τοῖν
167 2677 366 2765 παραδόξων
389 2680 622 2767 πεποιηκέναι,
647 2676 788 2767 δυνάμει
816 2675 846 2746 δ’
873 2675 1049 2771 ἀπορρήτῳ

82 2781 137 2845 καὶ
157 2774 200 2858 ἀς
214 2775 349 2865 ἀληθοῦς
365 2784 472 2873 ἐνθίρτ
487 2789 743 2870 συνομολογεῖν,
763 2784 812 2848 39.
833 2776 907 2848 ἀλλ’
929 2788 976 2860 είς
994 2810 1049 2848 το-

81 2881 202 2947 σοῦτον
221 2877 372 2960 ἐλαύνεις
395 2878 556 2969 ἀπηνείας
580 2876 624 2961 ὡς
642 2877 686 2968 μὴ
711 2889 879 2968 λογισμοῖς
897 2881 1048 2969 σώφροσι

81 2977 191 3066 λόγων
214 3005 249 3047 τε
271 2976 457 3072 ἀκολουθία
475 2984 652 3070 προσέχειν
669 2976 728 3051 τὸν
751 2985 852 3069 νοῦν,
876 2982 961 3069 μηδὲ
979 2992 1048 3049 πεί-

80 3093 208 3150 θεσθαι
231 3097 299 3161 τοῖς
324 3080 428 3151 εἰκόσι
451 3090 655 3171 τεκμηρίοις,
685 3076 842 3152 ῦπονοῦν
871 3080 953 3169 τάχα
984 3107 1049 3148 που

40 3210 68 3250 οο
82 3181 159 3262 τοῦς
183 3185 340 3269 λέγοντας
362 3178 456 3271 ἡμᾶς.
506 3180 590 3252 ἀλλά
614 3181 657 3252 σύ
681 3211 719 3270 γε
745 3178 808 3252 κάν
833 3186 900 3251 τῶν
923 3185 1051 3250 σαυτοῦ

150 3416 375 3479 ιωωαω
