2326 3818
338 108 522 161 DEMONST.
543 109 674 160 EVANG.
692 111 724 162 V.
745 113 767 161 1.
969 111 1031 174 301

63 248 184 338 κῦριον
200 252 256 319 καί
273 247 377 336 μόνον
395 244 531 336 ἀληθοῦς
554 245 703 335 ἀγαθὸν,
727 244 860 335 άγαθοῦ
881 279 1032 339 γεννητι-

64 352 141 438 κὸν,
168 348 422 438 δευτερεῦοντος
447 349 502 436 δὲ,
527 351 583 418 καὶ
609 345 654 429 ῦς
677 345 720 419 ἀν
744 347 808 419 ἀπὸ
827 349 957 438 πρώτης
976 355 1031 421 καὶ

63 451 251 542 ἡγουμένης
268 447 386 532 οὐσίας
405 453 709 540 ἔπιχορηγονμένου
727 455 787 520 τοῦ
805 455 899 539 υίοῦ,
921 447 957 533 ῦς
975 456 1031 522 καὶ

63 553 163 644 μόνος
181 557 239 642 της
256 555 416 643 πατρικῆς
434 549 550 632 οὐσίας
565 549 691 621 εὐωδία
704 581 752 632 τις
765 546 846 640 ἡμῖν
859 550 1031 642 ἀνείρηται
1050 593 1061 621 e

37 653 266 726 ιδουλεῦουσι
292 659 394 746 λογίῳ
421 651 616 723 παιδεῦοντι
642 656 719 742 περὶ
749 650 872 740 αὐτοῦ,
907 651 957 723 ὅτι
988 655 1029 742 δὴ

60 751 181 846 “άτμίς
206 759 275 825 ἔστι
298 759 356 842 της
381 759 441 824 τοῦ
464 758 550 824 θεοῦ
574 753 764 843 δυνάμεως,
789 756 844 824 καὶ
869 752 1033 843 ἀπόρροιοι

64 861 123 946 τῆς
140 860 200 927 τοῦ
218 853 482 943 παντοκράτορος
507 852 604 942 δόξης
622 854 820 943 εἰλικρινὴς,
850 858 906 925 καὶ
925 854 1032 926 ἀποῦ-

65 982 178 1048 γασμα
195 954 305 1046 φωτὸς
328 953 458 1042 ἀϊδίου,
482 958 537 1026 καὶ
562 963 723 1047 ἔσοπτρον
745 952 953 1045 ἀκηλίδωτον
976 961 1033 1045 της

64 1065 124 1132 τοῦ
137 1062 223 1130 θεοῦ
236 1063 407 1146 ἐνεργείας
419 1059 476 1126 καὶ
496 1056 596 1128 είκῦν
610 1061 667 1145 τῆς
680 1053 886 1147 άγαθότητος
900 1055 1032 1130 αῦτοῦ.”

26 1191 52 1230 ιο
141 1165 192 1231 25.
226 1159 324 1248 Πλὴν
352 1157 437 1228 ἀλλά
466 1163 571 1228 ταῦτα
594 1155 660 1247 ὅπη
684 1157 728 1228 ἀν
756 1188 806 1240 τις
837 1163 893 1229 καὶ
923 1163 1030 1247 θέλοι,

65 1259 170 1352 ταῦτη
193 1263 359 1333 τυθέσθω·
401 1259 482 1349 ἡμῖν
500 1260 543 1341 Γδὲ
567 1263 699 1348 ἐξαρκεῖ
720 1259 757 1329 τὸ
782 1258 906 1348 ἀληθές
924 1265 1033 1331 έκεῖνο

47 1365 121 1434 ,καὶ
141 1359 278 1451 εὐσεβὲς
296 1352 399 1443 αὖθις
418 1360 710 1449 ἐπαναλαμβάνειν
728 1365 833 1452 ῥῦμα,
854 1361 896 1431 δι’
919 1353 959 1431 οῦ
978 1365 1032 1431 καί

64 1463 126 1553 τὴν
156 1463 257 1535 λάσιυ
279 1462 487 1552 ἐπιθήσομεν
518 1480 588 1544 τοῖς
619 1466 843 1552 ἔξητημέυοις,
876 1462 1033 1543 πολλάκις

64 1562 130 1654 ἤδη
150 1564 339 1645 ἔπειπόυτες
352 1562 439 1652 “τὴν
455 1562 577 1651 γενεάν
601 1562 706 1634 αὐτοῦ
729 1570 779 1645 τίς
800 1562 991 1652 διηγήσεται
1000 1562 1030 1649 ;'’

27 1695 52 1735 ιι
66 1665 243 1755 ἀνέφικτος
260 1664 324 1757 γάρ
339 1664 383 1745 ῦς
398 1664 546 1754 ἀληθοῦς,
564 1666 620 1734 καὶ
633 1662 696 1735 οὐκ
710 1663 904 1752 ἀνθρώποις
917 1666 1032 1755 μόνον,
1049 1695 1063 1734 ι

66 1765 150 1838 ἀλλὰ
168 1770 313 1851 καὶτοῖς
331 1765 438 1853 πάσης
463 1770 617 1837 ἐπέκεινα
640 1762 757 1848 οὐσίας
784 1766 987 1857 δυνάμεσιν,
1011 1762 1032 1855 ἡ

65 1873 125 1940 τοῦ
148 1874 352 1959 μονογενοῦς
378 1873 437 1938 τοῦ
462 1873 547 1938 θεοῦ
570 1866 727 1957 τυγχάνει
751 1872 897 1956 γένεσις,
922 1865 1033 1955 ὥσπερ

65 1960 128 2042 οῦν
141 1973 196 2041 καί
211 1966 340 2052 αῦτῦςὸ
356 1966 466 2056 σωτηρ
486 1973 541 2039 καὶ
563 1967 677 2056 κύριος
692 1968 786 2059 ἡμῶν
799 1968 875 2051 τοῦς
889 1976 1033 2051 οἰκείους

66 2072 217 2161 μαθητὰς
235 2068 320 2143 αῦτά
340 2070 381 2160 δὴ
399 2078 503 2140 ταῦτα
527 2079 756 2159 μυσταγωγῶν
782 2066 923 2152 “obesis
948 2079 1033 2160 ἔγνω

26 2201 53 2240 ιο
67 2172 179 2262 (φησὶ)
198 2172 257 2243 τὸυ
271 2175 397 2260 πατέρα
416 2179 447 2242 εί
463 2170 508 2262 μὴ
525 2170 543 2242 ὃ
563 2169 663 2252 υίός.”
697 2178 748 2241 26.
777 2164 803 2265 ᾧ
820 2176 876 2242 καὶ
892 2175 1034 2260 ἐπιλέγει

61 2270 138 2344 “nal
151 2273 266 2356 οὐδεὶς
280 2283 366 2362 ἔγνω
384 2271 443 2344 τὸν
459 2273 537 2344 υίὸν
556 2280 586 2344 εί
603 2271 647 2361 μή
665 2268 683 2343 ὁ
702 2270 838 2361 πατηρ.”
858 2270 1034 2362 ἀγνώστου

64 2384 183 2447 τοίνυν
194 2371 315 2466 ὁμοίως
332 2379 390 2461 της
404 2403 440 2445 τε
453 2379 530 2461 περὶ
541 2377 602 2443 τοῦ
614 2373 736 2459 πατρὸς
749 2379 873 2462 καὶτῆς
887 2379 963 2461 περὶ
974 2379 1034 2443 τοῦ

66 2481 144 2546 υίοῦ
153 2486 329 2566 θεολογίας
340 2493 408 2558 τοῖς
419 2480 499 2546 πάσι
513 2475 601 2562 πλὴν
613 2472 725 2556 αὐτοῖς
738 2475 979 2563 τυγχανούσης,
991 2470 1035 2556 ῦς
1048 2505 1099 2557 [ιιι]

68 2581 104 2646 ἐν
123 2576 321 2667 ἀπορρήτοις
340 2582 377 2649 ἔν
394 2594 466 2659 ταῖς
483 2585 740 2668 παρατεθείσαις
757 2581 817 2646 τοῦ
837 2581 1036 2664 Σολομῶνος

25 2704 52 2748 ιε
66 2681 173 2762 λέξεσι
191 2683 248 2767 τῆς
267 2689 398 2767 Σοφίας
416 2677 598 2749 ἀκουστέον
617 2677 778 2767 λεγούσης
792 2677 879 2766 “πρό
897 2681 957 2748 τοῦ
970 2676 1032 2766 ὅρη

68 2782 279 2871 ἑδρασθῆναι
303 2783 359 2850 καί
384 2786 577 2869 πλασθῆναι
595 2779 657 2867 τὴν
673 2785 750 2869 γῆν,
769 2780 833 2868 πρὸ
849 2781 886 2849 δὲ
900 2779 1035 2850 πάντων

67 2884 201 2967 βοννιῦν
222 2886 328 2973 γεννᾷ
351 2878 419 2970 με.”
467 2887 518 2952 27.
554 2889 602 2950 ἔτι
628 2885 666 2951 δέ
695 2904 778 2970 φησι
810 2898 1033 2971 συμπαρεῖναι
1048 2912 1101 2963 (ειη

65 2985 114 3075 τῷ
130 2987 231 3074 πατρὶ
247 2984 307 3054 τὸν
324 2981 471 3069 οῦραυῦν
490 2981 781 3066 κατασκευάζοντι·
804 2982 823 3007 “
833 2982 934 3069 ἡνίκα
948 2987 1034 3070 γοῦν

64 3082 218 3173 ἡτοίμαζε
244 3083 303 3155 τόυ
320 3082 483 3174 οὐρανὸν,
509 3082 734 3173 συμπαρήμην
757 3080 878 3175 αῦτηῦ.”
917 3087 972 3152 καὶ
997 3082 1034 3151 τὸ

135 3354 150 3402 6
170 3351 235 3416 Sap.
249 3353 272 3413 7,
286 3353 326 3405 25.
459 3353 490 3400 14
509 3351 555 3403 Es.
569 3351 609 3407 53,
623 3351 647 3402 8.
775 3351 806 3398 19
827 3348 924 3398 Matth.
939 3351 979 3411 11,
994 3351 1034 3399 27.

67 3421 101 3470 28
121 3421 202 3471 Prov.
215 3419 240 3482 8,
253 3422 295 3470 25.
451 3419 483 3467 '28
497 3419 576 3467 Prov¹
596 3418 620 3477 8,
635 3420 678 3470 27.
