2326 3818
129 111 189 175 188
535 110 684 162 πόρτακι

130 259 185 334 δες
203 241 289 339 ἦσαν
303 246 474 322 Ἰουδαίων
491 249 627 341 ἀνδρῶν
639 252 871 340 πεπεισμένων
887 249 991 322 αύτὸν
1009 251 1095 323 εἶναι

128 355 186 423 τὸν
204 351 349 442 Χριστόν
367 357 426 423 τοῦ
436 356 531 441 θεού,
548 350 607 423 τόν
621 346 686 422 ύπδ
696 360 763 423 τῶν
777 357 959 444 προφητῶν
972 382 1096 441 κατηγ-

129 458 298 544 γελμένον.
344 449 438 544 καὶὴ
459 460 586 544 ἱστορία
611 455 647 524 δὲ
665 457 794 543 κατέχει
814 451 857 538 ῶς
876 457 931 525 καὶ
955 463 1094 545 μεγίστη

128 586 177 639 τις
201 547 243 645 ἦν
267 561 425 645 ἐκκλησία
450 560 595 644 Χριστοῦ
620 560 656 626 ἐν
681 571 749 637 τοῖς
768 553 1005 646 Ἰεροσολύμοις
1028 554 1094 627 ύπδ

123 657 295 730 Ἰουδαίων
313 660 584 747 συγκροτουμένη
602 658 697 747 μέχρι
713 661 781 728 τῶν
798 658 929 748 χρόνων
945 662 1002 746 τῆς
1019 657 1091 729 κατ’
1108 686 1120 726 5

125 757 301 851 Ἀδριανδν
319 765 520 846 πολιορκίας.
560 761 629 829 109.
650 762 802 846 λέγονται
820 764 903 848 γοῦν
921 766 956 830 οἱ
971 763 1096 848 πρῶτοι

129 863 211 931 κατὰ
225 861 386 950 διαδοχὴν
400 858 601 949 προστάντες
620 858 739 930 αὐτόθι
755 865 927 932 ἐπίσκοποι
942 857 1096 935 Ἰουδαῖοι

128 964 319 1051 γεγονέναι,
346 951 395 1031 ῶν
413 963 468 1031 καὶ
486 959 526 1031 τά
543 960 689 1052 ὀνόματα
714 965 815 1034 εἰσέτι
838 970 903 1033 νῦν
921 961 1010 1053 παρὰ
1027 981 1096 1046 τοῖς

59 1084 115 1135 (125)
131 1068 300 1152 ἐγχωρίοις
317 1060 577 1154 μνημονεύεται·
606 1061 649 1144 ῶς
667 1065 720 1134 καὶ
738 1069 773 1135 ἐκ
786 1063 915 1135 τούτων
933 1062 1096 1135 λελύσθαι

129 1169 240 1234 πάσαν
257 1162 319 1253 τὴν
341 1163 423 1235 κατά
441 1169 509 1235 τῶν
533 1170 695 1255 μαθητῶν
712 1163 817 1237 αύτού
836 1167 1013 1254 διαβολὴν,
1041 1163 1096 1236 ὅτε
1109 1193 1134 1234 ιο

129 1264 279 1356 καὶπρὸς
293 1265 406 1338 αὐτῶν
423 1268 478 1336 καὶ
493 1270 570 1355 δίχα
586 1274 644 1356 τῆς
663 1265 775 1338 αὐτῶν
793 1275 975 1357 μαρτυρίας
993 1275 1098 1357 μυρία

128 1363 335 1459 ὁμολογεῖται
352 1367 467 1458 πλήθη
480 1364 653 1439 Ἰουδαίων
676 1398 711 1440 τε
734 1372 790 1439 καὶ
803 1367 972 1458 Ἑλλήνων
998 1365 1096 1450 αύτδς

126 1467 251 1560 Ἰησοῦς
268 1467 286 1540 ὁ
305 1467 447 1559 Χριστός
464 1473 524 1541 τού
541 1478 626 1543 θεοῦ
645 1471 690 1541 δι’
711 1461 760 1542 ῶν
779 1474 924 1543 ἐκπέλει
947 1468 1099 1558 παραδό-

129 1577 195 1655 ξων
214 1580 322 1661 έργων
338 1568 402 1660 ὑφ’
423 1572 543 1642 ἑαυτὸν
560 1577 790 1663 πεποιημένος.

207 1679 276 1743 110.
294 1670 391 1744 Ἀλλά
414 1671 543 1743 τούτων
560 1672 642 1763 ἡμῖν
660 1677 713 1745 ἐπὶ
731 1676 890 1745 τοσοῦτον
910 1676 1096 1762 εἰρημένων
1109 1702 1135 1742 ω

129 1771 211 1862 πρός
228 1773 264 1845 τὸ
283 1779 415 1864 πρῶτον
432 1779 501 1845 τῶν
518 1772 669 1847 ιἰπίστων
692 1774 816 1865 τάγμα,
835 1778 916 1864 φέρε
941 1773 1098 1864 καὶπρὸς

129 1874 166 1945 τό
192 1873 351 1967 δεύτερον
375 1893 491 1966 στῖφος
510 1880 687 1966 ἐνστῶμεν.
729 1881 826 1949 τούτο
850 1877 888 1946 δὲ
912 1867 955 1965 ἦν
974 1874 1011 1946 τό
1029 1878 1096 1946 τῶν

100 2000 113 2039 b
130 1973 763 2067 συνομολογούντωνμέντὸνἸησοῦντδι
773 1977 943 2068 παράδοξα
957 2005 1099 2066 πεποιη-

130 2078 235 2166 κέναι,
254 2086 379 2172 γοητεί,
406 2080 444 2150 δὲ
456 2076 563 2162 άλλως
582 2082 636 2150 ἐπὶ
649 2080 760 2172 πλάνη
774 2085 842 2151 τῶν
855 2075 1024 2170 δρῶντων,
1042 2077 1098 2150 οἷα

130 2181 392 2272 θαυματουργόν
409 2178 430 2271 ἢ
448 2184 625 2272 φαρμακέα
642 2211 734 2272 τινα,
759 2189 1001 2272 θανμαστῶσαι
1020 2183 1098 2268 τούς
1110 2209 1136 2250 το

130 2278 305 2371 παρόντας.

207 2384 262 2457 VI.
292 2387 359 2457 Καὶ
377 2384 419 2476 δὴ
437 2384 559 2457 τούσδε
577 2391 710 2476 πρῶτον
734 2384 892 2456 ἁπάντων
916 2389 1098 2477 ἐρωτητέον

129 2495 204 2558 τίνα
222 2504 323 2576 φαῖεν
346 2486 428 2575 πρός
451 2488 491 2557 τά
509 2489 766 2577 προωδευμένα;
791 2477 855 2576 άρα
881 2485 944 2579 γάρ
964 2492 1099 2578 ἐπινοῆ-

130 2609 185 2658 σαι
204 2588 371 2677 δυνατὸν,
390 2585 498 2678 άνδρα
514 2586 718 2658 διδάσκαλον
736 2594 858 2678 σεμνῆς
876 2593 932 2661 καὶ
950 2595 1098 2682 παναρέ-

129 2718 189 2759 του
207 2697 391 2777 πολιτείας,
409 2688 516 2776 ύγιῶν
534 2717 569 2759 τε
587 2692 643 2759 καὶ
656 2685 796 2778 ἀληθῶν
811 2688 997 2782 δογμάτων,
1015 2699 1097 2765 οἴων
1109 2718 1136 2761 τι

129 2788 391 2880 προδιήλθομεν,
410 2787 511 2880 γόητα
528 2786 587 2860 τόν
601 2789 724 2880 τρόπον
741 2795 929 2882 γεγονέναι;
949 2803 980 2866 εί
998 2796 1034 2866 δὲ
1054 2795 1097 2884 δὴ

129 2890 360 2981 μαγγανευτής
378 2921 427 2974 τις
446 2883 488 2982 ἦν
506 2896 561 2963 καὶ
578 2892 791 2982 φαρμακεύς,
816 2891 971 2967 ἆπατεῶν
988 2924 1023 2967 τε
1041 2899 1097 2967 καὶ

100 3039 110 3065 c
130 2991 228 3083 γόης,
246 2997 316 3075 πῶς
334 2990 376 3064 διν
393 2992 546 3084 τοιαύτης
562 2999 777 3077 διδασκαλίας
795 2998 876 3066 πάσι
893 3015 962 3080 τοῖς
980 3007 1096 3070 ἔθνεσι

130 3098 270 3185 κατέστη
293 3107 413 3185 αίτιος,
439 3101 511 3178 οἵας
534 3092 647 3177 αὐτοῖς
669 3094 800 3186 ὁρῶμεν
823 3092 1011 3190 ὀφθαλμοῖς
1040 3101 1097 3171 καλ

129 3195 245 3281 άκοαῑς
259 3205 306 3280 είς
321 3201 421 3288 δεύρο
435 3196 755 3288 παραλαμβάνομεν;
774 3215 868 3280 ποῖος
882 3203 919 3273 δὲ
933 3204 988 3272 καὶ
1003 3200 1096 3292 αίρή·
1109 3229 1136 3270 ω

130 3319 221 3368 σεται
244 3299 285 3368 τά
309 3295 480 3372 άσύνακτα
505 3295 681 3387 συνάγειν;
707 3297 787 3388 γόης
812 3301 874 3389 μὲν
895 3302 960 3396 γάρ
984 3332 1034 3386 τις
1052 3299 1096 3386 ῶς

130 3394 265 3488 άληθῶς
283 3398 416 3483 άνόσιος
433 3405 489 3473 καὶ
502 3397 619 3491 μιαρὸς
637 3399 697 3470 τὸν
709 3399 844 3491 τρόπον,
862 3400 1096 3498 άπειρημένοις
