2326 3818
312 135 497 186 DEMONST.
515 133 649 186 ονομα.
668 136 730 188 v11.
751 139 773 186 1.
972 136 1033 199 431

65 278 171 343 ταυτα
192 273 229 342 δέ
255 269 359 344 αὐτοῦ
385 277 636 362 ἐνθυμηθέντος
661 273 737 343 ἰδού
760 272 897 362 άγγελος
916 285 1065 365 κυρίονε

64 370 139 444 κατ’
160 373 243 464 ὅναρ
262 383 417 463 φαίνεται
437 372 527 467 αὐτῷ
545 379 669 463 λέγων,
684 372 804 463 Ἰωσὴφ
822 376 894 456 υίὸς
909 381 1034 466 Δαβλὸ,

66 476 111 564 μὴ
130 482 287 566 φοβηθῇς
313 485 524 566 παραλαβεῖν
542 475 685 565 Μαριάμ
708 477 770 564 τὴν
793 477 938 564 γυναῖκά
956 500 1033 548 σου·

63 575 99 645 τὸ
117 573 181 665 γάρ
201 581 237 646 έν
256 573 339 669 αύτῇ
358 577 528 666 γεννηθὲν
547 580 582 646 ἐκ
605 575 793 665 πνεύματός
818 582 907 648 έστιν
925 581 1032 666 ἁγίου.

36 708 47 748 5
62 682 187 760 τέξεται
207 679 243 747 δέ
261 671 348 767 υίόν,
367 682 423 748 καὶ
437 680 587 760 καλέσεις
599 677 636 747 τὸ
653 675 758 768 ὄνομα
776 676 878 748 αύτού
892 676 1032 767 Ἰησοῦν.

62 784 113 847 55.
135 776 235 860 αύτός
253 776 316 871 γάρ
335 779 436 850 σω’σει
453 777 512 851 τὸν
530 778 611 857 λαὸν
635 777 741 849 αὐτού
758 775 823 850 άπὸ
841 785 908 850 τῶν
926 776 1034 870 άμαρ-

61 884 142 949 τιῶν
167 877 291 951 αύτῶν.
333 888 430 951 τοῦτο
457 881 494 951 δὲ
511 879 590 952 ὅλον
614 884 769 970 γέγονεν,
794 887 851 951 ἵνα
869 886 1034 973 πληρωθῇ

60 979 97 1050 τό
116 984 223 1072 ῥηθέν
239 980 305 1053 ὑπὸ
323 989 382 1053 τοῦ
401 989 539 1072 κυρίου,
567 979 621 1052 διά
646 989 706 1053 τοῦ
725 981 898 1072 προφήτου
916 986 1031 1071 λέγον·
1082 1068 1084 1073 Α

21 1133 22 1136 ¹
60 1111 132 1171 τος,
159 1083 234 1153 ἰδού
258 1081 278 1172 ἡ
297 1087 467 1174 παρθένος
482 1086 518 1152 έν
531 1086 650 1173 γαστρὶ
663 1082 814 1171 λήψεται,
833 1088 889 1154 καὶ
906 1089 1032 1168 τέξεται

22 1215 48 1255 10
61 1182 148 1272 υίόν,
168 1188 223 1254 καὶ
237 1187 386 1265 καλέσεις
400 1184 436 1254 τὸ
450 1183 555 1271 ὄνομα
569 1181 673 1254 αὐτοῦ
686 1183 907 1274 Ἐμμανουηλ,
926 1184 944 1255 ὅ
963 1193 1032 1257 ἐστι

60 1285 419 1374 μεθερμηνευόμενον,
438 1280 518 1410 μεθ’
538 1283 633 1373 ἡμῶν
650 1281 668 1354 ὁ
687 1282 800 1366 θεός.”

136 1391 186 1454 56.
204 1385 300 1456 Ούτω
312 1384 353 1474 δη
368 1384 450 1456 καθ’
470 1383 555 1474 ἡμᾶς
569 1386 609 1456 τά
623 1392 681 1475 της
695 1393 791 1467 θείας
809 1386 1031 1474 προγνώσεως

59 1484 125 1555 άπὸ
143 1492 201 1574 τῆς
219 1515 286 1556 των
304 1486 509 1578 πραγμάτων
528 1486 694 1576 ἐκβάσεως
713 1495 903 1575 πιστοῦται,
923 1485 1059 1569 άλλωςε

36 1583 121 1656 ούκ
145 1583 188 1657 άν
210 1594 267 1676 τῆς
291 1596 494 1679 προφητείας
515 1586 667 1714 άληθούς
691 1580 1027 1678 άποφανθησομένης.

20 1717 45 1757 ιι
61 1690 134 1775 ἑξης
153 1690 190 1758 δὲ
203 1687 330 1770 τούτοις
343 1699 378 1760 τί
376 1720 419 1759 να
363 1687 524 1760 lual‘
510 1689 617 1759 οπόσα
635 1693 767 1814 λέγεται
779 1697 916 1761 ἔσεσθαι
935 1694 970 1760 έν
988 1699 1029 1781 τῇ

58 1785 164 1882 ημέρα
185 1793 313 1882 ἐκείνη,
334 1795 437 1881 δῆλον
463 1789 535 1862 δλ”
517 1819 567 1861 οτι
586 1795 623 1861 έν
640 1819 685 1884 τςο
707 1790 817 1886 χρόνω
834 1800 892 1879 τῆς
912 1795 1027 1880 ἐπιφα-

58 1899 151 1973 νείας
164 1896 224 1961 τού
239 1889 467 1982 Ἐμμανουηλ,
486 1896 568 1983 φέρε
587 1916 854 1981 κατανοησωμεν.

134 1997 184 2062 57.
206 1989 369 2085 “Συριεῑ,
393 1998 493 2083 φησὶ,
518 1993 631 2086 κύριος
654 2002 785 2083 μυίαις,
816 1989 835 2064 ὃ
859 1992 1028 2083 κυριεύσει

57 2095 178 2182 μέρους
196 2099 347 2184 ποταμοῦ
364 2093 556 2184 Αἰγύπτου,
575 2098 631 2165 καὶ
648 2101 688 2185 τῇ
712 2103 872 2185 μελίσση,
897 2091 918 2182 ἦ
938 2099 1028 2165 ἐστιν

18 2223 43 2262 ω
58 2198 95 2263 ἐν
112 2193 204 2285 χύρρι
217 2192 422 2284 Ἀσσυρίων,
441 2198 496 2266 καλ
515 2193 724 2283 ἐλεύσονται,
743 2199 799 2265 καὶ
813 2195 1027 2267 άναπαύσον·

57 2324 109 2364 ται
130 2299 165 2364 ἐν
182 2311 253 2375 ταῖς
271 2295 417 2384 φάραγξι
435 2302 491 2384 τῆς
509 2295 618 2384 χωρας
628 2350 637 2384 ,
656 2299 712 2365 καὶ
730 2300 766 2366 έν
780 2313 850 2378 ταῖς
864 2295 1027 2385 τρωγλαις

56 2403 123 2466 τῶν
141 2401 292 2482 πετρῶν,
312 2399 366 2465 καλ
386 2404 433 2477 εἰς
451 2394 490 2466 τά
508 2396 671 2485 σπη’λαια,
697 2400 752 2466 καὶ
772 2404 818 2479 είς
836 2401 948 2466 πάσαν
966 2402 1027 2486 ῥα-

56 2496 162 2586 γάδα,
182 2500 237 2566 καὶ
256 2500 295 2585 έν
310 2500 411 2568 παντὶ
428 2497 527 2592 ξύλω.
565 2503 602 2568 έν
619 2500 661 2588 τῇ
673 2495 780 2589 ἡμέρᾳ
795 2503 906 2586 ἐκείνη
925 2496 1027 2587 ξυρή-

56 2604 106 2669 σει
125 2596 239 2689 κύριος
259 2603 295 2669 έν
312 2603 359 2694 τῷ
376 2603 465 2692 ξυρῷ
479 2603 525 2693 τῷ
538 2597 688 2693 μεγάλω,
708 2607 754 2693 τῷ
768 2602 1024 2691 μεμισθωμένην,

16 2728 41 2768 25
54 2703 162 2791 πέραν
179 2704 240 2771 τού
257 2704 408 2791 ποταμοῦ
430 2705 592 2790 βασιλέως
607 2698 810 2790 Ἀσσυρίων,
834 2701 896 2789 τὴν
918 2728 1024 2789 κεφα-
1039 2730 1093 2781 (321)

55 2800 135 2888 λὴν,
167 2804 223 2870 καὶ
253 2800 311 2882 τάς
340 2811 453 2891 τρίχας
482 2808 550 2873 των
577 2806 692 2873 ποδων
717 2799 854 2872 καὶτὸν
877 2801 1024 2891 πώγωνα

54 2899 182 2988 ἀφελεῖ.
227 2906 277 2972 58.
298 2906 353 2972 καλ
379 2910 469 2973 ἔσται
494 2909 531 2973 έν
553 2907 595 2994 τῇ
616 2902 723 2995 ἡμέρα
750 2908 879 2995 ἐκείνη,
904 2908 1025 2990 θρέψει

54 2999 234 3093 ἄνθρωπος
254 3001 398 3092 δάμαλιν
415 3009 507 3093 βοῶν
525 3008 581 3074 καὶ
599 3002 660 3075 δύο
677 3002 838 3095 πρόβατα,
858 3007 913 3074 καὶ
933 3014 1023 3074 ἔσται

53 3102 118 3174 άπὸ
142 3107 203 3175 τού
227 3115 383 3176 πλεῖστον
407 3121 518 3177 ποιεῖν
540 3104 643 3195 γάλα,
675 3104 816 3194 φάγεται
845 3104 1023 3195 βούτυρον,

13 3233 40 3275 ω
53 3203 104 3276 ὅτι
130 3204 297 3297 βούτυρον
321 3210 376 3278 καλ
400 3211 475 3296 μέλι
497 3205 639 3297 φάγεται
661 3210 725 3288 πάς
749 3206 1021 3293 ὁκαταλειφθελς

122 3441 153 3489 18
170 3441 217 3494 Εε.
232 3441 310 3505 7,18,
