2326 3818
334 140 520 194 DEMONST.
540 141 673 192 EVANG.
692 141 740 191 IX.
760 144 800 190 ll.
989 140 1052 204 599

85 283 206 351 ἐνθέου
225 284 437 367 ἐπιφανείας,
456 283 491 348 οί
507 279 545 348 δέ
563 280 791 366 ἐξησθένησαν
816 278 897 368 πρὸς
915 280 977 369 τήν
995 284 1054 350 τοῶ

83 389 167 452 θεοῦ
181 379 293 470 χάριν·
323 377 374 449 διό
394 383 431 448 ἑν
438 377 522 470 ἀρχή
530 377 704 467 γενόμενοι
712 382 770 467 τῆς
783 387 930 468 θεωρίας
944 409 1054 472 παρη·
1071 411 1083 450 d

83 488 203 553 τοῦντο
221 485 373 570 λέγοντες
390 487 436 574 τῷ
458 492 577 552 Μωσεῖ
588 475 656 551 “65
673 477 766 560 λάλει
783 478 865 570 πρὸς
883 476 980 570 ήμάς,
999 488 1053 553 καὶ

84 582 129 672 μή
146 592 286 653 λαλείτω
304 581 386 671 πρὸς
403 577 488 672 ἡμᾶς
505 580 523 652 5
540 579 632 669 θεός,
651 587 707 651 ἵνα
724 580 769 670 μὴ
787 578 1051 671 ἀποθάνωμεν·”

59 684 220 766 εείκότως
244 682 300 755 διά
325 687 428 754 ταῦτα
453 682 650 773 ἀποδέχεται
673 683 735 772 μὲν
759 679 881 765 αὐτοὺς
904 682 921 752 5
940 683 1054 771 κόριος

83 791 142 875 τής
160 784 353 875 εὐλαβείας,
372 787 456 875 φησί
476 787 512 856 δέ
526 782 661 874 “ὀρθῶς
679 783 787 855 πάντα
800 782 862 855 ὅσα
877 783 1053 873 ἐλάλησαν,

85 887 262 978 προφήτην
285 885 463 974 ἀναστήσω
486 885 600 970 αὐτοῖς
622 891 661 958 Υἐκ
685 891 789 976 μέσον
813 893 880 958 τῶν
897 883 1055 976 ἀδελφῶν

86 988 215 1078 αὐτῶν,
241 987 352 1081 ῶσπερ
377 990 423 1059 σέ.
470 995 498 1060 8.
518 985 644 1060 οὐκοῦν
662 988 771 1059 καὶτὸ
799 1000 906 1060 αίτιον
925 993 1055 1071 ἐδίδαξε

85 1097 144 1163 τοῦ
158 1099 257 1178 δίκην
272 1089 446 1179 προφήτου
457 1093 592 1178 μέλλειν
603 1087 707 1160 αὐτόν
719 1088 781 1178 τήν
791 1098 838 1171 είς
853 1088 1056 1180 ἀνθρώπους

47 1219 73 1260 ιο
88 1190 286 1279 ἐπιφάνειαν
299 1203 485 1262 ποιεῖσθαι·
512 1196 610 1261 τοῦτο
632 1188 664 1260 δ’
685 1182 729 1279 ἦν
746 1187 908 1262 ἀσθένεια
923 1191 1056 1280 ἀνθρῶ·

85 1318 160 1363 πων
177 1294 232 1361 καὶ
251 1299 309 1379 τῆς
328 1299 516 1380 κρείττονος
534 1300 681 1382 θεωρίας
695 1300 902 1380 παραίτησις.
929 1301 957 1362 9.
972 1301 1056 1382 ἔχεις

85 1399 264 1483 τοιγαροῦν
290 1395 345 1462 καί
372 1390 433 1481 τήν
460 1400 571 1463 αἰτίαν
598 1397 655 1481 της
680 1393 969 1482 ε’ναυθρωπήσεως
995 1399 1056 1465 τοῦ

86 1496 330 1583 θεσπιζομένου
348 1493 532 1584 προφήτου.
569 1493 703 1575 είκότως
722 1485 783 1565 οὖν
801 1499 1054 1584 προσδοκῶντες
1069 1523 1124 1574 μισ)

87 1593 190 1667 αὐτόν
214 1601 248 1667 οἱ
270 1599 306 1665 ἐκ
329 1602 507 1685 περιτομῆς
534 1594 767 1667 ἐπυνθάνοντο
790 1603 850 1665 τοῦ
875 1601 1059 1683 βαπτιστοῦ

49 1725 74 1766 15
83 1696 257 1786 Ἰωάννου,
282 1700 339 1767 καὶ
362 1704 477 1788 ἔλεγον
489 1695 530 1767 “ὁ
549 1696 721 1787 προφήτης
740 1697 772 1766 εί
788 1695 832 1766 σό
840 1731 849 1783 3
873 1693 891 1766 5
918 1699 954 1767 δὲ
980 1706 1057 1788 ἔφη,

87 1797 161 1869 οῶ.”
189 1797 262 1869 ἀλλ’
283 1793 301 1869 5
316 1795 471 1887 Ἰωάννης
487 1795 632 1888 τάληθὲς
649 1798 821 1888 ὁμολογῶν
839 1797 916 1870 οὔτε
930 1799 1059 1888 προφή-

87 1929 146 1989 της
164 1900 250 1971 είναι
269 1897 456 1990 ἠρνήσατο,
482 1891 525 1990 ἦν
542 1899 623 1991 γάρ,
649 1899 732 1971 ἀλλά
755 1900 792 1971 τὸ
817 1898 917 1982 αὐτὸς
936 1901 1022 1971 εἶναι
1040 1898 1057 1970 5

50 2019 58 2030 ’
87 2000 259 2091 προφήτης
276 1998 294 2072 ὁ
314 2002 398 2091 πρὸς
415 2006 477 2073 τοῦ
493 2007 647 2086 Μωσέως
671 2004 916 2093 δεδηλωμένος·
944 1999 993 2073 ότι
1020 2003 1059 2072 δὲ
1074 2030 1126 2084 [ειη

87 2100 334 2190 ἀπεσταλμένος
361 2114 410 2190 είη
437 2110 629 2194 ἔμπροσθεν
652 2109 714 2176 τοῶ
731 2103 905 2195 προφήτου
930 2109 1059 2176 ἐκείνου

48 2231 74 2270 ιο
89 2205 255 2273 ἐδίδασκε.
294 2208 343 2272 10.
364 2206 419 2272 καί
440 2203 619 2292 ἐπειδήπερ
638 2201 655 2274 5
682 2204 778 2292 λόγος
796 2203 911 2286 αὐτοῖς
931 2206 973 2294 δὴ
991 2224 1059 2287 τοῖς

89 2308 125 2373 ἐκ
143 2306 321 2392 περιτομῆς
339 2299 588 2393 ἀναστήσεσθαι
605 2305 664 2374 τὸν
682 2305 859 2395 προφήτην
873 2307 1057 2395 ἐθέσπιζεν,

90 2403 222 2487 είκότως
240 2402 258 2474 ὁ
277 2405 387 2494 σωτήρ
405 2407 461 2475 καί
479 2403 592 2494 κόριος
610 2401 722 2494 ήμῶν,
746 2403 804 2476 άτε
831 2405 873 2493 δή
892 2403 992 2486 αάτὸς
1011 2402 1086 2490 ῶνι

89 2505 106 2575 ὁ
131 2507 452 2596 προκεκηρυγμένος,
475 2501 560 2576 “οάκ
584 2497 714 2595 ἦλθον”
741 2509 846 2595 φησὶν
864 2501 920 2577 “sc
941 2506 986 2595 μὴ
1011 2515 1058 2588 είς

42 2628 51 2637 ’
88 2606 129 2677 τά
147 2607 299 2697 πρόβατα
324 2606 365 2678 τά
388 2605 582 2679 ἀπολωλότα
605 2620 700 2680 ολκου
720 2604 884 2697 Ἰσραήλ.”
927 2621 996 2689 τοῖς
1022 2610 1059 2678 δέ

50 2736 77 2778 ιτ
90 2705 285 2792 ἀποστόλοις
308 2708 413 2781 αὑτοῦ
436 2709 579 2800 παρῄνει
605 2713 712 2800 λέγων
734 2705 805 2792 “είς
835 2708 915 2782 ὁδὸν
948 2713 1059 2780 ἐθνῶν

89 2811 134 2900 μή
152 2807 340 2900 ἀπέλθητε,
365 2815 420 2882 καὶ
445 2819 492 2892 είς
515 2811 614 2884 πόλιν
637 2819 858 2902 Σαμαρειτῶν
882 2813 927 2902 μή
953 2815 1060 2882 είσέλ-

89 2925 192 3000 θητε,
211 2911 400 3001 πορεύεσθε
414 2913 451 2982 δὲ
469 2917 597 3000 μᾶλλον
614 2912 696 3003 πρός
713 2913 753 2983 τά
767 2913 918 3001 πρόβατα
932 2912 1060 2983 ταάπο-

42 3023 47 3029 ’
90 3011 219 3082 λωλότα
236 3024 331 3084 οίκον
344 3009 512 3103 Ἰσραήλ·”
551 3021 598 3084 11.
619 3021 734 3103 σαφῶς
754 3014 924 3085 διδάσκων
948 3014 997 3084 ὅτι
1018 3013 1059 3100 δή

90 3110 203 3197 αὐτοῖς
227 3117 484 3203 προηγουμένως
507 3113 691 3186 ἀπέσταλτο
718 3119 759 3206 τῇ
777 3123 962 3205 προφητείᾳ
980 3114 1060 3183 ἀκο-

139 3371 144 3376 ’
159 3384 174 3432 3
192 3381 280 3431 5105.
294 3383 335 3445 ιο,
350 3384 390 3432 19.
426 3383 509 3433 ωεστ,
523 3383 547 3442 5,
561 3383 602 3430 ιι.
707 3382 723 3431 ο
741 3382 825 3431 Dent.
841 3381 936 3443 1517.

92 3450 124 3498 15
141 3449 185 3499 το.
200 3452 222 3508 1,
236 3451 276 3504 τι.
383 3452 415 3499 τε
433 3449 534 3502 Μιιιι,
549 3451 588 3509 15,
602 3452 644 3503 ιι.
748 3451 780 3499 25
799 3449 899 3498 Matth.
915 3451 956 3511 10,
971 3449 993 3496 5.
