2326 3818
132 116 194 181 170
541 113 689 166 ευειιειι

128 254 243 338 αὐτοῖς
268 261 501 345 διατρίβοντα,
527 256 581 325 καὶ
602 250 649 325 δι’
677 252 804 342 άπάτης
828 250 966 342 αὐτοῦς,
991 251 1036 335 ὡς
1054 250 1099 327 ἂν

129 367 213 447 φαίη
238 386 303 447 τις,
330 353 591 446 άποπλανῦντα,
617 364 652 427 τί
673 347 754 446 οῦν,
778 351 830 426 ὅτι
852 359 908 426 καλ
935 354 1018 444 μετά
1034 354 1098 445 τὴν

128 456 303 549 τελευτὴν,
327 463 383 530 καλ
406 457 493 531 πολῦ
516 462 643 549 μάλλον
659 456 733 529 τότε
752 454 772 547 ἢ
794 454 972 547 πρότερον,
992 455 1097 531 αὐτόν

129 561 359 651 τεθειάκασιν,
385 564 456 633 ἐπεὶ
480 559 544 632 σῦν
568 557 763 649 άνθροόποις
781 561 925 649 μένοντα
943 561 1095 649 λέγονται

128 667 184 734 καὶ
209 662 465 735 ἀπολελοιπέναι
488 665 545 733 καί
569 658 791 751 άπηρνῆσθαί
811 688 910 749 ποτε,
932 659 987 732 ὅτε
1004 657 1122 757 αῦτῷι

127 764 167 836 τά
184 771 241 855 της
260 795 298 854 γε
324 766 503 853 ἐπιβουλῆς
522 762 747 853 ἐσκευάρητο,
771 763 853 853 μετὰ
872 763 910 834 δέ
928 762 965 834 τό
984 766 1017 846 ἐξ
1034 761 1098 835 άν-

126 866 278 955 θράπων
301 869 461 954 γενέσθαι
483 861 634 956 άσμίνως
659 862 753 937 αῦτολ
779 864 944 955 θνήσκειν
968 869 1098 955 μάλλον

127 964 289 1061 ᾑροῦντο,
314 962 335 1057 ἢ
357 971 416 1055 τῆς
437 965 523 1056 ὑπὲρ
547 965 651 1039 αῦτοῦ
674 974 858 1057 μαρτυρίας
880 964 1012 1055 άγαθῆς
1030 971 1092 1052 ἐξί-

128 1081 289 1154 στασθαι;
316 1074 367 1140 41.
388 1076 420 1138 εί
436 1067 478 1158 δὴ
496 1060 560 1143 οὖν
575 1070 683 1160 μηδὲν
699 1066 832 1158 άγαθόν
849 1065 1097 1157 συνεγνωκότες

72 1199 115 1250 ιιιι
130 1175 176 1264 τῷ
196 1169 403 1264 διδασκάλῳ,
422 1164 467 1260 μὴ
486 1178 578 1260 βίον,
597 1163 642 1262 μὴ
659 1169 816 1262 μάθημα,
837 1168 882 1261 μὴ
900 1174 1033 1259 πρᾶξιν,
1050 1170 1096 1261 μὴ
1111 1208 1134 1249 τι

128 1280 226 1363 ἔργον
245 1275 384 1344 ἐπαίνου
406 1270 515 1362 άξιον,
539 1275 623 1363 μηδὲ
647 1271 715 1364 μὴν
738 1272 820 1342 κατά
838 1302 869 1343 τι
886 1270 1097 1362 άφελημένοι

127 1372 209 1466 πρός
227 1371 348 1464 αὐτοῦ,
374 1369 500 1464 ἦόσον
522 1384 689 1466 πονηρίαν
713 1377 769 1445 καὶ
792 1373 928 1465 ἀνδρῶν
950 1372 1097 1465 πλάνην,

58 1505 116 1556 (112)
127 1481 197 1558 πῶς
216 1484 386 1566 ἔθνησκον
404 1474 586 1568 προθύμως
603 1476 644 1548 τά
662 1473 766 1566 σεμνοὶ
790 1480 846 1547 καί
865 1481 1000 1560 ἐπίδοξα
1018 1479 1096 1569 περὶ

127 1575 231 1649 αὑτοῦ
243 1581 502 1668 μαρτυροῦντες,
519 1578 628 1669 παρὸν
646 1577 771 1671 ἑκάστῳ
789 1583 849 1667 ζῆν
861 1575 1097 1669 ἀπραγμόνως,

126 1683 182 1750 καλ
210 1683 264 1749 ἐπὶ
290 1684 347 1769 της
372 1687 496 1762 οίκείας
521 1684 631 1762 ἑστίας
654 1679 736 1770 μετά
760 1685 827 1750 τῶν
850 1678 1019 1768 φιλτάτων
1035 1678 1133 1757 τόντε

126 1778 310 1853 άκίνδυνον
342 1779 472 1871 διάγειν
488 1789 581 1871 βίους
612 1787 664 1852 42.
683 1780 803 1854 πλάνοι
834 1782 873 1852 δέ
895 1779 1017 1873 άνδρες
1039 1787 1095 1854 καλ

125 1881 315 1966 ἀπατεῶνες
342 1888 412 1963 πῶς
436 1881 608 1972 ἀγαπητόν
631 1881 776 1972 ἡγοῦντο
798 1881 857 1954 τόν
875 1881 960 1973 ὑπὲρ
978 1886 1096 1973 ἑτέρου

125 1984 293 2071 θάνατον,
312 1981 352 2054 ὃν
370 1981 516 2072 άκριβῶς
534 1982 670 2056 πάντων
686 1988 813 2075 μάλλον
832 1987 1017 2074 ἐγίνωσκον
1034 1982 1097 2056 οῦ-

127 2083 223 2166 δενός
240 2087 303 2174 μὲν
327 2081 459 2174 αὐτοῖς,
484 2081 529 2168 ῦς
546 2081 589 2159 άν
606 2093 691 2176 φαίη
708 2096 775 2175 τίς,
794 2085 953 2176 γεγονότα
970 2096 1097 2177 παραί-

125 2216 196 2257 τιον
214 2182 365 2276 άγαθοῦ,
385 2186 492 2277 πάσης
512 2189 547 2259 δὲ
563 2196 679 2271 κακίας
695 2187 913 2274 διδάσκαλον;
932 2187 1017 2279 ἀνὴρ
1031 2190 1095 2278 μὲν
1107 2224 1134 2266 ω

124 2285 189 2379 γάρ
206 2293 368 2380 λογισμοῦ
380 2295 437 2361 καὶ
450 2288 569 2381 άρετῆς
582 2294 718 2382 μέτοχος
731 2289 816 2380 ὑπὲρ
830 2288 964 2379 άγαθοῦ
976 2318 1094 2382 κατορ·

97 2388 280 2482 ιθοόματος
298 2389 362 2465 κάν
380 2389 525 2481 εῦλόγως
542 2394 621 2465 ποτὲ
645 2392 703 2464 τόν
721 2391 790 2483 μετ’
813 2390 964 2473 εὐκλείας
981 2391 1095 2464 θάνα-

124 2522 182 2565 τον
199 2492 430 2584 ὑπομείνειεν,
448 2494 466 2566 ό
487 2496 525 2565 δέ
542 2494 711 2586 μοχθηρὸς
728 2492 788 2566 τόν
806 2493 930 2582 τρόπον
946 2503 1095 2583 φιλοπα-

123 2593 189 2686 θής
207 2625 256 2679 τις
273 2599 329 2665 καλ
347 2595 529 2684 φιλήδονος
548 2592 615 2685 div,
633 2596 741 2687 μόνην
755 2597 794 2667 δὲ
810 2595 874 2685 τὴν
886 2594 1094 2688 πρόσκαιρον

123 2699 262 2786 ταυτηνί
286 2696 372 2785 ζωὴν
389 2699 445 2767 καλ
462 2695 519 2778 τάς
543 2697 615 2767 κατ’
638 2693 744 2786 αὐτὴν
761 2693 972 2788 ἡδυπαθείας
989 2725 1094 2788 μετα·
1106 2732 1132 2774 τε

125 2795 278 2884 διώκων,
297 2794 359 2867 οῦκ
376 2795 419 2868 άν
436 2825 516 2868 ποτε
534 2801 639 2869 ἕλοιτο
653 2797 718 2889 πρό
735 2805 819 2888 ζωῆς
832 2799 994 2889 θάνατον,
1012 2797 1091 2872 οὐδ’

122 2893 209 2988 ὑπὲρ
223 2904 357 2970 οίκείων
369 2902 425 2970 καλ
436 2899 605 2988 φιλτάτων
618 2910 776 2992 τιμωρίας
791 2897 994 2991 ὑπομείνειε,
1001 2900 1046 2993 μή
1059 2912 1096 2974 τί

122 3027 162 3087 γε
191 2994 277 3091 ὑπὲρ
302 3005 366 3071 Ιτοῦ
396 3000 590 3093 φαυλότητα
619 3005 903 3093 κατεγνωσμένου.
945 3008 996 3073 43.
1020 3012 1093 3089 πῶς

124 3091 186 3172 οῦν
210 3108 245 3173 οἱ
265 3105 325 3173 τοῦ
349 3105 558 3192 δηλουμένου
575 3109 741 3194 μαθηταί,
768 3113 798 3177 εί
819 3101 884 3197 άρα
905 3096 1092 3197 πλάνοςῆν

124 3205 179 3273 καλ
198 3202 293 3295 γόης,
318 3199 380 3275 οῦκ
398 3202 597 3294 ἀγνοοῦντες
624 3203 728 3279 αῦτόν
745 3164 913 3298 τοιῦῦτον,
932 3203 1017 3277 άλλά
1033 3210 1091 3279 καὶ
1103 3238 1130 3281 ω

123 3301 217 3375 αῦτολ
241 3315 367 3396 χείρονι
391 3316 576 3399 μοχθηρίας
599 3307 711 3403 τρόπῳ
733 3306 792 3390 τὰς
821 3308 930 3399 ψυχὰς
952 3311 1091 3400 ἕνθθλλ·

123 3406 233 3497 μένοι,
261 3403 429 3497 ὑπέμενον
453 3406 534 3499 πρός
557 3417 625 3482 τῶν
648 3409 825 3501 ὁμοεθνῶν
847 3409 956 3492 πάσας
978 3416 1090 3494 αίκίας
