2326 3818
347 116 531 168 DEMONST.
549 117 747 169 EVANG.1V.
765 119 806 166 τι.
991 115 1054 178 265

86 258 248 344 τενομένη
267 263 466 345 κερίστασις.
509 257 563 324 ἐπὶ
582 258 701 343 σχολῆς
729 257 765 325 δὲ
783 253 841 325 τὸν
859 255 938 325 ὅλον
959 266 1081 326 {lm-b

87 357 150 447 μῦν
168 365 400 445 βασανίζοντες
418 353 672 444 παραστησομεν
695 355 744 425 ὅτι
763 358 817 425 ἐπὶ
834 359 1016 446 μηδέτερον
1034 354 1054 445 ἢ

89 461 143 528 ἐπὶ
165 457 269 546 μόνον
292 455 349 527 τδν
373 463 505 543 σωτῆρα
529 458 584 525 καὶ
609 453 727 545 κύριον
749 455 844 546 ἡμῶν
869 457 1055 546 ἐφαρμόσαι

87 555 131 630 ῦίν
155 588 195 629 τα
220 566 430 648 προκείμενα.
470 562 521 627 23.
541 554 625 626 ύλλύι
649 560 704 626 καὶ
730 555 889 644 δεύτερον
914 558 1054 647 Χριστὸς

61 657 327 748 ιύνομαζόμενος
350 667 425 730 τίνα
448 655 594 729 ύλλον
574 688 594 747 η
619 657 678 728 τὸν
696 657 799 728 αῦτδν
824 666 936 746 δηλοῖ,
960 648 1002 727 οῦ
1019 657 1055 727 τὸ

87 758 318 850 αντοίλλαχμα,
345 758 498 848 δηλονότι
521 757 583 847 τὴν
601 764 796 848 ἐκκλησίαν,
823 756 1003 830 ὦνείδισύν
1020 789 1055 829 τε

87 865 192 931 καὶί
162 890 177 931 ε
179 865 261 932 σετι
279 865 344 933 νῦν
361 858 584 946 ὀνειδίζουσιν
599 891 630 931 οι
623 865 815 984 λεχομένοι
832 891 891 931 τον
880 865 1054 949 Χριστοῦ

88 968 219 1088 ἐχθροί;
249 964 290 1033 τὰ
318 966 403 1051 χοῦν
425 966 486 1032 τοῦ
509 967 656 1052 σωτῆρος
679 958 775 1051 ἡμῶν
802 960 895 1051 πύθη
922 960 943 1031 δι
969 958 1054 1051 ῦιτερ

86 1062 182 1153 ἡμῶν
204 1061 400 1150 ανεδέξατο,
424 1066 480 1133 καὶ
503 1061 646 1152 μάλιστα
668 1061 727 1132 τῦν
750 1062 900 1134 θάνατον
924 1063 1028 1134 καὶ
996 1093 1055 1133 τον

46 1192 73 1231 10
87 1166 249 1254 σταυρὸν,
274 1161 376 1246 πᾶς’
361 1193 379 1234 ο
403 1169 461 1252 τῆς
484 1169 631 1253 Χριστοῦ
662 1169 878 1245 διδασκαλίας
902 1168 1055 1254 πολέμιος

88 1268 304 1349 ἐπονειδίζειν
322 1264 404 1353 ἡμῖν
423 1276 556 1334 εἴωθεν.

448 1486 590 1570 Ψαλμοῦ
609 1481 696 1571 ρλιί,

87 1606 217 1690 Χριστὸς
231 1607 368 1691 ὀνομαστὶ
390 1607 421 1664 ἐκ
443 1610 601 1692 σπέρματος
623 1605 759 1678 Δαβὶδ’
742 1607 945 1692 ανιστοίμενος,
968 1610 1077 1690 κε’ραςρ

87 1680 184 1748 Λαβίδ
201 1671 424 1766 ὀνομαζόμενος,
447 1675 514 1740 τοῦς
527 1671 686 1738 Ἰονδαιόνς
699 1673 828 1759 ἐχθρούς
844 1675 1053 1746 καταισχύνων,

48 1800 74 1840 15
317 1743 348 1799 τὸ
363 1741 491 1813 ἆχίασμα
505 1745 556 1798 τοῦ
567 1741 675 1812 πατρὸς
689 1739 828 1800 ανανεῶν.

160 1866 304 1961 “Ὡμοσε
329 1867 444 1959 κύριος
467 1898 512 1962 τῳ
502 1873 647 1956 Δαβὶδ
669 1866 849 1958 αληθειαν,
877 1869 988 1939 καὶ’
951 1899 991 1940 ον
1009 1869 1054 1959 μη

86 1969 244 2060 ύθετήσει
263 1970 384 2057 αὐτὸν,
404 1975 440 2041 ἐκ
458 1975 589 2062 καρποῦ
605 1975 664 2059 τῆς
682 1979 807 2051 κοιλίας
827 1994 888 2041 σου
906 1970 1053 2060 θήσομαι

88 2074 142 2140 ἐπὶ
166 2076 225 2141 τοῦ
251 2071 380 2162 θρόνον
404 2094 475 2141 σον.
518 2077 568 2151 24.
591 2070 660 2142 εἶθ’
687 2070 816 2159 ὑποβάς
840 2094 945 2162 φησιν
963 2068 1057 2143 “gnei

87 2175 270 2253 ἐξανατελιῦ
301 2175 399 2260 κέρας
430 2175 477 2262 τῷ
503 2175 635 2260 Δαβὶδ,
666 2168 829 2260 ἡτοίμασα
848 2172 983 2262 ,λύχνον
1009 2180 1054 2267 τῷ

48 2302 74 2343 20
87 2276 221 2364 Χριστῷ
238 2291 318 2360 μου·
346 2271 424 2350 τοὺς
443 2273 585 2360 ἐχθρούς
605 2271 709 2342 αῦτοῦ
729 2271 858 2344 ἐνδύσω
879 2275 1053 2363 αἰσχύνην,

87 2375 140 2442 ἐπὶ
162 2374 198 2442 δὲ
216 2370 321 2442 αῦτὸν
340 2371 519 2459 ἐξανθήσει
535 2370 572 2441 τδ
590 2371 737 2461 διχίασμύ
754 2371 853 2461 μον.”

175 2479 226 2544 25.
251 2469 439 2544 Κάνταῦθα
468 2476 543 2562 περὶ
573 2477 634 2544 τοῦ
657 2477 693 2542 ἐκ
724 2478 909 2562 σπέρματος
940 2478 1053 2562 Δαβὶδ
1069 2507 1083 2546 ιι

85 2573 228 2664 ὄμνυσιν
252 2574 270 2643 ὁ
295 2573 426 2662 κύριος,
452 2573 534 2664 ὅπερ
560 2579 689 2664 σπέρμα
707 2578 763 2644 καὶ
787 2579 884 2664 κέρας
903 2570 1053 2663 ὀνομάζει

86 2673 199 2746 αῦτοῦ.
234 2680 290 2746 καὶ
308 2675 409 2746 πάλιν
428 2672 587 2765 ὀνομαστὶ
602 2676 661 2746 νῦν
680 2675 824 2765 Χριστὸν
838 2673 1054 2765 ἀναχορεύων

47 2804 72 2843 τι
86 2775 209 2864 λύχνον
227 2780 331 2864 φησὶν
348 2774 562 2866 ἡτοιμακίναι
576 2773 678 2871 αύτῷ,
696 2776 755 2848 τδν
772 2776 990 2868 προφητικὸν,
1011 2774 1054 2860 ῦς

87 2875 185 2961 εἰκὸς,
204 2875 315 2964 λόγον,
333 2876 392 2946 τδν
409 2878 645 2966 προωδενκύτα
663 2881 723 2948 τοῦ
731 2884 889 2967 Χριστοῦ,
907 2876 943 2959 ὃς
953 2879 1054 2969 μόνος

85 2974 226 3064 ἡλιακοῦ
244 2974 353 3064 φωτῦς
373 2982 471 3064 δίκην
487 2996 556 3060 τοῖς
574 2983 655 3048 πᾶσι
673 2976 754 3048 καθ’
774 2977 851 3067 ὅλης
865 2984 922 3069 τῆς
941 2989 1054 3050 οίκον-

85 3082 187 3167 μένης
211 3075 405 3167 ἀνθρώποις
427 3072 658 3150 ἀνατέταλκεν.
700 3085 751 3150 26.
771 3083 825 3149 καὶ
852 3079 950 3163 αὐτὸς
975 3082 1011 3148 δὲ
1035 3079 1052 3147 ὁ

84 3182 200 3268 Δαβὶδ
224 3176 345 3267 λύχνος
368 3182 413 3272 τῷ
432 3187 565 3273 Χριστῷ
589 3187 849 3270 προητοίμαστο,
874 3180 918 3260 ὡς
946 3206 1053 3269 παρα-

84 3331 197 3338 —-......
218 3332 288 3338 ---

154 3414 186 3463 16
203 3413 248 3464 Ps.
264 3414 321 3475 131,
336 3413 376 3460 11.
