2326 3818
315 138 499 189 DEMONST.
518 137 651 190 EVANG.
665 137 712 187 IX.
728 138 822 186 11.12.
978 133 1038 197 601

430 407 508 480 Ἀπό
525 416 585 479 τοῦ
600 406 683 497 Ίόβ.
1053 437 1106 489 (με)

148 559 209 621 ΧΠ.
228 541 288 617 “‘0
305 549 413 633 λέγων
430 549 477 640 τῷ
493 540 589 639 ἡλίῳ,
608 547 663 616 καὶ
676 541 739 614 οὐκ
753 542 937 632 άνατέλλει,
957 547 1040 616 κατὰ
1066 559 1068 562 ’

71 650 107 719 δὲ
131 645 263 739 άστρων
292 654 569 737 κατασφραγίζει,
597 642 615 717 ό
638 643 783 727 τανύσας
809 644 867 716 τόν
893 644 1040 735 οὐρανόν

70 748 181 838 μόνος,
200 755 255 818 καί
269 752 461 839 περιπατῶν
476 751 529 819 ἐπὶ
544 747 718 836 θαλάσσης
732 743 776 831 ὦς
790 743 845 817 ἐπ’
863 745 1036 837 ε’δάφους.”

45 880 57 918 5
146 856 176 921 2.
197 855 263 923 Καὶ
286 857 391 921 ταῦτα
408 849 499 945 μόνῳ
523 854 570 944 τῷ
587 857 712 940 σωτῆρι
729 853 784 922 καὶ
808 857 914 942 κυρίῳ
932 844 1066 938 ἡμῶν,ο

71 947 114 1034 οἱς
133 947 176 1023 άν
198 956 284 1024 θεοῦ
306 952 394 1047 λόγῳ
413 959 606 1045 δημιουργῷ
629 957 696 1024 τεόν
720 950 809 1023 όλων
827 949 1038 1042 τυγχάνοντι,

69 1052 203 1144 ἁρμόζοι
221 1051 278 1124 άν·
310 1052 410 1143 μόνος
434 1058 518 1142 γοῦν
541 1058 609 1124 τοῖν
632 1052 766 1125 ποτ’ποτε
789 1052 872 1124 κατά
889 1051 966 1136 τούς
983 1058 1040 1142 της

71 1153 359 1244 ε’νανθρωπήσεως
380 1153 538 1246 χρόνους,
565 1160 660 1277 σῶμμ
690 1157 746 1225 καὶ
770 1161 879 1244 σχῆμα
903 1154 1041 1244 άνθροό-

70 1282 169 1326 πινον
176 1247 385 1382 άναλαβρδν,
406 1258 516 1325 §stri
476 1286 535 1346 της
553 1253 726 1346 θαλάσσης
744 1279 966 1377 μεριπατησαι
984 1261 1040 1327 λέ-

33 1387 57 1426 10
71 1386 163 1445 γεται
185 1353 254 1426 ’ὅτε
271 1356 349 1440 τούς
368 1360 490 1428 ἑαυτου
512 1356 665 1448 μαθητάς
689 1355 880 1486 ἠνάγκασεν
899 1362 1041 1484 ἐμβηναι

71 1466 118 1541 είς
136 1469 271 1545 πλοῖον,
290 1461 346 1529 καὶ
365 1456 525 1582 προάγειν
543 1458 648 1530 αὐτόν
663 1457 761 1541 είς
727 1489 764 1530 το
783 1465 900 1549 πέραν,
920 1462 981 1540 ἕως
1000 1487 1040 1528 ου

70 1557 168 1642 αὐτὸς
182 1556 334 1652 άπολάση
343 1559 421 1643 τούς
430 1557 556 1649 όχλους.
586 1563 641 1630 καί
651 1557 821 1643 απολυσας
829 1588 907 1642 τους
921 1557 1040 1649 ὄχλους

70 1658 174 1750 άνέβη
200 1669 248 1744 είς
271 1660 306 1732 τό
330 1658 408 1751 ὅρος
431 1691 492 1732 κατ
496 1658 618 1733 ’ἰδίαν
645 1660 905 1752 προσεύξασθαι.
941 1659 1040 1742 όηιιάς

72 1764 106 1832 δὲ
126 1766 306 1852 γενομένης
324 1762 425 1852 μόνος
443 1753 486 1852 ἦν
506 1766 586 1834 ἐκεῖ·
614 1762 650 1834 τὸ
670 1764 707 1834 δὲ
725 1772 844 1834 πλοῖον
862 1761 928 1852 ἤδη
947 1753 989 1851 ἦν
1004 1767 1040 1832 ἐν

33 1891 56 1931 15
70 1866 160 1957 μέσῳ
177 1868 236 1953 της
253 1863 435 1954 θαλάσσης.
464 1863 590 1947 ίδόντες
606 1866 642 1936 δὲ
655 1863 757 1936 αὐτόν
772 1868 826 1936 ἐπὶ
839 1868 897 1952 της
910 1863 1065 1934 θαλάσ-ι

70 1989 130 2055 σης
150 1965 401 2055 ἐταράχθησαν,
420 1970 571 2056 λέγοντες
589 1965 640 2038 ότι
658 1965 835 2057 φάντασμά
854 1969 961 2054 ἐστιν,
985 1968 1040 2035 καὶ

70 2063 134 2135 άπὸ
148 2073 208 2136 τοῦ
222 2066 333 2155 φόβου
347 2072 498 2156 ἔκραξαν.
507 2065 524 2091 ”
558 2065 686 2149 εὐθέως
703 2071 740 2140 δὲ
754 2066 915 2158 ἐλάλησεν
929 2064 1042 2150 αὐτοῖς

68 2168 176 2253 λέγων
190 2165 389 2255 “θαρσεῐτε,
410 2167 476 2256 ἐγώ
494 2176 577 2258 είμι,
596 2167 641 2258 μὴ
655 2167 855 2258 φοβεῖσθε.”
883 2177 912 2239 3.
933 2168 1041 2248 άλλως

72 2267 108 2336 δὲ
127 2263 188 2336 οὐκ
207 2264 249 2338 όν
267 2272 396 2356 γένοιτο
414 2266 598 2359 άξιοπρεπῆ
611 2278 793 2359 θεολογίαν
808 2275 932 2341 δοκοῦν
950 2297 1041 2360 περι·

33 2397 58 2437 το
74 2371 171 2459 ε’χειν,
192 2377 223 2440 εί
240 2371 293 2438 ἐπὶ
310 2373 372 2440 τοῦ
385 2366 543 2440 άνοττάτω
557 2375 643 2440 θεοῦ
657 2373 713 2440 καὶ
727 2368 849 2461 πατρός
863 2376 931 2441 τῶν
949 2369 1041 2439 ὅλων

72 2470 273 2559 ἐκλαμβάνοι
290 2500 340 2552 τις
357 2469 395 2542 τό
413 2469 535 2560 λόγιον.
572 2477 601 2542 4.
621 2478 657 2541 τί
676 2470 739 2562 γάρ
758 2479 824 2560 ἔχει
843 2469 967 2560 σεμνόν
985 2473 1040 2540 καὶ

70 2568 243 2662 ἀξιόλογον
270 2576 323 2643 ἐπὶ
346 2577 406 2644 του
429 2576 515 2644 θεού
536 2578 605 2644 τῶν
621 2571 711 2643 όλτον
735 2589 930 2662 περιπατεῖν
948 2575 1042 2660 λίγε-

71 2686 153 2744 σθαι
172 2679 228 2746 ἐπὶ
244 2678 302 2763 της
320 2673 512 2764 θαλάσσης;
531 2679 601 2757 πῶς
616 2677 652 2746 δὲ
667 2677 723 2746 καὶ
736 2683 877 2765 νοηθείη
891 2669 933 2744 άν
947 2682 1043 2765 περί-

70 2801 171 2857 πατος
196 2779 250 2846 ἐπὶ
273 2784 330 2866 τῆς
355 2775 529 2865 θαλάσσης
553 2782 614 2848 τοῦ
631 2775 671 2848 τά
695 2776 803 2848 πάντα
821 2780 1071 2868 περιέχοντος,ο

30 2902 55 2942 τι
71 2880 126 2945 καὶ
147 2874 206 2947 τόν
224 2874 370 2968 οὐρανὸν
388 2880 443 2948 καὶ
460 2877 522 2966 τὴν
539 2883 605 2966 γῆν
621 2887 829 2967 πληροῦντος
847 2883 903 2949 καὶ
921 2909 1040 2968 μονον·
1056 2901 1108 2955 [2⁷8]

45 2984 48 2989 ’
70 2982 145 3067 ουχὶ
169 2980 323 3067 λέγοντος
342 2974 381 3050 “ὁ
399 2977 542 3068 οὐρανός
566 3009 621 3068 μοι
638 2978 779 3069 θρόνος,
805 2975 825 3069 ἡ
846 2982 883 3050 δὲ
900 2986 943 3069 γῆ
961 2976 1041 3051 ὑπο-

71 3078 191 3150 πόδιον
208 3083 276 3150 τοὶν
303 3085 418 3152 ποδοῖν
435 3077 542 3169 μου;”
569 3083 625 3150 παὶ
639 3078 722 3151 “τὸν
739 3079 887 3171 οὐρανόν
905 3084 960 3150 καί
979 3079 1040 3168 την

70 3186 136 3268 γῆν
162 3179 227 3268 ἑγοδ
252 3185 384 3273 πληροῖ,
408 3185 496 3270 λέγει
515 3178 668 3271 κόριος;”
697 3177 714 3251 ό
740 3185 780 3252 δέ
800 3211 837 3271 γε
856 3179 966 3270 σωτὴρ
985 3185 1040 3250 καὶ

139 3383 154 3429 2
173 3381 237 3434 Job.
251 3383 274 3439 9,
288 3383 312 3430 7.
454 3383 485 3430 10
502 3380 603 3433 Matth.
618 3382 656 3442 14,
670 3382 711 3429 22.
851 3381 883 3430 ⁶26
901 3381 947 3434 Ps.
961 3382 1002 3444 66,
1018 3384 1040 3432 1.

71 3449 103 3498 27
122 3447 179 3499 Jer.
193 3447 234 3510 23,
246 3450 288 3498 24.
