2326 3818
138 113 200 176 608
540 113 689 165 Ευειιιιιι

138 255 282 344 φανεροὶ
299 258 429 323 ἔσονται
451 258 487 322 οί
507 253 763 343 σφραγιζόμενοι
782 254 840 324 τόν
862 253 966 342 νόμον
984 261 1045 324 τοῦ
1065 257 1112 345 μὴ

70 386 125 435 μοι)
140 367 272 444 μαθεῖν.
310 357 365 424 καλ
384 358 468 441 ἐρεῖ,
491 356 581 442 μενῶ
600 353 658 425 τόν
675 355 758 426 θεὸν
775 353 833 425 τόν
851 351 1111 443 ἀποστρέψαντα

138 456 175 527 τὸ
193 453 372 546 πρόσωπον
386 454 490 525 αὑτοῦ
509 453 574 525 άπό
588 461 648 526 τοῦ
661 467 757 527 οίκου
770 455 899 543 Ἰακώβ,
919 459 974 525 καὶ
994 485 1111 529 πεποι-

138 556 209 640 θως
228 565 344 647 ἔσομαι
363 555 415 627 ἐπ’
437 552 551 650 αύτῷ”
571 561 778 647 σαφέστερον
803 557 820 628 ὁ
839 557 1023 647 Σύμμαχος
1042 563 1109 643 ἐξέ-

139 667 247 731 δωκεν
265 658 371 729 είπύν
383 655 512 746 “δησον
529 657 723 749 μαρτύριον,
741 657 930 750 σφράγισον
948 658 1054 748 νόμον
1072 665 1134 732 ἐνι

137 777 205 842 τοῖς
229 759 433 849 διατάγμασί
451 788 526 849 μου.
575 762 629 830 καὶ
655 760 876 849 προσδοκήσω
906 759 966 831 τόν
989 759 1109 850 κύριον

136 860 195 932 τόν
213 860 381 950 κρύβοντα
399 858 436 930 τό
453 859 634 948 πρόσωπον
652 858 757 933 αύτού
773 858 838 933 άπό
856 868 914 940 τού
934 874 1030 933 οῖκον
1044 862 1107 934 Ἰα-

138 962 221 1051 κοδβ,
240 958 461 1051 καὶάναμενώ
474 959 610 1033 αύτόν.”
634 971 663 1034 ι’).
678 967 735 1034 καὶ
753 958 923 1044 δ’Λκύλας
938 965 975 1034 δὲ
988 968 1108 1036 τοῦτον

140 1066 196 1132 κοιλ
219 1062 318 1145 αὐτὸς
343 1066 482 1146 ἐξέδωκε
503 1061 562 1134 τόν
585 1062 709 1153 τρόπον
721 1060 889 1154 “ἔνδησον
911 1063 1107 1154 μαρτύριον,

139 1162 327 1286 σρράγισον
345 1164 448 1254 νόμον
467 1169 503 1235 ἐν
522 1171 690 1250 διδακτοῖς
703 1195 776 1256 μον.
813 1170 869 1237 καὶ
885 1169 1106 1292 προσδίξομαι
1120 1199 1145 1238 ιο

138 1264 197 1336 τόν
219 1264 303 1337 θεόν
325 1265 384 1338 τὸν
402 1262 637 1355 άποκρύβοντα
659 1266 696 1337 τό
714 1265 895 1356 πρόσωπον
919 1267 1024 1339 αὑτοῦ
1041 1266 1106 1339 άπὸ

112 1372 197 1473 ιτού
220 1379 315 1439 οίκον
336 1365 471 1456 Ἰακὼβ,
496 1367 593 1438 καλ“
575 1376 732 1458 υπομενῶ
757 1366 892 1439 αύτόν.”
943 1374 1047 1440 ταῦτα
1072 1368 1104 1440 δ’

138 1460 201 1540 οὖν
218 1476 254 1540 ολ
268 1474 327 1540 τοὺ
344 1468 598 1559 σωτηροςημων
611 1469 787 1541 ἀπόστολοι
803 1470 1018 1542 διδάσκονται
1035 1499 1106 1541 ποι-

139 1586 198 1641 εῖν.
242 1568 292 1653 οἷς
317 1575 390 1659 ἕξης
416 1571 581 1660 ἐπιλέγει
582 1570 673 1644 ίδού
697 1570 761 1661 ἐγω
784 1573 902 1642 καὶτὰ
925 1573 1107 1660 παιδία,ἅ

137 1701 192 1760 μοι
211 1671 368 1743 ἔδωκεν
354 1702 371 1743 ο
390 1670 478 1754 θεός.
520 1677 576 1743 καὶ
594 1681 736 1745 ἕσταιί
704 1702 720 1744 ε
736 1705 751 1756 ς
769 1689 869 1763 σημεῖ
870 1704 890 1742 α
856 1676 1024 1744 ῖ’καλ
986 1702 1105 1762 τερατα
1121 1705 1144 1745 1⁵

71 1800 123 1853 [ωε]
140 1776 176 1842 ἐν
198 1777 245 1866 τῷ
258 1771 389 1895 Ἰσραηλ
414 1773 504 1862 παρά
528 1783 649 1864 κυρίου
665 1773 861 1867 Σαβαωθ“
843 1804 879 1856 ος
906 1791 1053 1845 κατοικεῖ
1070 1780 1107 1844 ἐν

137 1879 183 1967 τῷ
201 1871 271 1994 όρει
290 1872 418 1946 Σιων”
458 1873 487 1944 6.
507 1875 704 1965 κατοικήσας
724 1875 793 1946 δε
778 1875 923 1965 οκύριος
937 1876 1105 2003 Σαβαὼθ,

137 1974 233 2045 ὁτού
251 1981 336 2046 θεού
354 1974 497 2063 λόγος,ἐ
497 2007 518 2046 ν
536 2005 561 2069 ῳ
550 1967 758 2065 ἀνείληφεν
775 1975 958 2069 άνθροόπῳ,
977 1976 1106 2058 καὶτὰς
1156 2050 1161 2059 ,

140 2075 311 2162 διατριβάς
334 2079 553 2165 πεποιημένος
578 2083 615 2148 ἐν
637 2085 683 2172 τῷ
701 2076 772 2168 όρει
789 2079 900 2166 Σιών,
924 2077 1046 2166 σημεῖά
1070 2107 1106 2147 τε

137 2179 193 2245 καὶ
210 2178 330 2264 τέρατα
349 2177 622 2269 διαπραξάμενος,
640 2179 723 2270 ὁμοῦ
737 2197 804 2262 τοῖς
823 2179 926 2250 αὑτοῦ
938 2192 1106 2268 μαθηταῖς
1121 2212 1146 2251 ιο

137 2281 193 2348 καὶ
217 2283 298 2350 πάσι
320 2297 389 2362 τοῖς
414 2288 461 2362 είς
487 2279 590 2353 αύτόν
608 2280 864 2352 πεπιστευκόσιν
888 2285 920 2363 ἐξ
947 2276 1107 2351 ἁπάντων

110 2384 204 2452 ετων
221 2385 302 2473 πρὶν
327 2388 578 2471 είδωλολατρῶν
604 2382 866 2470 παρακελεύεται
883 2385 997 2470 μηκέτι
1017 2389 1106 2452 δεδι·

139 2485 210 2553 ε’ναι
229 2482 311 2553 κατά
328 2488 456 2574 μηδένα
481 2483 605 2571 τρόπον
623 2483 684 2572 την
709 2491 939 2572 δεισιδαίμονα
958 2482 1104 2572 πλάνηνΙ
1151 2473 1160 2491 x

137 2581 209 2652 ἀλλ’
233 2593 265 2654 εί
282 2589 337 2654 καὶ
355 2584 620 2673 παρασαλεύοιεν
638 2584 759 2667 αὐτούς
777 2583 797 2673 ἢ
815 2588 869 2655 καὶ
888 2581 1107 2673 άναγκάζοιεν

137 2691 172 2754 οί
183 2689 216 2768 ἐξ
231 2690 343 2756 ἐθνῶν
358 2686 595 2776 εἰδωλολάτραι
606 2696 714 2774 ζητεῖν
725 2687 803 2766 τούς
818 2686 1107 2774 ἐγγαστριμύθους
1120 2717 1145 2756 κε

137 2788 192 2853 καλ
210 2785 250 2853 τά
266 2793 334 2856 τῶν
352 2786 522 2877 δαιμόνων
539 2806 678 2878 μαντεῖα
696 2784 740 2870 ὡς
763 2787 938 2877 θαυμάσια
956 2789 1011 2857 καὶ
1030 2785 1104 2857 κατ’

137 2881 239 2955 ούδὲν
256 2893 413 2959 λείποντα
429 2895 487 2978 τῆς
505 2894 573 2960 των
590 2898 696 2961 θείων
714 2893 769 2960 καὶ
783 2895 955 2979 θεοφιλῶν
969 2885 1107 2977 ἀνδρων

136 2995 342 3078 προφητικῆς
364 2998 508 3083 διαίτης,
539 2991 660 3073 αὐτούς
686 2998 759 3062 δεῖν
782 2988 1024 3079 ἀποκρίνεσθαι
1048 2993 1105 3060 καὶ

136 3092 248 3177 λέγειν
267 3090 417 3168 διδάσκει
431 3089 489 3164 “τί
505 3097 673 3183 ἑκζητούσι
692 3097 766 3184 περὶ
790 3097 859 3163 των
877 3091 1009 3177 ζεόντων
1027 3092 1106 3172 τοὺς

135 3190 293 3281 νεκρούς;
327 3192 430 3285 νόμον
453 3195 517 3285 γάρ
547 3204 594 3278 είς
618 3194 782 3284 βοήθειαν
811 3190 959 3265 δέδωκε”
986 3197 1042 3262 καὶ
1066 3193 1105 3262 τά
1119 3225 1144 3262 ιο

112 3314 114 3324 ·
136 3292 263 3372 τούτοις
281 3293 460 3369 ιἰκόλονθα,
488 3297 601 3378 Ἰτούς
618 3297 682 3386 γάρ
701 3295 786 3380 ἅπαξ
804 3296 908 3386 νόμον
927 3291 1104 3384 εἰληφότας

135 3395 191 3461 καὶ
210 3404 393 3483 σωτηρίους
412 3395 546 3480 ἐντολάς
561 3402 614 3469 ἐπὶ
632 3408 775 3491 βοηθείᾳ
789 3401 844 3468 καὶ
859 3404 1024 3488 θεραπείᾳ
1041 3399 1104 3465 τού
