2326 3818
325 160 662 214 DEMONST.=EVANG.
682 162 758 213 VIII.
778 163 803 212 2.
989 159 1051 223 523

80 302 214 390 ἀληθές.
251 305 302 372 39.
322 303 414 392 μέχρι
443 299 507 389 γάρ
525 303 593 370 των
610 303 670 369 τοῦ
695 302 843 388 σωτῆρος
860 297 957 389 ἡμων
974 299 1052 390 χρό-

79 431 150 474 νων
168 410 204 473 or?
224 401 393 474 ἀνέκαθεν
416 400 500 472 αατδ
526 399 688 491 διαδοχὴν
705 399 870 489 ἀρχιερεῖς
894 399 977 490 ὁμοῦ
996 405 1052 471 καὶ

79 511 139 576 τοῦ
158 504 280 586 παντὸς
298 500 442 593 ἡγοῦντο
461 509 558 591 λαοῦ,
576 506 632 573 καὶ
650 500 756 591 τάτῆς
771 509 830 572 τοῦ
844 508 928 573 θεοῦ
946 516 1048 593 θερα-
1062 531 1118 582 (388)

80 614 176 687 πείας
206 604 403 687 ἀκολούθως
428 608 470 696 τη
494 603 585 694 παρὰ
609 598 732 676 Μωσεῑ
760 610 1051 696 νενομοθετημένη

50 737 66 778 ε
80 716 214 799 λατρεία
230 713 374 799 διαρκοῦς
385 709 578 778 ἐπετέλουν·
606 702 671 776 ἀπὸ
692 706 727 775 δέ
744 709 813 775 τῶν
826 710 886 774 τοῦ
905 710 1051 792 σωτῆρος

78 805 175 900 ἡμων
192 807 326 899 χρόνων
343 813 477 899 πρῶτον
495 809 558 898 μὲν
575 806 749 897 συνεχύθη
767 810 822 876 καὶ
837 806 857 892 ἡ
876 805 958 877 αατά
976 806 1051 876 τού-

79 941 158 992 τους
175 910 284 999 τάξις,
302 910 422 1002 μικρὸν
442 910 480 980 δὲ
496 906 639 998 ὕστερον
657 911 712 979 καὶ
727 916 897 990 παντελῶς
910 905 1049 997 ἀπέσβη.

79 1019 130 1083 40.
150 1009 224 1083 ἀλλ’
247 1020 351 1102 ἔγωγε
368 1016 426 1100 τῆς
443 1019 540 1093 θείας
557 1014 688 1101 γραφῆς
702 1009 854 1101 οὐδαμοῦ
869 1009 978 1101 εῦροδν
994 1008 1052 1082 τόν

16 1205 18 1211 χ
81 1113 170 1204 παρά
185 1111 357 1194 Ἰουδαίοις
383 1110 537 1203 ἀρχιερέα
554 1111 651 1200 ἅγιον
669 1108 776 1201 ἀγίων
803 1109 1051 1202 ὠνομασμένον,

39 1245 68 1284 1ο
81 1214 225 1305 ἡγοῦμαι
253 1221 289 1285 ἐν
315 1213 444 1296 τούτοις
470 1213 575 1303 μόνον
602 1210 704 1284 αύτὸν
728 1213 787 1283 τὸν
810 1209 975 1304 μονογενῆ
993 1220 1052 1284 τοῦ

79 1324 164 1387 θεοῦ
182 1316 282 1405 λόγον
301 1322 493 1405 δηλοῦσθαί
506 1345 542 1417 τε
559 1322 684 1405 κυρίως
702 1317 758 1387 καὶ
776 1313 911 1404 ἀληθοῦς
929 1314 1051 1403 ταύτης

41 1411 44 1418 ’
79 1415 172 1500 ἀξιον
198 1423 257 1506 τῆς
287 1420 486 1507 ἐπωνυμίας.
529 1433 599 1498 τοῖς
623 1417 685 1506 μὲν
709 1416 773 1506 γάρ
799 1420 830 1499 ἐξ
858 1415 1052 1507 ἀνθρώπων

79 1516 304 1610 προαεκοφύσι
330 1521 386 1588 καὶ
418 1527 466 1600 είς
488 1516 525 1589 τό
557 1516 693 1607 ἐφικτόν
717 1516 835 1608 ἀρετῆς
858 1517 1080 1608 χωρήσασινι

79 1618 250 1708 ἀγαπητὸν
268 1618 376 1708 ἀγίοις
394 1620 473 1690 ποτὲ
490 1627 707 1709 χρηματίσαι,
731 1619 813 1708 μετά
835 1618 978 1710 μετοχὴν
996 1622 1052 1689 καὶ

38 1747 67 1787 15
80 1730 262 1811 μετουσίαν
278 1725 341 1792 τοῦ
357 1717 646 1811 φησαντος“ἀγιοι
660 1730 792 1811 ἔσεσθε,
811 1719 861 1790 ὅτι
875 1719 967 1810 ἀγιος
987 1721 1051 1808 ἐγώ

80 1820 233 1911 αύριος·”
274 1829 325 1892 41.
345 1819 452 1913 ἀγίων
476 1825 513 1894 δὲ
536 1821 629 1912 ἀγιος
652 1832 702 1906 τίς
720 1819 763 1893 ἀν
787 1830 911 1913 κυρίως
936 1827 973 1893 ἐν
990 1820 1052 1892 ἀν-

80 1925 230 2015 θρώποις
243 1921 450 2016 ύνομασδείη
468 1921 489 2015 ἢ
503 1924 602 2016 μόνος
615 1921 633 1994 δ
654 1923 865 2014 ἠγαπημένος
879 1929 938 1995 τοῦ
952 1923 1051 2011 ἁγίου

80 2047 174 2117 παῖς,
201 2025 312 2115 ὥσπερ
338 2027 498 2115 βασιλεὺς
523 2029 690 2115 βασιλέων
708 2030 764 2097 καὶ
781 2032 909 2118 κυρίων
926 2025 1051 2117 κύριος,

79 2126 167 2197 οὕτω
192 2133 247 2198 καὶ
272 2124 378 2216 ἀγίων
409 2125 502 2216 ἀγιος
525 2126 810 2218 ἀνηγορευμένος,
842 2128 935 2222 μόνῳ
965 2133 1052 2217 γοῦν

38 2255 67 2295 20
82 2226 189 2320 αὐτῷ,
214 2227 273 2298 ἀτε
291 2228 519 2318 διαφερόντως
537 2227 627 2317 παρά
650 2229 728 2310 τούς
747 2228 881 2299 πώποτε
899 2234 1052 2311 Μωσέως

81 2335 182 2422 ἐλαίῳ
212 2328 332 2418 γεώδει
361 2333 417 2398 καί
448 2335 622 2422 σκευαστῷ
654 2335 906 2419 κεχρισμένους,
940 2341 1050 2416 είρητο

75 2426 272 2520 “ἡγάπησας
302 2429 523 2519 δικαιοσύνην
547 2432 602 2500 καὶ
628 2434 785 2519 ἐμισησας
808 2429 967 2519 ἀνομίαν,
994 2429 1050 2499 διά

78 2537 175 2604 τοῦτο
199 2535 311 2623 έχρισέ
333 2554 371 2603 σε
397 2531 414 2602 δ
438 2530 518 2613 θεός
536 2527 554 2602 δ
572 2529 653 2613 θεός
680 2555 742 2602 σου
761 2539 873 2603 έλαιον
891 2528 1080 2620 ἀγαλλιά-ι

80 2659 164 2717 σεως
187 2634 278 2727 παρά
301 2635 379 2717 τούς
396 2632 555 2725 μετόχους
579 2631 674 2704 σου.”
717 2639 768 2702 42,
790 2623 816 2726 ᾦ
839 2635 991 2723 χρισθελς
1018 2637 1050 2716 ἐξ

38 2762 67 2803 τι
80 2743 170 2807 ίδίου
188 2735 369 2826 προσώπου
387 2740 444 2807 καὶ
461 2734 561 2819 αύτύς
579 2758 684 2825 φησιν
709 2739 746 2805 έν
758 2729 877 2827 Ἡσαΐᾳ
897 2730 1051 2822 ’πνεῦμα

78 2844 199 2925 κυρίου
218 2836 271 2906 ἐπ’
295 2839 366 2927 ἐμὲ,
386 2827 427 2907 οῦ
447 2844 574 2909 εἵνεκεν
588 2840 700 2926 έχρισέ
714 2833 789 2927 με.”
819 2839 890 2906 ἐπεὶ
906 2827 1051 2907 οὖνδια-

78 2939 215 3026 φέροντι
228 2941 284 3007 καὶ
298 2943 524 3031 πνευματικῷ,
536 2941 663 3028 μᾶλλον
678 2938 715 3006 δὲ
728 2937 886 3026 θεότητος
897 2946 1051 3028 χρίσματι

79 3037 179 3128 μόνος
197 3039 286 3129 παρὰ
303 3040 380 3119 τοὺς
394 3037 559 3110 πύποτεὸ
577 3037 734 3128 ἡμέτερος
748 3040 858 3128 σωτὴρ
873 3052 1050 3128 κεχρῐσθαι

79 3139 345 3233 μεμαρτύρηται,
363 3138 498 3222 είκύτως
516 3137 608 3229 ἅγιος
626 3139 745 3239 ἀγίων,
765 3135 809 3222 οῦς
822 3137 865 3210 ἀν
880 3169 931 3219 τις
950 3151 1048 3227 είποι,

42 3268 67 3309 ω
79 3237 253 3334 ἀρχιερεύς
268 3242 450 3333 ἀρχιερέων
465 3238 655 3332 ὠνόμασται
665 3244 721 3311 καὶ
736 3237 935 3329 ἡγιασμένος
952 3238 1051 3328 ἡγια-

149 3480 180 3527 15
198 3478 291 3530 Levit.
307 3479 346 3540 19,
361 3479 385 3526 2.
489 3478 521 3526 22
541 3475 612 3526 Heb.
627 3477 650 3538 l,
664 3476 688 3526 9.
793 3475 827 3524 25
846 3474 892 3523 Es.
906 3475 946 3534 61,
963 3476 985 3521 1.
