2326 3818
139 124 181 188 50
549 124 698 176 τοοοου

140 268 196 335 καὶ
213 266 288 354 μέλι
312 261 367 334 οἷα
381 270 514 353 νηπίοις
529 264 762 352 ἐπηγγέλλετο·
792 259 856 351 ἐγω
877 264 913 333 δέ
931 270 1116 352 βασιλείαν

140 363 296 456 οὐρανῶν
312 384 382 448 τοῖς
400 372 482 449 οἵοις
499 394 535 437 τε
552 382 674 455 χωρεῖν
692 368 852 453 προξενῶ.

219 474 266 538 74.
291 472 401 539 Ταῦτα
419 471 475 538 καὶ
491 465 532 538 τά
549 473 685 538 τοιαῦτα
702 465 789 555 ὁτῆς
808 473 924 554 καινῆς
943 465 1114 558 διαθήκης

141 568 236 659 λόγος
256 568 311 640 διά
328 574 386 659 τῆς
404 573 552 659 Χριστού
570 576 788 649 διδασκαλίας
813 572 895 639 πάσι
912 565 1114 657 κατήγγειλε

138 690 206 755 τοῖς
225 680 370 744 ἔθνεσιν.
419 675 596 742 καὶταῦτα
614 660 696 758 ῆνά
718 687 787 750 τοῖς
812 666 917 740 αὐτοῦ
939 682 1140 759 μαθηταῑςε

109 769 155 845 ιδ
174 773 316 865 Χριστὸς
334 777 395 844 τοῦ
412 776 498 844 θεοῦ
522 776 626 842 πᾶσιν
643 788 711 853 τοῖς
735 778 852 842 ἔθνεσι
871 775 1113 860 καταγγέλλειν

137 874 302 966 παρῄνει,
325 873 433 964 φήσας
455 869 702 964 ’πορευθέντες
733 872 968 963 μαθητεύσατε
998 872 1113 947 πάντα

137 978 177 1048 τδι
197 985 300 1065 έθνη,
320 975 534 1059 διδάσκοντες
552 973 673 1056 αὐτοὺς
690 993 806 1065 τηρεῑν
830 973 939 1045 πάντα
956 973 1020 1045 ὅσα
1039 979 1112 1047 ένε·

136 1077 296 1168 τειλάμην
313 1072 426 1167 δμίν.”
469 1083 517 1148 75.
538 1073 560 1146 δι’
577 1079 633 1147 καὶ
647 1081 750 1147 πάσιν
767 1073 961 1163 ἀνθρώποις
970 1074 1117 1167 Ἕλλησί

137 1208 173 1250 τε
197 1184 252 1250 καὶ
276 1179 459 1270 βαρβάροις
489 1178 671 1268 φυλάττειν
701 1176 909 1269 παραδιδούς
934 1182 1053 1264 σοφοῖς
1076 1188 1117 1251 τί
1125 1208 1152 1250 ιο

138 1284 220 1352 ποτέ
237 1287 326 1353 ἐστιν
344 1281 361 1352 ὃ
380 1279 639 1371 Χριστιανισμός
658 1283 829 1370 ἐξέφηνεν,
847 1288 937 1362 τίνες
953 1275 992 1350 θ’
1012 1278 1112 1368 ἡμεῖς

136 1387 193 1455 καὶ
216 1380 330 1467 ὁποῖος
353 1379 457 1455 ὁτῶν
474 1387 614 1454 τοιωνδε
632 1380 741 1472 λόγων
764 1409 800 1452 τε
824 1385 880 1452 καὶ
898 1381 1112 1471 μαθημάτων

137 1485 354 1574 διδάσκαλος,
379 1483 478 1568 αὐτὸς
496 1484 514 1555 ὁ
533 1485 643 1572 σωτῆρ
662 1486 718 1554 καὶ
736 1483 851 1572 κάρτος
869 1482 965 1573 ῆμῶν
980 1480 1113 1572 Ἰησοῦς

136 1583 155 1658 δ
172 1587 315 1677 Χριστὸς
332 1592 392 1657 τοῦ
410 1592 508 1675 θεοῦ,
527 1581 544 1656 ὃ
563 1586 625 1673 τῆν
643 1583 763 1673 καινήν
781 1584 907 1674 ταύτην
925 1587 981 1654 καὶ
998 1585 1113 1657 πανά-

138 1715 234 1776 ρετον
245 1694 416 1758 πολιτείαν
430 1684 513 1757 καθ’
532 1686 612 1756 ὅλου
630 1690 690 1756 τοι]
706 1685 832 1775 κόσμου
842 1685 1111 1779 συστησάμενος,
1125 1714 1151 1759 ιε

138 1785 222 1859 ὥστε
252 1796 388 1860 τοιαῦτα
418 1785 609 1878 μανθάνειν
632 1789 687 1857 καὶ
710 1797 911 1877 φιλοσοφεῖν
933 1787 978 1878 μῆ
1002 1787 1114 1878 μόνον

98 1945 100 1949 ,
136 1889 281 1982 ἄνδρας,
301 1887 384 1961 άλλά
404 1893 459 1960 καὶ
477 1907 657 1979 γυναῖκας,
676 1898 857 1972 πλουσίους
875 1892 984 1960 τεκαὶ
1003 1893 1114 1983 πένη-

135 2021 194 2074 τας
218 1994 274 2065 nal
295 1991 438 2073 δοάλους
461 1989 528 2081 ἅμα
553 1990 738 2074 δεσπόταις.
784 1999 833 2062 76.
853 1995 908 2062 καὶ
927 1990 994 2082 μῆν
1010 1988 1029 2062 ὁ
1048 1999 1113 2085 τῆς

136 2099 254 2182 καινῆς
271 2092 392 2182 ταύτης
410 2102 612 2183 νομοθεσίας
627 2093 828 2183 είσαγωγεύς
841 2094 882 2163 τά
896 2092 1005 2164 πάντα
1022 2095 1114 2168 κατά

135 2194 194 2265 τὸν
212 2198 363 2277 Μωσέως
387 2194 492 2285 νόμον
519 2199 667 2285 εἰσῆκται
689 2198 983 2286 πεπολιτευμένος·
1012 2192 1150 2272 δκαὶει

136 2294 218 2368 αὐτὸ
236 2297 422 2387 θαυμάζειν
444 2296 557 2387 άξιον,
583 2294 634 2368 ὅτι
658 2298 700 2386 δῆ
718 2303 797 2380 νέας
820 2305 986 2378 πολιτείας
1004 2328 1113 2388 νομο-

81 2425 121 2478 [ιε]
136 2402 238 2490 θέτης
254 2402 386 2491 μέλλων
409 2399 694 2490 καταστήσεσθαι,
721 2405 780 2488 τῆς
804 2398 886 2470 κατά
909 2399 945 2470 τὸ
964 2397 1111 2490 εὐαγγέ·

134 2513 208 2575 λιον
227 2499 332 2574 αὐτοῦ
351 2508 467 2592 καινῆς
478 2502 654 2591 διαθήκης,
672 2500 733 2591 οὐχ
749 2500 792 2582 ὡς
812 2499 916 2590 ἐχθρά
934 2503 989 2570 καλ
1009 2505 1109 2575 ἐναυ-

132 2612 187 2674 τία
216 2605 256 2674 τά
280 2608 431 2685 Μωσέως
462 2602 690 2694 παρητῆσατο·
729 2596 749 2690 ῆ
780 2601 843 2689 γάρ
868 2597 910 2672 άν
940 2607 1109 2697 ἐνομίσθη

133 2703 174 2775 τά
192 2709 331 2793 πολέμια
346 2715 469 2774 Μωσεί
484 2702 735 2793 διατάττεσθαι,
754 2702 842 2774 οὕτω
856 2700 947 2776 τεάν
965 2706 1020 2774 καί
1039 2734 1105 2778 ποι-
1120 2733 1148 2777 s

83 2811 253 2896 ιιειρέσχεν
283 2811 340 2894 τῆς
370 2806 452 2876 κατά
475 2808 628 2887 Μωσέως
651 2810 799 2876 καὶτῶν
827 2811 1010 2896 προφητῶν
1034 2826 1107 2893 τοις

132 2904 248 2990 άθέοις
276 2907 486 2997 αίρεσιάταις
517 2916 673 2997 πλείστης
703 2916 894 2998 δυσφημίας
922 2903 1106 3001 ὑπόθεσιν,

132 3027 201 3093 τοῖς
215 3039 251 3081 τε
265 3014 301 3080 ἐκ
315 3014 491 3100 περιτομῆς
505 3006 645 3099 εὔλογον
657 3014 715 3099 τῆς
729 3006 801 3080 κατ’
818 3007 923 3081 αὐτοῦ
935 3017 1106 3101 συσκευῆς

132 3122 261 3203 αἰτίαν,
280 3121 315 3183 οἳ
330 3110 373 3201 δῆ
392 3106 435 3193 ιδς
453 3111 629 3204 παραβάτη
649 3115 704 3183 καὶ
728 3110 898 3208 άποστάτη
916 3117 976 3181 τοῦ
994 3110 1105 3201 νόμου

132 3216 194 3304 τῆν
212 3215 295 3306 πρὸς
312 3214 463 3286 θάνατον
485 3214 668 3304 ἐπιβουλήν
684 3211 775 3308 αὐτῷ
799 3212 1101 3288 συνεσκευάσαντο.
1116 3242 1144 3287 ω

239 3367 335 3374 ..—-—-

201 3450 216 3498 τ
234 3447 444 3513 Matth.28‚19.
