2326 3818
352 123 537 177 οααοαου.
555 124 689 176 υνλαο.
709 124 759 177 111.
779 128 803 176 3.
999 122 1057 186 161

86 269 170 353 νῶν,
189 270 225 335 οἵ
238 291 288 354 γε,
308 260 354 345 ῶς
373 260 472 351 είκὸς,
492 267 525 347 ἐξ
543 261 639 353 ἡμῶν
657 262 886 354 ῶφελημένοι,
912 266 983 335 ἐπεὶ
1002 267 1055 334 καὶ

89 364 169 457 μεθ’
191 363 275 456 ἡμᾶς
293 364 452 455 γεγόνασι
469 382 538 448 τοῖς
555 363 703 456 χρόνοις,
730 369 817 454 λέγω
837 367 874 436 δὲ
897 365 978 454 μετὰ
997 366 1059 454 τὴν

90 469 369 560 προβεβλημένην
391 462 473 556 ἡμῖν
495 465 562 538 ῦπό
586 472 646 538 τοῦ
676 473 822 557 σωτῆρος
845 463 940 556 ἡμῶν
966 474 1059 538 διδα-

89 578 245 658 σκαλίαν,
264 565 319 640 οἷα
339 565 380 657 δὴ
400 567 575 659 ἐγγράφως
594 566 799 659 ὡμολόγουν,
819 565 928 640 ῶκονε.

61 767 75 808 ε
168 735 249 809 Ἀπό
267 740 336 808 τῶν
353 744 556 829 Πορφυρίου
575 741 652 830 περὶ
670 735 828 829 ἐμψύχων
845 733 979 828 ἀποχῆς.

170 880 216 945 10.
232 868 331 968 “Θεῶ
355 874 417 963 μὲν
438 873 474 944 τὸ
496 876 550 944 ἐπὶ
575 877 694 963 πᾶσιν,
714 871 758 957 ῶς
781 902 830 955 τις
851 872 936 962 ἀνὴρ
957 873 1059 961 σοφὸς
1073 900 1128 950 (ιιι)

88 984 167 1067 ἔφη,
185 976 291 1066 μηθὲν
308 978 377 1047 τῶν
391 982 564 1065 αἰσθητῶν
581 975 663 1066 μήτε
681 980 871 1101 θυμιῶντες
883 972 960 1097 μήτ’
982 979 1058 1046 ε’πο-

88 1075 302 1200 νομαζοντες
329 1074 503 1167 (οὐδὲν
464 1106 529 1167 γαρ
553 1086 692 1166 ἕνυλον,
717 1107 735 1147 ο
753 1107 798 1167 μη
815 1108 862 1172 τω
850 1075 975 1148 αἰῦλω
1003 1075 1061 1147 εῦ-

88 1177 155 1261 θῦς
174 1182 265 1251 ἐστιν
281 1175 490 1269 ἀκάθαρτον·
520 1178 572 1249 διὸ
594 1178 676 1250 οῦδε
699 1177 796 1268 λόγος
820 1179 912 1273 αὐτῷ
935 1175 954 1249 ό
978 1176 1060 1250 κατα

50 1304 77 1345 1⁰
90 1309 211 1370 φωνην
228 1287 369 1369 οἰκεῖος,
397 1278 472 1352 οὐδ’
494 1276 690 1371 όένδον,”
672 1309 753 1351 οταν
776 1280 879 1352 πάθει
903 1289 1012 1370 ψυχης
1038 1283 1060 1371 χ’]

88 1382 352 1473 μεμολυσμένος)
372 1379 428 1452 διὰ
452 1383 490 1454 δὲ
513 1403 609 1472 σιγης
628 1386 781 1473 καθαροῖς
807 1385 864 1453 καὶ
890 1385 959 1453 τῶν
981 1387 1060 1470 περὶ

89 1482 195 1555 αὐτοῦ
212 1487 374 1575 καθαρῶν
399 1487 539 1555 ἐννοιῶν
561 1482 819 1574 θρησκεύσομεν
842 1479 953 1554 αὐτόν.
1009 1489 1061 1554 δεῖ.
1077 1505 1088 1543 ¹³

87 1583 154 1676 ῶρα
172 1589 410 1674 συναφθέντας
428 1589 484 1656 καὶ
501 1580 727 1675 ῦμοιωθὲντας
750 1581 842 1677 αὐτῷ
859 1615 921 1673 την
948 1583 1060 1655 αὑτῶν
1089 1620 1101 1641 =

88 1686 226 1777 ἀγωγην
242 1694 404 1758 θυσίαν
390 1684 486 1777 ιερῶν
509 1703 736 1776 προσαγαγεῖν
759 1694 830 1758 θεῶ
840 1717 937 1778 ,την
954 1683 1061 1775 αῦτην

50 1816 77 1857 ιο
91 1790 128 1861 δὲ
146 1785 244 1861 καὶ”
220 1818 329 1879 υμνον
346 1780 453 1861 οὖσαν
470 1784 562 1859 καὶ
543 1793 639 1878 ημῶν
657 1793 879 1880 σωτηρίανῧ
863 1819 899 1860 εν
912 1787 1061 1860 ἀπαθεία

89 1920 154 1980 αρα
172 1920 231 1980 της
254 1897 381 1981 ψυχῆς,
407 1894 468 1962 τοῦ
492 1892 529 1961 δε
552 1894 666 1963 θεοῦ
655 1899 785 1984 θεωρίᾳ
808 1920 829 1979 η
848 1899 956 1962 θυσια
975 1888 1059 1979 αὕτη

87 1988 260 2065 τελεῖται.”

162 2156 215 2232 Ἐκ
229 2164 287 2251 τῆς
303 2157 529 2232 Ἀπολλωνίου
547 2166 607 2231 τοῦ
631 2164 787 2243 Τυανέως
805 2169 990 2250 θεολογίας.

160 2293 339 2379 11.”Οῦτως
353 2304 471 2367 τοίνυν
478 2295 619 2386 μάλιστα
633 2294 677 2366 ῶν
688 2326 736 2378 τις
750 2294 811 2384 τὴν
823 2294 1062 2385 προσήκουσαν

49 2427 76 2468 το
91 2401 281 2488 ἐπιμέλειαν
299 2415 426 2469 ποιοῖτο
449 2405 509 2468 τοῦ
531 2405 648 2485 θείου,
671 2397 831 2487 τυγχάνοι
854 2425 890 2466 τε
914 2393 1062 2466 αὐτόθεν

89 2498 170 2572 ίλεῶ
187 2528 223 2570 τε
247 2503 304 2570 καὶ
322 2495 481 2590 εὐμενοῦς
500 2497 603 2570 αὐτοῦ
621 2495 701 2590 παρ’
726 2494 906 2569 ὁντιναοῦν
928 2494 1059 2583 ἀνθρώ-

90 2628 182 2689 πων,
208 2609 240 2671 εί
263 2605 336 2696 θεῶ
354 2602 429 2692 μὲν,
448 2597 488 2672 όν
514 2599 679 2691 δὴφαμὲν
697 2605 831 2688 τοῦτον,
857 2603 911 2671 ἑνί
931 2628 966 2669 τε
989 2595 1085 2670 όντιι-

89 2706 148 2775 καὶ
165 2706 398 2797 κεχωρισμένῳ
416 2702 564 2792 πάντων,
582 2701 660 2794 μεθ’
681 2698 721 2774 ῦν
745 2710 967 2794 γνωρίζεσθαι
985 2702 1063 2783 τοῦς

89 2802 227 2885 λοιποῦς
245 2802 441 2895 ἀναγκαῖον,
460 2805 504 2895 μὴ
518 2803 600 2877 θῦοι
618 2837 650 2876 τι
662 2805 725 2894 τὴν
742 2803 861 2896 ἀρχὴν,
880 2802 962 2894 μήτε
980 2801 1064 2873 ἀνῶ-

51 2934 79 2975 το
91 2936 169 2977 πτοι
187 2913 255 2996 πῦρ
273 2905 355 2997 μήτε
373 2938 404 2977 τι
416 2905 565 2977 καθόλου
579 2912 647 2976 τῶν
660 2912 833 2995 αἰσθητῶν
851 2906 1061 2995 ίπονομοίζοι·

91 3008 216 3099 (δεῖται
232 3006 296 3099 γὰρ
315 3005 455 3090 οὐδενός
472 3004 553 3077 οὐδὲ
571 3007 661 3099 παρὰ
677 3012 746 3078 τῶν
759 3006 959 3098 κρειττόνων
976 3005 1062 3095 ἥπερ

87 3105 185 3201 ἡμεῖς
156 3114 318 3200 ῖέσμεν,
337 3106 414 3181 οὐδ’
434 3118 525 3181 ἔστιν
538 3105 557 3178 ῦ
571 3109 633 3197 τὴν
647 3104 754 3199 ῶρχήν
771 3115 813 3199 γῆ
827 3107 941 3196 ἀνίησι
954 3107 1062 3195 φυτὸν

161 3299 257 3362 &Aah
275 3308 331 3361 τῶν
351 3304 531 3386 Πορφυρίου]
551 3307 593 3357 De
614 3306 686 3357 abs
667 3312 715 3356 m
736 3310 761 3369 2,
780 3308 822 3356 34.
859 3304 938 3355 Conf.
961 3306 1062 3370 Praep.

91 3378 201 3443 Evang.
214 3380 239 3428 4.
252 3394 278 3443 p.
295 3379 352 3428 149.
458 3377 490 3425 18
506 3366 551 3425 Ἐκ
570 3373 621 3441 τῆς
638 3344 848 3439 Ἀπολλωνίου]
863 3372 950 3426 Con<
963 3374 1082 3431 ἳῑοορ

90 3446 201 3511 Evang
215 3449 239 3497 4.
260 3462 285 3511 p.
300 3447 356 3499 150

145 3545 285 3581 Ευευοιυα
298 3545 342 3582 m.
915 3522 968 3585 n
