<?xml version="1.0" encoding="UTF-8"?>
<!DOCTYPE html PUBLIC "-//W3C//DTD XHTML 1.0 Transitional//EN"
    "http://www.w3.org/TR/xhtml1/DTD/xhtml1-transitional.dtd">
<html xmlns="http://www.w3.org/1999/xhtml" xml:lang="en" lang="en">
 <head>
  <title>
</title>
<meta http-equiv="Content-Type" content="text/html;charset=utf-8" />
  <meta name='ocr-system' content='tesseract 3.04.00' />
  <meta name='ocr-capabilities' content='ocr_page ocr_carea ocr_par ocr_line ocrx_word'/>
</head>
<body>
  <div class='ocr_page' id='page_1' title='image "./eusebiicaesarie01dindgoog/eusebiicaesarie01dindgoog_0639.png"; bbox 0 0 2326 3818; ppageno 0'>
   <div class='ocr_carea' id='block_1_1' title="bbox 145 156 705 223">
    <p class='ocr_par' dir='ltr' id='par_1_1' title="bbox 145 156 705 223">
     <span class='ocr_line' id='line_1_1' title="bbox 145 156 705 223; baseline -0.002 -14"><span class='ocrx_word' id='word_1_1' title='bbox 145 156 209 223; x_wconf 80' lang='lat'><strong><em>562</em></strong></span> <span class='ocrx_word' id='word_1_2' title='bbox 556 157 705 209; x_wconf 77' lang='grc' dir='ltr'><strong><em>Ευεεεα</em></strong></span> 
     </span>
    </p>
   </div>
   <div class='ocr_carea' id='block_1_2' title="bbox 148 294 1115 491">
    <p class='ocr_par' dir='ltr' id='par_1_2' title="bbox 148 294 1115 491">
     <span class='ocr_line' id='line_1_2' title="bbox 148 294 1115 388; baseline -0.001 -20"><span class='ocrx_word' id='word_1_3' title='bbox 148 296 286 369; x_wconf 83' lang='grc' dir='ltr'><strong><em>ἀνωθεν</em></strong></span> <span class='ocrx_word' id='word_1_4' title='bbox 304 295 542 388; x_wconf 77' lang='grc' dir='ltr'><strong><em>χρόνωνπαρά</em></strong></span> <span class='ocrx_word' id='word_1_5' title='bbox 560 307 684 367; x_wconf 88' lang='grc' dir='ltr'><strong><em>Μωσεῖ</em></strong></span> <span class='ocrx_word' id='word_1_6' title='bbox 700 294 872 387; x_wconf 77' lang='grc' dir='ltr'><strong><em>βοωμενον</em></strong></span> <span class='ocrx_word' id='word_1_7' title='bbox 889 299 1007 365; x_wconf 79' lang='grc' dir='ltr'><strong><em>τούτου</em></strong></span> <span class='ocrx_word' id='word_1_8' title='bbox 1027 294 1115 366; x_wconf 84' lang='grc' dir='ltr'><strong><em>ίστό·</em></strong></span> 
     </span>
     <span class='ocr_line' id='line_1_3' title="bbox 150 395 481 491; baseline -0.003 -21"><span class='ocrx_word' id='word_1_9' title='bbox 150 428 247 491; x_wconf 89' lang='grc' dir='ltr'><strong><em>ρηται</em></strong></span> <span class='ocrx_word' id='word_1_10' title='bbox 263 395 323 470; x_wconf 81' lang='grc' dir='ltr'><strong><em>τὸν</em></strong></span> <span class='ocrx_word' id='word_1_11' title='bbox 341 397 481 490; x_wconf 86' lang='grc' dir='ltr'><strong><em>τρόπον·</em></strong></span> 
     </span>
    </p>
   </div>
   <div class='ocr_carea' id='block_1_3' title="bbox 81 595 1159 3364">
    <p class='ocr_par' dir='ltr' id='par_1_3' title="bbox 449 595 804 690">
     <span class='ocr_line' id='line_1_4' title="bbox 449 595 804 690; baseline -0.003 -20"><span class='ocrx_word' id='word_1_12' title='bbox 449 597 529 670; x_wconf 82' lang='grc' dir='ltr'><strong><em>Ἀπὸ</em></strong></span> <span class='ocrx_word' id='word_1_13' title='bbox 543 604 611 670; x_wconf 77' lang='grc' dir='ltr'><strong><em>των</em></strong></span> <span class='ocrx_word' id='word_1_14' title='bbox 626 595 804 690; x_wconf 77' lang='grc' dir='ltr'><strong><em>Ἀριθμῶν.</em></strong></span> 
     </span>
    </p>

    <p class='ocr_par' dir='ltr' id='par_1_4' title="bbox 146 732 1143 1027">
     <span class='ocr_line' id='line_1_5' title="bbox 224 732 1113 826; baseline -0.003 -18"><span class='ocrx_word' id='word_1_15' title='bbox 224 748 246 808; x_wconf 89' lang='grc' dir='ltr'><strong><em>Ι.</em></strong></span> <span class='ocrx_word' id='word_1_16' title='bbox 276 737 406 823; x_wconf 83' lang='grc' dir='ltr'><strong><em>Μωσης</em></strong></span> <span class='ocrx_word' id='word_1_17' title='bbox 431 739 468 804; x_wconf 80' lang='grc' dir='ltr'><strong><em>ἐν</em></strong></span> <span class='ocrx_word' id='word_1_18' title='bbox 488 732 660 825; x_wconf 89' lang='grc' dir='ltr'><strong><em>Ἀριθμοῖς</em></strong></span> <span class='ocrx_word' id='word_1_19' title='bbox 685 737 761 826; x_wconf 86' lang='grc' dir='ltr'><strong><em>περὶ</em></strong></span> <span class='ocrx_word' id='word_1_20' title='bbox 786 738 844 805; x_wconf 82' lang='grc' dir='ltr'><strong><em>τοῦ</em></strong></span> <span class='ocrx_word' id='word_1_21' title='bbox 868 736 1032 824; x_wconf 78' lang='grc' dir='ltr'><strong><em>φανέντος</em></strong></span> <span class='ocrx_word' id='word_1_22' title='bbox 1057 738 1113 805; x_wconf 80' lang='grc' dir='ltr'><strong><em>ἐπὶ</em></strong></span> 
     </span>
     <span class='ocr_line' id='line_1_6' title="bbox 146 831 1116 927; baseline 0 -20"><span class='ocrx_word' id='word_1_23' title='bbox 146 842 187 926; x_wconf 73' lang='grc' dir='ltr'><strong><em>τῇ</em></strong></span> <span class='ocrx_word' id='word_1_24' title='bbox 212 839 341 923; x_wconf 77' lang='grc' dir='ltr'><strong><em>γενέσει</em></strong></span> <span class='ocrx_word' id='word_1_25' title='bbox 366 839 425 905; x_wconf 80' lang='grc' dir='ltr'><strong><em>τοῦ</em></strong></span> <span class='ocrx_word' id='word_1_26' title='bbox 449 840 596 923; x_wconf 77' lang='grc' dir='ltr'><strong><em>σωτῆρος</em></strong></span> <span class='ocrx_word' id='word_1_27' title='bbox 621 834 716 927; x_wconf 79' lang='grc' dir='ltr'><strong><em>ἡμων</em></strong></span> <span class='ocrx_word' id='word_1_28' title='bbox 739 832 875 925; x_wconf 83' lang='grc' dir='ltr'><strong><em>ἀστέρος</em></strong></span> <span class='ocrx_word' id='word_1_29' title='bbox 899 837 982 924; x_wconf 83' lang='grc' dir='ltr'><strong><em>φησὶ</em></strong></span> <span class='ocrx_word' id='word_1_30' title='bbox 1001 831 1116 925; x_wconf 74' lang='grc' dir='ltr'><strong><em>“φησὶ</em></strong></span> 
     </span>
     <span class='ocr_line' id='line_1_7' title="bbox 147 934 1143 1027; baseline -0.001 -19"><span class='ocrx_word' id='word_1_31' title='bbox 147 935 287 1026; x_wconf 79' lang='grc' dir='ltr'><strong><em>Βαλαὰμ</em></strong></span> <span class='ocrx_word' id='word_1_32' title='bbox 305 934 377 1016; x_wconf 82' lang='grc' dir='ltr'><strong><em>υίὸς</em></strong></span> <span class='ocrx_word' id='word_1_33' title='bbox 403 936 515 1027; x_wconf 77' lang='grc' dir='ltr'><strong><em>Βεὼρ,</em></strong></span> <span class='ocrx_word' id='word_1_34' title='bbox 540 940 645 1027; x_wconf 85' lang='grc' dir='ltr'><strong><em>φησὶν</em></strong></span> <span class='ocrx_word' id='word_1_35' title='bbox 668 936 685 1008; x_wconf 89' lang='lat'><em>5</em></span> <span class='ocrx_word' id='word_1_36' title='bbox 709 935 888 1027; x_wconf 77' lang='grc' dir='ltr'><strong><em>ἅνθρωπος</em></strong></span> <span class='ocrx_word' id='word_1_37' title='bbox 906 935 923 1006; x_wconf 95' lang='lat'><em>5</em></span> <span class='ocrx_word' id='word_1_38' title='bbox 942 934 1143 1024; x_wconf 79' lang='grc' dir='ltr'><strong><em>ἀληθινῶςε</em></strong></span> 
     </span>
    </p>

    <p class='ocr_par' dir='ltr' id='par_1_5' title="bbox 83 1034 1155 2040">
     <span class='ocr_line' id='line_1_8' title="bbox 124 1034 1116 1128; baseline 0.001 -21"><span class='ocrx_word' id='word_1_39' title='bbox 124 1037 261 1127; x_wconf 64' lang='grc' dir='ltr'><strong><em>εὸρῶυ,</em></strong></span> <span class='ocrx_word' id='word_1_40' title='bbox 286 1034 420 1108; x_wconf 76' lang='grc' dir='ltr'><strong><em>ἀκούων</em></strong></span> <span class='ocrx_word' id='word_1_41' title='bbox 443 1037 537 1128; x_wconf 78' lang='grc' dir='ltr'><strong><em>λόγια</em></strong></span> <span class='ocrx_word' id='word_1_42' title='bbox 562 1046 665 1127; x_wconf 82' lang='grc' dir='ltr'><strong><em>θεοῦ,</em></strong></span> <span class='ocrx_word' id='word_1_43' title='bbox 690 1036 905 1127; x_wconf 79' lang='grc' dir='ltr'><strong><em>ἐπιστάμενος</em></strong></span> <span class='ocrx_word' id='word_1_44' title='bbox 930 1036 1116 1127; x_wconf 80' lang='grc' dir='ltr'><strong><em>ἐπιστήμην</em></strong></span> 
     </span>
     <span class='ocr_line' id='line_1_9' title="bbox 149 1134 1115 1232; baseline 0.001 -24"><span class='ocrx_word' id='word_1_45' title='bbox 149 1134 312 1228; x_wconf 79' lang='grc' dir='ltr'><strong><em>ὑψίστου,</em></strong></span> <span class='ocrx_word' id='word_1_46' title='bbox 339 1141 395 1208; x_wconf 83' lang='grc' dir='ltr'><strong><em>καὶ</em></strong></span> <span class='ocrx_word' id='word_1_47' title='bbox 413 1138 531 1230; x_wconf 84' lang='grc' dir='ltr'><strong><em>ὅρασιν</em></strong></span> <span class='ocrx_word' id='word_1_48' title='bbox 548 1145 608 1211; x_wconf 83' lang='grc' dir='ltr'><strong><em>τοῦ</em></strong></span> <span class='ocrx_word' id='word_1_49' title='bbox 626 1145 709 1211; x_wconf 84' lang='grc' dir='ltr'><strong><em>θεοῦ</em></strong></span> <span class='ocrx_word' id='word_1_50' title='bbox 729 1137 829 1227; x_wconf 77' lang='grc' dir='ltr'><strong><em>ίδάν,</em></strong></span> <span class='ocrx_word' id='word_1_51' title='bbox 854 1144 891 1209; x_wconf 79' lang='grc' dir='ltr'><strong><em>ἐν</em></strong></span> <span class='ocrx_word' id='word_1_52' title='bbox 908 1137 1006 1232; x_wconf 77' lang='grc' dir='ltr'><strong><em>ὕπνῳ</em></strong></span> <span class='ocrx_word' id='word_1_53' title='bbox 1030 1135 1115 1209; x_wconf 88' lang='grc' dir='ltr'><strong><em>ἀπο-</em></strong></span> 
     </span>
     <span class='ocr_line' id='line_1_10' title="bbox 149 1237 1116 1333; baseline 0.001 -23"><span class='ocrx_word' id='word_1_54' title='bbox 149 1242 393 1329; x_wconf 82' lang='grc' dir='ltr'><strong><em>κεκαλυμμένοι</em></strong></span> <span class='ocrx_word' id='word_1_55' title='bbox 416 1247 452 1311; x_wconf 87' lang='grc' dir='ltr'><strong><em>οί</em></strong></span> <span class='ocrx_word' id='word_1_56' title='bbox 471 1240 641 1331; x_wconf 81' lang='grc' dir='ltr'><strong><em>ὀφθαλμοὶ</em></strong></span> <span class='ocrx_word' id='word_1_57' title='bbox 666 1237 780 1311; x_wconf 78' lang='grc' dir='ltr'><strong><em>αὐτοῦ.</em></strong></span> <span class='ocrx_word' id='word_1_58' title='bbox 819 1244 917 1323; x_wconf 80' lang='grc' dir='ltr'><strong><em>δείξει</em></strong></span> <span class='ocrx_word' id='word_1_59' title='bbox 937 1237 1038 1333; x_wconf 76' lang='grc' dir='ltr'><strong><em>αὐτῷ,</em></strong></span> <span class='ocrx_word' id='word_1_60' title='bbox 1058 1245 1116 1311; x_wconf 81' lang='grc' dir='ltr'><strong><em>καὶ</em></strong></span> 
     </span>
     <span class='ocr_line' id='line_1_11' title="bbox 149 1336 1116 1432; baseline 0.001 -20"><span class='ocrx_word' id='word_1_61' title='bbox 149 1336 224 1431; x_wconf 77' lang='grc' dir='ltr'><strong><em>οὐχὶ</em></strong></span> <span class='ocrx_word' id='word_1_62' title='bbox 238 1345 316 1429; x_wconf 81' lang='grc' dir='ltr'><strong><em>νυν,</em></strong></span> <span class='ocrx_word' id='word_1_63' title='bbox 334 1351 513 1432; x_wconf 90' lang='grc' dir='ltr'><strong><em>μακαρίζω,</em></strong></span> <span class='ocrx_word' id='word_1_64' title='bbox 528 1346 584 1413; x_wconf 84' lang='grc' dir='ltr'><strong><em>καὶ</em></strong></span> <span class='ocrx_word' id='word_1_65' title='bbox 598 1339 661 1414; x_wconf 80' lang='grc' dir='ltr'><strong><em>οὐκ</em></strong></span> <span class='ocrx_word' id='word_1_66' title='bbox 676 1347 803 1431; x_wconf 76' lang='grc' dir='ltr'><strong><em>ἐγγίζει.</em></strong></span> <span class='ocrx_word' id='word_1_67' title='bbox 823 1340 979 1412; x_wconf 83' lang='grc' dir='ltr'><strong><em>ἀνατελεῖ</em></strong></span> <span class='ocrx_word' id='word_1_68' title='bbox 990 1340 1116 1430; x_wconf 87' lang='grc' dir='ltr'><strong><em>ἀστρον</em></strong></span> 
     </span>
     <span class='ocr_line' id='line_1_12' title="bbox 83 1439 1155 1535; baseline 0 -21"><span class='ocrx_word' id='word_1_69' title='bbox 83 1477 136 1532; x_wconf 75' lang='grc' dir='ltr'><strong><em>μςο]</em></strong></span> <span class='ocrx_word' id='word_1_70' title='bbox 151 1447 184 1526; x_wconf 83' lang='grc' dir='ltr'><strong><em>ἐξ</em></strong></span> <span class='ocrx_word' id='word_1_71' title='bbox 205 1439 338 1531; x_wconf 84' lang='grc' dir='ltr'><strong><em>Ἰακωβ,</em></strong></span> <span class='ocrx_word' id='word_1_72' title='bbox 368 1447 425 1513; x_wconf 85' lang='grc' dir='ltr'><strong><em>καὶ</em></strong></span> <span class='ocrx_word' id='word_1_73' title='bbox 452 1442 674 1533; x_wconf 76' lang='grc' dir='ltr'><strong><em>ἀναστήσεται</em></strong></span> <span class='ocrx_word' id='word_1_74' title='bbox 703 1442 883 1535; x_wconf 86' lang='grc' dir='ltr'><strong><em>ἀνθρωπος</em></strong></span> <span class='ocrx_word' id='word_1_75' title='bbox 914 1449 947 1526; x_wconf 80' lang='grc' dir='ltr'><strong><em>ἐξ</em></strong></span> <span class='ocrx_word' id='word_1_76' title='bbox 967 1442 1112 1533; x_wconf 80' lang='grc' dir='ltr'><strong><em>Ἰσραὴλ,</em></strong></span> <span class='ocrx_word' id='word_1_77' title='bbox 1129 1474 1155 1514; x_wconf 80' lang='grc' dir='ltr'><strong><em>ιο</em></strong></span> 
     </span>
     <span class='ocr_line' id='line_1_13' title="bbox 149 1543 1117 1638; baseline -0.001 -22"><span class='ocrx_word' id='word_1_78' title='bbox 149 1548 205 1616; x_wconf 80' lang='grc' dir='ltr'><strong><em>καὶ</em></strong></span> <span class='ocrx_word' id='word_1_79' title='bbox 223 1543 368 1635; x_wconf 75' lang='grc' dir='ltr'><strong><em>θραύσει</em></strong></span> <span class='ocrx_word' id='word_1_80' title='bbox 385 1544 462 1627; x_wconf 84' lang='grc' dir='ltr'><strong><em>τοὺς</em></strong></span> <span class='ocrx_word' id='word_1_81' title='bbox 480 1544 644 1638; x_wconf 77' lang='grc' dir='ltr'><strong><em>ἀρχηγοὺς</em></strong></span> <span class='ocrx_word' id='word_1_82' title='bbox 664 1543 794 1635; x_wconf 81' lang='grc' dir='ltr'><strong><em>Μωάβ,</em></strong></span> <span class='ocrx_word' id='word_1_83' title='bbox 819 1548 875 1614; x_wconf 85' lang='grc' dir='ltr'><strong><em>καὶ</em></strong></span> <span class='ocrx_word' id='word_1_84' title='bbox 892 1546 1117 1635; x_wconf 82' lang='grc' dir='ltr'><strong><em>προνομεύσει</em></strong></span> 
     </span>
     <span class='ocr_line' id='line_1_14' title="bbox 148 1644 1115 1737; baseline -0.001 -20"><span class='ocrx_word' id='word_1_85' title='bbox 148 1645 275 1727; x_wconf 87' lang='grc' dir='ltr'><strong><em>πάυτας</em></strong></span> <span class='ocrx_word' id='word_1_86' title='bbox 308 1644 404 1728; x_wconf 82' lang='grc' dir='ltr'><strong><em>υίούς</em></strong></span> <span class='ocrx_word' id='word_1_87' title='bbox 431 1648 519 1736; x_wconf 79' lang='grc' dir='ltr'><strong><em>Σήθ.</em></strong></span> <span class='ocrx_word' id='word_1_88' title='bbox 562 1650 617 1717; x_wconf 78' lang='grc' dir='ltr'><strong><em>καί</em></strong></span> <span class='ocrx_word' id='word_1_89' title='bbox 648 1654 740 1717; x_wconf 81' lang='grc' dir='ltr'><strong><em>ἔσται</em></strong></span> <span class='ocrx_word' id='word_1_90' title='bbox 765 1645 873 1736; x_wconf 80' lang='grc' dir='ltr'><strong><em>Ἐδωμ</em></strong></span> <span class='ocrx_word' id='word_1_91' title='bbox 898 1655 1115 1737; x_wconf 80' lang='grc' dir='ltr'><strong><em>κληρονομία,</em></strong></span> 
     </span>
     <span class='ocr_line' id='line_1_15' title="bbox 148 1743 1116 1839; baseline 0 -23"><span class='ocrx_word' id='word_1_92' title='bbox 148 1750 204 1816; x_wconf 89' lang='grc' dir='ltr'><strong><em>καὶ</em></strong></span> <span class='ocrx_word' id='word_1_93' title='bbox 234 1755 324 1817; x_wconf 80' lang='grc' dir='ltr'><strong><em>ἔσται</em></strong></span> <span class='ocrx_word' id='word_1_94' title='bbox 354 1755 557 1839; x_wconf 75' lang='grc' dir='ltr'><strong><em>κληρονομία</em></strong></span> <span class='ocrx_word' id='word_1_95' title='bbox 579 1745 683 1818; x_wconf 79' lang='grc' dir='ltr'><strong><em>Ἠσαῦ</em></strong></span> <span class='ocrx_word' id='word_1_96' title='bbox 713 1743 871 1837; x_wconf 83' lang='grc' dir='ltr'><strong><em>δέχθρδς</em></strong></span> <span class='ocrx_word' id='word_1_97' title='bbox 902 1745 1022 1834; x_wconf 79' lang='grc' dir='ltr'><strong><em>αὐτου,</em></strong></span> <span class='ocrx_word' id='word_1_98' title='bbox 1058 1751 1116 1817; x_wconf 87' lang='grc' dir='ltr'><strong><em>καὶ</em></strong></span> 
     </span>
     <span class='ocr_line' id='line_1_16' title="bbox 144 1845 1117 1980; baseline -0.004 -60"><span class='ocrx_word' id='word_1_99' title='bbox 144 1845 274 1939; x_wconf 75' lang='grc' dir='ltr'><strong><em>Ἰσραὴλ</em></strong></span> <span class='ocrx_word' id='word_1_100' title='bbox 290 1852 445 1980; x_wconf 75' lang='grc' dir='ltr'><strong><em>έμοίησευ</em></strong></span> <span class='ocrx_word' id='word_1_101' title='bbox 460 1854 496 1920; x_wconf 81' lang='grc' dir='ltr'><strong><em>ἐν</em></strong></span> <span class='ocrx_word' id='word_1_102' title='bbox 515 1847 623 1940; x_wconf 80' lang='grc' dir='ltr'><strong><em>ίσχυῖ,</em></strong></span> <span class='ocrx_word' id='word_1_103' title='bbox 648 1851 703 1919; x_wconf 78' lang='grc' dir='ltr'><strong><em>καί</em></strong></span> <span class='ocrx_word' id='word_1_104' title='bbox 728 1848 978 1939; x_wconf 80' lang='grc' dir='ltr'><strong><em>ἐξεγερθησεται</em></strong></span> <span class='ocrx_word' id='word_1_105' title='bbox 997 1853 1029 1930; x_wconf 85' lang='grc' dir='ltr'><strong><em>έξ</em></strong></span> <span class='ocrx_word' id='word_1_106' title='bbox 1050 1845 1117 1917; x_wconf 87' lang='grc' dir='ltr'><strong><em>Ἰα-</em></strong></span> 
     </span>
     <span class='ocr_line' id='line_1_17' title="bbox 148 1947 1155 2040; baseline 0 -21"><span class='ocrx_word' id='word_1_107' title='bbox 148 1948 237 2038; x_wconf 85' lang='grc' dir='ltr'><strong><em>κωβ,</em></strong></span> <span class='ocrx_word' id='word_1_108' title='bbox 262 1953 317 2018; x_wconf 91' lang='grc' dir='ltr'><strong><em>και</em></strong></span> <span class='ocrx_word' id='word_1_109' title='bbox 342 1949 462 2021; x_wconf 83' lang='grc' dir='ltr'><strong><em>ἀπολεῖ</em></strong></span> <span class='ocrx_word' id='word_1_110' title='bbox 483 1949 669 2040; x_wconf 78' lang='grc' dir='ltr'><strong><em>σωζόμενον</em></strong></span> <span class='ocrx_word' id='word_1_111' title='bbox 688 1954 724 2020; x_wconf 83' lang='grc' dir='ltr'><strong><em>ἐκ</em></strong></span> <span class='ocrx_word' id='word_1_112' title='bbox 742 1947 904 2031; x_wconf 79' lang='grc' dir='ltr'><strong><em>πόλεως.”</em></strong></span> <span class='ocrx_word' id='word_1_113' title='bbox 1130 1979 1155 2019; x_wconf 82' lang='lat'><strong><em>15</em></strong></span> 
     </span>
    </p>

    <p class='ocr_par' dir='ltr' id='par_1_6' title="bbox 225 2048 1117 2143">
     <span class='ocr_line' id='line_1_18' title="bbox 225 2048 1117 2143; baseline 0.004 -26"><span class='ocrx_word' id='word_1_114' title='bbox 225 2055 255 2119; x_wconf 79' lang='lat'><strong><em>2.</em></strong></span> <span class='ocrx_word' id='word_1_115' title='bbox 270 2048 341 2119; x_wconf 79' lang='grc' dir='ltr'><strong><em>Ἐπί</em></strong></span> <span class='ocrx_word' id='word_1_116' title='bbox 360 2049 462 2141; x_wconf 82' lang='grc' dir='ltr'><strong><em>ταάτη</em></strong></span> <span class='ocrx_word' id='word_1_117' title='bbox 477 2054 614 2140; x_wconf 79' lang='grc' dir='ltr'><strong><em>φησί</em></strong></span> <span class='ocrx_word' id='word_1_118' title='bbox 572 2081 612 2142; x_wconf 88' lang='grc' dir='ltr'><strong><em>τη</em></strong></span> <span class='ocrx_word' id='word_1_119' title='bbox 626 2059 811 2143; x_wconf 81' lang='grc' dir='ltr'><strong><em>προφητεία</em></strong></span> <span class='ocrx_word' id='word_1_120' title='bbox 825 2053 1024 2140; x_wconf 81' lang='grc' dir='ltr'><strong><em>κινηθέντας</em></strong></span> <span class='ocrx_word' id='word_1_121' title='bbox 1037 2048 1117 2133; x_wconf 83' lang='grc' dir='ltr'><strong><em>τούς</em></strong></span> 
     </span>
    </p>

    <p class='ocr_par' dir='ltr' id='par_1_7' title="bbox 150 2147 1117 2243">
     <span class='ocr_line' id='line_1_19' title="bbox 150 2147 1117 2243; baseline 0.001 -22"><span class='ocrx_word' id='word_1_122' title='bbox 150 2147 327 2240; x_wconf 77' lang='grc' dir='ltr'><strong><em>διαδόχους</em></strong></span> <span class='ocrx_word' id='word_1_123' title='bbox 345 2151 482 2243; x_wconf 82' lang='grc' dir='ltr'><strong><em>Βαλαάμ</em></strong></span> <span class='ocrx_word' id='word_1_124' title='bbox 501 2153 743 2243; x_wconf 81' lang='grc' dir='ltr'><strong><em>(σεσῶσθαι</em></strong></span> <span class='ocrx_word' id='word_1_125' title='bbox 704 2183 767 2243; x_wconf 80' lang='grc' dir='ltr'><strong><em>μαρ</em></strong></span> <span class='ocrx_word' id='word_1_126' title='bbox 786 2149 907 2242; x_wconf 78' lang='grc' dir='ltr'><strong><em>αὐτην,</em></strong></span> <span class='ocrx_word' id='word_1_127' title='bbox 936 2181 980 2232; x_wconf 89' lang='grc' dir='ltr'><strong><em>ως</em></strong></span> <span class='ocrx_word' id='word_1_128' title='bbox 999 2153 1054 2221; x_wconf 84' lang='grc' dir='ltr'><strong><em>καὶ</em></strong></span> <span class='ocrx_word' id='word_1_129' title='bbox 1073 2182 1117 2241; x_wconf 92' lang='grc' dir='ltr'><strong><em>ην</em></strong></span> 
     </span>
    </p>

    <p class='ocr_par' dir='ltr' id='par_1_8' title="bbox 151 2251 1118 2379">
     <span class='ocr_line' id='line_1_20' title="bbox 151 2251 1118 2379; baseline 0.002 -57.038"><span class='ocrx_word' id='word_1_130' title='bbox 151 2251 254 2341; x_wconf 89' lang='grc' dir='ltr'><strong><em>είκὸς,</em></strong></span> <span class='ocrx_word' id='word_1_131' title='bbox 286 2251 365 2345; x_wconf 88' lang='grc' dir='ltr'><strong><em>παρ’</em></strong></span> <span class='ocrx_word' id='word_1_132' title='bbox 400 2251 530 2379; x_wconf 79' lang='grc' dir='ltr'><strong><em>αὐτοῖς,</em></strong></span> <span class='ocrx_word' id='word_1_133' title='bbox 561 2251 704 2378; x_wconf 85' lang='grc' dir='ltr'><strong><em>ὁπηνίκα</em></strong></span> <span class='ocrx_word' id='word_1_134' title='bbox 736 2259 895 2325; x_wconf 79' lang='grc' dir='ltr'><strong><em>συνεῖδον</em></strong></span> <span class='ocrx_word' id='word_1_135' title='bbox 921 2257 957 2323; x_wconf 87' lang='grc' dir='ltr'><strong><em>έν</em></strong></span> <span class='ocrx_word' id='word_1_136' title='bbox 981 2251 1118 2379; x_wconf 81' lang='grc' dir='ltr'><strong><em>οὐρανςρ</em></strong></span> 
     </span>
    </p>

    <p class='ocr_par' dir='ltr' id='par_1_9' title="bbox 149 2353 1117 2448">
     <span class='ocr_line' id='line_1_21' title="bbox 149 2353 1117 2448; baseline -0.002 -22"><span class='ocrx_word' id='word_1_137' title='bbox 149 2354 316 2440; x_wconf 81' lang='grc' dir='ltr'><strong><em>ξενίζοντα</em></strong></span> <span class='ocrx_word' id='word_1_138' title='bbox 339 2385 412 2426; x_wconf 91' lang='grc' dir='ltr'><strong><em>τινα</em></strong></span> <span class='ocrx_word' id='word_1_139' title='bbox 443 2355 534 2448; x_wconf 86' lang='grc' dir='ltr'><strong><em>παρά</em></strong></span> <span class='ocrx_word' id='word_1_140' title='bbox 562 2353 641 2438; x_wconf 79' lang='grc' dir='ltr'><strong><em>τούς</em></strong></span> <span class='ocrx_word' id='word_1_141' title='bbox 671 2355 833 2445; x_wconf 78' lang='grc' dir='ltr'><strong><em>συνήθεις</em></strong></span> <span class='ocrx_word' id='word_1_142' title='bbox 864 2353 1002 2445; x_wconf 86' lang='grc' dir='ltr'><strong><em>ἀστέρα,</em></strong></span> <span class='ocrx_word' id='word_1_143' title='bbox 1033 2355 1117 2425; x_wconf 85' lang='grc' dir='ltr'><strong><em>κατά</em></strong></span> 
     </span>
    </p>

    <p class='ocr_par' dir='ltr' id='par_1_10' title="bbox 149 2453 1157 2548">
     <span class='ocr_line' id='line_1_22' title="bbox 149 2453 1157 2548; baseline -0.002 -20"><span class='ocrx_word' id='word_1_144' title='bbox 149 2463 316 2548; x_wconf 79' lang='grc' dir='ltr'><strong><em>κορυφῆς,</em></strong></span> <span class='ocrx_word' id='word_1_145' title='bbox 337 2453 383 2538; x_wconf 77' lang='grc' dir='ltr'><strong><em>ως</em></strong></span> <span class='ocrx_word' id='word_1_146' title='bbox 401 2454 443 2528; x_wconf 86' lang='grc' dir='ltr'><strong><em>ἀν</em></strong></span> <span class='ocrx_word' id='word_1_147' title='bbox 457 2469 544 2530; x_wconf 86' lang='grc' dir='ltr'><strong><em>είποι</em></strong></span> <span class='ocrx_word' id='word_1_148' title='bbox 557 2489 623 2548; x_wconf 91' lang='grc' dir='ltr'><strong><em>τις,</em></strong></span> <span class='ocrx_word' id='word_1_149' title='bbox 641 2461 695 2528; x_wconf 76' lang='grc' dir='ltr'><strong><em>καὶ</em></strong></span> <span class='ocrx_word' id='word_1_150' title='bbox 710 2454 792 2527; x_wconf 87' lang='grc' dir='ltr'><strong><em>κατά</em></strong></span> <span class='ocrx_word' id='word_1_151' title='bbox 806 2454 951 2526; x_wconf 87' lang='grc' dir='ltr'><strong><em>κάθετον</em></strong></span> <span class='ocrx_word' id='word_1_152' title='bbox 968 2459 1025 2544; x_wconf 82' lang='grc' dir='ltr'><strong><em>της</em></strong></span> <span class='ocrx_word' id='word_1_153' title='bbox 1035 2454 1116 2526; x_wconf 90' lang='grc' dir='ltr'><strong><em>Ἰου-</em></strong></span> <span class='ocrx_word' id='word_1_154' title='bbox 1131 2486 1157 2526; x_wconf 79' lang='grc' dir='ltr'><strong><em>ιο</em></strong></span> 
     </span>
    </p>

    <p class='ocr_par' dir='ltr' id='par_1_11' title="bbox 151 2555 1159 2649">
     <span class='ocr_line' id='line_1_23' title="bbox 151 2555 1159 2649; baseline -0.001 -21"><span class='ocrx_word' id='word_1_155' title='bbox 151 2565 246 2640; x_wconf 88' lang='grc' dir='ltr'><strong><em>δαίας</em></strong></span> <span class='ocrx_word' id='word_1_156' title='bbox 277 2559 527 2649; x_wconf 83' lang='grc' dir='ltr'><strong><em>έστηριγμένον)</em></strong></span> <span class='ocrx_word' id='word_1_157' title='bbox 559 2558 712 2648; x_wconf 76' lang='grc' dir='ltr'><strong><em>σπουδὴν</em></strong></span> <span class='ocrx_word' id='word_1_158' title='bbox 743 2562 947 2646; x_wconf 74' lang='grc' dir='ltr'><strong><em>πεποιῆσθαι</em></strong></span> <span class='ocrx_word' id='word_1_159' title='bbox 978 2560 1031 2627; x_wconf 82' lang='grc' dir='ltr'><strong><em>ἐπὶ</em></strong></span> <span class='ocrx_word' id='word_1_160' title='bbox 1055 2555 1118 2645; x_wconf 79' lang='grc' dir='ltr'><strong><em>την</em></strong></span> <span class='ocrx_word' id='word_1_161' title='bbox 1157 2634 1159 2639; x_wconf 25' lang='lat'><strong>⁴</strong></span> 
     </span>
    </p>

    <p class='ocr_par' dir='ltr' id='par_1_12' title="bbox 81 2657 1117 2852">
     <span class='ocr_line' id='line_1_24' title="bbox 149 2657 1117 2749; baseline -0.002 -19"><span class='ocrx_word' id='word_1_162' title='bbox 149 2665 385 2730; x_wconf 80' lang='grc' dir='ltr'><strong><em>Παλαιστινων</em></strong></span> <span class='ocrx_word' id='word_1_163' title='bbox 403 2657 584 2749; x_wconf 72' lang='grc' dir='ltr'><strong><em>ἀφικέσθαι</em></strong></span> <span class='ocrx_word' id='word_1_164' title='bbox 602 2664 682 2749; x_wconf 68' lang='grc' dir='ltr'><strong><em>γῆν,</em></strong></span> <span class='ocrx_word' id='word_1_165' title='bbox 704 2667 849 2748; x_wconf 77' lang='grc' dir='ltr'><strong><em>ἱστορίας</em></strong></span> <span class='ocrx_word' id='word_1_166' title='bbox 865 2663 962 2730; x_wconf 82' lang='grc' dir='ltr'><strong><em>ἕνεκα</em></strong></span> <span class='ocrx_word' id='word_1_167' title='bbox 980 2662 1039 2728; x_wconf 87' lang='grc' dir='ltr'><strong><em>τοῦ</em></strong></span> <span class='ocrx_word' id='word_1_168' title='bbox 1059 2658 1117 2728; x_wconf 80' lang='grc' dir='ltr'><strong><em>διὰ</em></strong></span> 
     </span>
     <span class='ocr_line' id='line_1_25' title="bbox 81 2757 921 2852; baseline -0.001 -19"><span class='ocrx_word' id='word_1_169' title='bbox 81 2794 136 2845; x_wconf 76' lang='grc' dir='ltr'><strong><em>(ωε)</em></strong></span> <span class='ocrx_word' id='word_1_170' title='bbox 150 2761 313 2849; x_wconf 82' lang='grc' dir='ltr'><strong><em>φανέντος</em></strong></span> <span class='ocrx_word' id='word_1_171' title='bbox 332 2757 467 2850; x_wconf 82' lang='grc' dir='ltr'><strong><em>ἀστέρος</em></strong></span> <span class='ocrx_word' id='word_1_172' title='bbox 486 2763 731 2852; x_wconf 89' lang='grc' dir='ltr'><strong><em>σημαινομένου</em></strong></span> <span class='ocrx_word' id='word_1_173' title='bbox 748 2765 921 2849; x_wconf 83' lang='grc' dir='ltr'><strong><em>βασιλέως.</em></strong></span> 
     </span>
    </p>

    <p class='ocr_par' dir='ltr' id='par_1_13' title="bbox 150 2861 1156 3359">
     <span class='ocr_line' id='line_1_26' title="bbox 227 2861 1117 2988; baseline -0.003 -55"><span class='ocrx_word' id='word_1_174' title='bbox 227 2864 256 2930; x_wconf 85' lang='grc'><strong><em>3.</em></strong></span> <span class='ocrx_word' id='word_1_175' title='bbox 279 2871 465 2988; x_wconf 80' lang='grc' dir='ltr'><strong><em>Μαρτυρεῖ</em></strong></span> <span class='ocrx_word' id='word_1_176' title='bbox 486 2862 613 2945; x_wconf 78' lang='grc' dir='ltr'><strong><em>τούτοις</em></strong></span> <span class='ocrx_word' id='word_1_177' title='bbox 638 2863 656 2934; x_wconf 88' lang='lat'><em>5</em></span> <span class='ocrx_word' id='word_1_178' title='bbox 682 2861 917 2952; x_wconf 78' lang='grc' dir='ltr'><strong><em>εὐαμγείιστής</em></strong></span> <span class='ocrx_word' id='word_1_179' title='bbox 936 2873 1117 2945; x_wconf 86' lang='grc' dir='ltr'><strong><em>Ματθαῖος</em></strong></span> 
     </span>
     <span class='ocr_line' id='line_1_27' title="bbox 151 2959 1156 3094; baseline 0.003 -64"><span class='ocrx_word' id='word_1_180' title='bbox 151 2959 297 3049; x_wconf 80' lang='grc' dir='ltr'><strong><em>ίέγων“</em></strong></span> <span class='ocrx_word' id='word_1_181' title='bbox 303 2969 362 3033; x_wconf 86' lang='grc' dir='ltr'><strong><em>τοῦ</em></strong></span> <span class='ocrx_word' id='word_1_182' title='bbox 387 2967 423 3035; x_wconf 91' lang='grc' dir='ltr'><strong><em>δε</em></strong></span> <span class='ocrx_word' id='word_1_183' title='bbox 445 2962 552 3094; x_wconf 82' lang='grc' dir='ltr'><strong><em>Ἰησοῦ</em></strong></span> <span class='ocrx_word' id='word_1_184' title='bbox 573 2970 811 3087; x_wconf 76' lang='grc' dir='ltr'><strong><em>μεννηθίντος</em></strong></span> <span class='ocrx_word' id='word_1_185' title='bbox 823 2969 860 3035; x_wconf 85' lang='grc' dir='ltr'><strong><em>έν</em></strong></span> <span class='ocrx_word' id='word_1_186' title='bbox 878 2964 1033 3052; x_wconf 80' lang='grc' dir='ltr'><strong><em>Βηθλεεμ</em></strong></span> <span class='ocrx_word' id='word_1_187' title='bbox 1057 2993 1117 3051; x_wconf 91' lang='grc' dir='ltr'><strong><em>της</em></strong></span> <span class='ocrx_word' id='word_1_188' title='bbox 1131 2992 1156 3033; x_wconf 78' lang='grc' dir='ltr'><strong><em>ιε</em></strong></span> 
     </span>
     <span class='ocr_line' id='line_1_28' title="bbox 145 3060 1117 3196; baseline -0.002 -59.99"><span class='ocrx_word' id='word_1_189' title='bbox 145 3060 324 3153; x_wconf 84' lang='grc' dir='ltr'><strong><em>Ἰουδαίας,</em></strong></span> <span class='ocrx_word' id='word_1_190' title='bbox 359 3064 434 3136; x_wconf 89' lang='grc' dir='ltr'><strong><em>έν</em></strong></span> <span class='ocrx_word' id='word_1_191' title='bbox 417 3070 554 3156; x_wconf 84' lang='grc' dir='ltr'><strong><em>ημέραις</em></strong></span> <span class='ocrx_word' id='word_1_192' title='bbox 573 3063 725 3196; x_wconf 76' lang='grc' dir='ltr'><strong><em>Ἡρώδου</em></strong></span> <span class='ocrx_word' id='word_1_193' title='bbox 752 3072 811 3137; x_wconf 83' lang='grc' dir='ltr'><strong><em>τοῦ</em></strong></span> <span class='ocrx_word' id='word_1_194' title='bbox 835 3067 1013 3155; x_wconf 79' lang='grc' dir='ltr'><strong><em>βασιλέως,</em></strong></span> <span class='ocrx_word' id='word_1_195' title='bbox 1039 3065 1117 3135; x_wconf 84' lang='grc' dir='ltr'><strong><em>ίδού</em></strong></span> 
     </span>
     <span class='ocr_line' id='line_1_29' title="bbox 150 3162 1116 3258; baseline -0.002 -22"><span class='ocrx_word' id='word_1_196' title='bbox 150 3166 248 3256; x_wconf 79' lang='grc' dir='ltr'><strong><em>μάμοι</em></strong></span> <span class='ocrx_word' id='word_1_197' title='bbox 277 3163 340 3238; x_wconf 83' lang='grc' dir='ltr'><strong><em>ἀπὸ</em></strong></span> <span class='ocrx_word' id='word_1_198' title='bbox 372 3167 544 3239; x_wconf 78' lang='grc' dir='ltr'><strong><em>ἀνατολῶν</em></strong></span> <span class='ocrx_word' id='word_1_199' title='bbox 574 3170 872 3258; x_wconf 83' lang='grc' dir='ltr'><strong><em>παρεγένοντος</em></strong></span> <span class='ocrx_word' id='word_1_200' title='bbox 818 3175 872 3248; x_wconf 88' lang='grc' dir='ltr'><strong><em>είς</em></strong></span> <span class='ocrx_word' id='word_1_201' title='bbox 899 3162 1116 3256; x_wconf 80' lang='grc' dir='ltr'><strong><em>Ἱερουσαλημ</em></strong></span> 
     </span>
     <span class='ocr_line' id='line_1_30' title="bbox 151 3263 1118 3364; baseline 0 -28"><span class='ocrx_word' id='word_1_202' title='bbox 151 3273 322 3358; x_wconf 78' lang='grc' dir='ltr'><strong><em>λέγοντες,</em></strong></span> <span class='ocrx_word' id='word_1_203' title='bbox 352 3273 419 3342; x_wconf 79' lang='grc' dir='ltr'><strong><em>που</em></strong></span> <span class='ocrx_word' id='word_1_204' title='bbox 448 3273 537 3339; x_wconf 84' lang='grc' dir='ltr'><strong><em>ἐστιν</em></strong></span> <span class='ocrx_word' id='word_1_205' title='bbox 561 3268 578 3338; x_wconf 92' lang='lat'><em>5</em></span> <span class='ocrx_word' id='word_1_206' title='bbox 602 3273 732 3359; x_wconf 80' lang='grc' dir='ltr'><strong><em>τεχθεις</em></strong></span> <span class='ocrx_word' id='word_1_207' title='bbox 762 3267 942 3364; x_wconf 73' lang='grc' dir='ltr'><strong><em>βασιλεὺς</em></strong></span> <span class='ocrx_word' id='word_1_208' title='bbox 944 3271 1012 3337; x_wconf 80' lang='grc' dir='ltr'><strong><em>τῶν</em></strong></span> <span class='ocrx_word' id='word_1_209' title='bbox 1032 3263 1118 3338; x_wconf 79' lang='lat' dir='ltr'><em>&#39;Iov-</em></span> 
     </span>
    </p>
   </div>
   <div class='ocr_carea' id='block_1_4' title="bbox 212 3468 855 3548">
    <p class='ocr_par' dir='ltr' id='par_1_14' title="bbox 212 3468 855 3548">
     <span class='ocr_line' id='line_1_31' title="bbox 212 3468 855 3548; baseline -0.003 -29"><span class='ocrx_word' id='word_1_210' title='bbox 212 3473 229 3519; x_wconf 81' lang='grc' dir='ltr'><strong><em>ι</em></strong></span> <span class='ocrx_word' id='word_1_211' title='bbox 246 3470 327 3523; x_wconf 76' lang='lat' dir='ltr'><strong><em>Num.</em></strong></span> <span class='ocrx_word' id='word_1_212' title='bbox 343 3472 384 3538; x_wconf 74' lang='grc' dir='ltr'><strong><em>τι,</em></strong></span> <span class='ocrx_word' id='word_1_213' title='bbox 399 3472 440 3524; x_wconf 80' lang='grc' dir='ltr'><strong><em>ιε.</em></strong></span> <span class='ocrx_word' id='word_1_214' title='bbox 544 3471 576 3520; x_wconf 75' lang='grc' dir='ltr'><strong><em>τε</em></strong></span> <span class='ocrx_word' id='word_1_215' title='bbox 594 3468 693 3524; x_wconf 73' lang='grc' dir='ltr'><strong><em>κατε,</em></strong></span> <span class='ocrx_word' id='word_1_216' title='bbox 707 3472 732 3532; x_wconf 78' lang='grc' dir='ltr'><strong><em>ε,</em></strong></span> <span class='ocrx_word' id='word_1_217' title='bbox 747 3470 769 3518; x_wconf 90' lang='lat'><strong><em>1.</em></strong></span> <span class='ocrx_word' id='word_1_218' title='bbox 851 3541 855 3548; x_wconf 87' lang='lat'>.</span> 
     </span>
    </p>
   </div>
   <div class='ocr_carea' id='block_1_5' title="bbox 0 0 1169 3818">
    <p class='ocr_par' dir='ltr' id='par_1_15' title="bbox 0 0 1169 3818">
     <span class='ocr_line' id='line_1_32' title="bbox 0 0 1169 3818; baseline 0 0"><span class='ocrx_word' id='word_1_219' title='bbox 0 0 1169 3818; x_wconf 95' lang='lat' dir='ltr'><strong><em> </em></strong></span> 
     </span>
    </p>
   </div>
  </div>
 </body>
</html>
