2326 3818
119 159 183 224 502
520 160 670 212 ουοτυιι

51 327 107 379 (ιτα
121 297 269 390 σάμενοι,
287 297 437 370 καθόλου
452 300 489 369 δέ
506 298 601 388 ῆτοῦ
616 295 724 370 ’Ῑοάθα
738 297 828 389 φυλὴ
846 299 968 381 παντὸς
986 325 1089 390 προε-

121 405 231 472 στωσα
248 404 308 471 τοῦ
325 408 457 482 ἔθνους.
488 405 537 471 38.
558 407 801 490 παραδείγματι
816 402 852 471 δὲ
870 402 1032 493 καταδέξη
1050 403 1088 473 τὸ

121 504 304 594 εἰρημένον.
348 497 392 584 ὡς
416 502 480 592 γάρ
505 504 560 572 ἐπὶ
582 505 640 590 τῆς
659 497 828 591 Ῥωμαίων
851 500 953 592 ἀρχῆς
975 508 1011 572 οί
1025 504 1089 593 μὲν

120 602 191 675 κατ’
219 611 318 687 ἔθνος
343 607 518 694 ἐπίτροποί
536 631 572 672 τι
596 604 653 672 καὶ
675 601 871 692 ῆγοόμενοι,
896 612 1038 694 ἔπαρχοί
1052 633 1088 676 τε

119 708 175 776 καὶ
194 703 488 796 στρατοπεδάρχαι,
507 709 542 773 οἵ
556 731 592 773 τε
605 700 740 775 πάντων
753 700 911 775 ἀνωτάτω
925 713 1087 794 βασιλεῖς,
1101 728 1114 768 ⁶

118 803 159 877 οὕ
179 805 300 886 πάντες
329 808 365 874 έκ
382 809 439 893 τῆς
458 803 628 894 Ῥωμαίων
650 804 819 895 ὁρμωνται
842 804 984 894 πόλεως,
1009 803 1086 877 οὐδ’

118 900 184 977 άπό
201 912 259 995 τῆς
272 902 402 995 Ῥιόμου.
411 907 466 975 καὶ
479 904 646 996 Ῥωμύλου
658 910 794 996 σπορᾶς,
813 905 884 975 ἀλλ’
908 910 943 976 ἐκ
956 913 1090 999 μυρίων

119 1007 217 1087 ἄλλος
241 1004 388 1079 άλλοθεν
413 1011 544 1096 ἐθνῶν,
569 1005 658 1096 ὅμως
683 1007 721 1078 δὲ
743 1013 779 1077 οἱ
801 1004 921 1088 πάντες
939 1015 1089 1096 βασιλεῖς

118 1136 155 1178 τε
179 1110 292 1178 καλοί
312 1105 387 1198 μετ’
413 1104 535 1189 αὐτοὺς
558 1106 714 1201 ἄρχοντες
739 1112 795 1178 καὶ
822 1104 1003 1198 ῆγοόμενοι
1025 1110 1089 1198 τῆν

114 1205 283 1298 Ῥωμαίων
302 1207 541 1302 ἐπιγράφονται
558 1216 802 1301 προσηγορίαν,
815 1208 985 1299 Ῥωμαίων
997 1239 1034 1282 τε
1050 1210 1088 1282 τὸ
1103 1234 1133 1274 10‘

120 1309 238 1402 κράτος
264 1309 517 1400 ἐπωνόμασται,
541 1314 597 1381 καὶ
621 1310 744 1402 ταύτης
771 1313 905 1401 ἐξῆπται
923 1318 981 1399 τῆς
1000 1315 1090 1382 έπω-

91 1420 239 1502 ονυμίας
256 1407 277 1500 ἡ
295 1410 446 1483 καθόλου
470 1409 606 1484 πάντων
629 1410 729 1503 άρχῆ
762 1410 821 1483 τόν
844 1409 947 1483 αὐτόν
963 1410 1090 1501 τρόπον

72 1530 73 1534 ’
119 1517 175 1583 καὶ
199 1516 253 1584 έπλ
277 1518 345 1584 τῶν
369 1511 449 1584 καθ’
474 1511 649 1604 Ἐβραίους
673 1512 736 1605 χρῆ
754 1529 849 1586 νοεῖν
873 1511 1089 1604 πραγμάτων,

118 1622 194 1704 μιάς
220 1616 282 1703 μὲν
308 1612 456 1685 καθόλου
481 1619 540 1704 τῆς
566 1620 626 1686 τοῦ
648 1614 758 1687 Ἰοόδα
784 1621 894 1704 φυλῆς
920 1613 1001 1684 κατὰ
1028 1618 1091 1686 τοῦ

119 1713 242 1796 παντός
259 1722 383 1798 ἔθνους
401 1718 723 1807 έπιπεφημισμένης,
748 1722 816 1786 τοόν
834 1716 872 1785 δέ
890 1714 972 1785 κατά
989 1716 1088 1803 μέρος
1105 1737 1130 1780 ιο

118 1816 315 1907 ἡγουμένων
338 1846 375 1888 τε
398 1820 453 1887 καὶ
476 1819 642 1905 βασιλέων
666 1821 702 1887 ἐκ
726 1815 899 1904 διαφόρων
924 1827 1090 1886 καθιστα-

117 1921 229 2007 μένων
248 1922 385 2009 φυλῶν,
404 1917 554 1989 καθόλου
574 1919 668 1988 δέ
627 1945 668 2007 τη
691 1945 751 1987 που
737 1914 875 2038 Ἰρυβα
891 1917 1090 2003 τιμωμένων

118 2026 334 2142 προσηγρρία.
376 2021 526 2108 λεγέσθω
543 2013 702 2090 τοίνυν
678 2047 722 2100 ως
746 2014 828 2107 πρός
844 2016 906 2106 τῆν
922 2013 1005 2105 ὅλην
1023 2046 1088 2105 φυ·

119 2118 182 2208 λῆν
198 2115 264 2189 ὑπό
288 2124 349 2190 τοῦ
345 2119 539 2247 προφήτου
557 2117 593 2191 τό
608 2115 801 2207 “Ἰοόθα,σ
780 2119 817 2190 οὲ
836 2121 1030 2189 αίνέσαισαν
1055 2125 1090 2190 οι

119 2219 262 2310 άδελφοί
273 2220 354 2292 σου.’
357 2218 441 2293 ’39,
451 2220 567 2292 οἶδε
529 2251 593 2314 γαρ
608 2217 715 2310 α’ότῆν
727 2219 785 2291 άτε
797 2227 978 2310 προνομίας
991 2217 1087 2308 ῆξιω-
1103 2244 1130 2286 ιο

119 2324 225 2413 μένην
248 2323 312 2415 πρὸ
330 2326 398 2394 των
421 2330 548 2394 λοιπῶν
565 2326 684 2412 φυλαῖν
700 2326 915 2412 τετιμῆσθαι,
940 2324 996 2391 καὶ
1015 2324 1087 2417 ἐπεὶ
1147 2313 1150 2321 ’

120 2429 256 2516 ἐξῆρχεν
284 2430 321 2496 ἐν
344 2428 515 2514 πολέμοις,
546 2428 601 2495 καὶ
625 2424 711 2515 μόνη
734 2425 794 2496 τοό
817 2421 940 2504 παντὸς
964 2430 1088 2504 ἔθνους

94 2522 230 2615 ιῆγεῑτο
250 2530 286 2596 έν
303 2542 375 2606 ταῖς
393 2525 475 2614 πρὸς
492 2526 571 2606 τοὺς
590 2523 732 2615 έχθροός
749 2520 984 2614 παρατάξεσιν,
1004 2530 1072 2594 εκοί
1065 2522 1088 2576 ’·

50 2651 105 2706 [ιω]
119 2656 183 2710 τως
202 2628 387 2715 έπιλέγιται
404 2624 487 2747 πρὸς
504 2621 631 2714 αὐτὴνε
647 2654 682 2694 αι
674 2628 807 2714 χεῖρές
825 2647 887 2695 σου
907 2628 960 2694 ἐπὶ
978 2623 1088 2695 νάτου
1140 2629 1146 2641 ’

119 2735 187 2798 τῶν
206 2730 339 2815 έχθρων
356 2721 441 2794 σου.’
443 2721 551 2793 ἐἶτα
566 2722 666 2794 διά
634 2752 670 2795 το
688 2724 826 2815 άρχικὸν
843 2727 899 2794 καὶ
914 2723 1088 2849 βασιλικόν
1101 2748 1129 2790 2⁶

119 2821 267 2914 άξίωμα“
271 2821 575 2914 σκόμνοςλέοντος”
591 2824 677 2897 εἶναι
691 2827 829 2915 λέγεται.
861 2831 912 2896 40
924 2825 1090 2916 σεμνυνό-

119 2955 218 3016 μενος
237 2925 306 2998 δέ
291 2956 309 2997 ο
328 2926 507 3017 προπάτωρ
524 2923 608 3018 ὁμου
596 2928 680 2998 καὶ
699 2926 871 3020 προφήτης
890 2931 944 2998 ἐπὶ
967 2957 1013 3021 τφ
1030 2933 1089 3016 τῆς

120 3034 229 3118 φυλῆς
253 3026 412 3118 άξιωματι
435 3036 637 3157 προστίθησι
661 3025 822 3118 λέγων“έ
822 3058 842 3099 κ
865 3033 1011 3118 βλαστοῦ
1035 3030 1092 3100 υιέ
1144 3066 1147 3070 ·

120 3160 185 3218 μου
203 3126 414 3221 άνέβης.”41
420 3159 471 3202 ,το
460 3126 553 3201 'W
558 3127 737 3203 άναπεσων
750 3128 967 3221 ἐκοιμῆθης*
944 3160 989 3212 ως
1002 3131 1089 3200 λέων

121 3231 218 3303 καλ*
195 3262 239 3316 ως
257 3231 403 3323 σκόμνος
421 3229 575 3314 λέοντος”
594 3231 632 3303 τὸ
648 3236 776 3323 γαῦρον
788 3228 873 3323 ὅμου
861 3233 940 3302 καλ
958 3243 1086 3322 θαρσα-
1100 3257 1127 3298 ω

121 3335 198 3403 λέον
222 3336 277 3404 καὶ
300 3334 337 3404 τὸ
359 3363 427 3405 των
451 3336 613 3417 ἔξωθενέ
613 3330 759 3405 πιόντων
775 3331 1033 3421 ἀκατάπληκτον
1049 3329 1087 3403 τό

120 3458 158 3513 ‘23
168 3429 300 3522 άφοβον
312 3438 443 3505 καὶτῶν
455 3438 587 3525 ἐχθρῶν
599 3431 887 3524 καταφρονητικὸν
897 3439 1086 3526 παρίστησι.
