2326 3818
181 115 233 149 ,ιιι
530 94 750 147 ΚΕΦΑΛΑΙΩΝ

153 223 390 309 ἀπιστηθήσεται
414 228 468 309 μὲν
490 221 549 290 ῦπδ
566 222 734 307 Ἰουδαίων,
760 234 822 303 τοῖς
847 227 879 292 55
903 229 1026 292 ἔθνεσιν
1048 231 1131 294 ἔσται

155 314 308 420 σωτήριος.
341 309 403 377 0ίοί
417 337 447 376 τε
464 309 638 376 πείσεται
608 339 641 378 το
653 308 807 377 Ἰουδαίων
822 314 913 389 ἔθνος
927 308 999 394 μετα
1015 311 1070 395 τήν
1085 318 1129 394 εἰς

155 395 247 464 αῦτόν
263 396 439 502 ἀπιστίαν,
436 393 511 461 κατῦ
526 391 560 462 τδ
573 393 648 463 αῦτυ
638 392 814 498 δηλοῦται.

198 491 270 555 452,
285 497 327 549 25.
361 477 439 560 55‘
427 507 443 547 ο
436 479 717 592 „²⁶5⁰400'524055
682 509 701 547 ν
715 478 746 557 ὸς
703 481 836 546 ίίκ
800 505 851 588 της
863 484 1129 584 προφητενομένης

156 571 215 632 εἴτε
236 570 450 674 παρφ(δίυον’1
417 592 476 631 ειτε
498 565 698 648 προφήτιδας,
725 561 836 666 δοῦς’
824 571 900 647 ομοῦ
922 570 972 631 καλ
1000 564 1130 672 μεγάλης

156 659 266 738 βουλῆς
282 653 470 756 δίγμελος,τ
442 653 470 716 5
473 652 554 731 ίραις
575 676 604 716 τε
616 647 799 757 παραδόξοις
819 650 1034 733 ίπωνυμίαις’
1018 651 1127 763 55555·

156 763 271 819 ρενται·
295 741 346 802 καλ
364 733 404 814 ὡς
419 761 438 815 η
428 729 623 837 γένεσις’
586 740 681 802 αυτοῦ
696 731 793 817 φωτὸς
814 735 931 820 εῦσεβεί
929 764 965 814 ας
988 743 1129 822 παραιτία

156 834 218 902 τοῖς
234 827 337 888 ἔθνεσι
354 819 577 899 καταστήσεται.

198 917 270 977 459,
287 917 315 970 8.
360 907 438 986 Περὶ
454 910 507 971 τοῦ
523 905 614 971 τόπου
630 911 683 986 της
698 906 837 988 γενέσεως
857 911 911 970 τοῦ
926 929 1127 988 προκηρυττο-

157 995 247 1074 μένον
263 997 353 1055 θεοῦ·
377 991 427 1055 καὶ
446 989 486 1066 ῦς
502 990 534 1053 ἕκ
550 994 715 1092 Βηθλεὲμ,
722 1000 832 1071 χωρίον
847 996 899 1093 της
910 995 1131 1073 Παλαιστίνης,

157 1022 235 1155 553
201 1104 220 1141 α
235 1074 311 1152 ῦνός
333 1101 376 1151 τις
392 1076 617 1179 προϋπάρχον,
637 1068 819 1182 ήμοῦμενος
824 1080 878 1139 τοῦ
896 1080 957 1141 τῶν
976 1082 1131 1158 θεοσεβών

157 1164 262 1246 γένους
276 1158 497 1238 προελεύσεται,
519 1161 568 1223 καὶ
587 1155 626 1235 ὡς
642 1155 733 1235 αῦτδς
748 1156 764 1223 5
780 1185 885 1241 ιινριος
899 1170 1058 1242 ποιμανεῖν
1075 1171 1129 1226 θε-

158 1251 290 1324 σπίζεται
309 1239 378 1322 τοῦς
398 1246 483 1326 μέχρι
499 1249 559 1309 νῦν
575 1245 772 1325 ίσχατιῦν
734 1270 788 1324 της
808 1250 864 1327 γῆς
879 1244 973 1322 εἰς’
935 1244 1029 1309 αντόν
1043 1271 1131 1310 πεπι·

158 1329 330 1406 στευκότας.

201 1425 316 1488 467..
288 1417 491 1495 2Πυθομέ
492 1439 534 1477 νω
555 1440 596 1500 τῳ
585 1414 714 1496 Δαβλδ
734 1423 819 1492 ποιος
838 1417 878 1518 55
883 1409 1132 1517 ἐίηδτήςτοῦ

159 1502 436 1603 προκηρυττομένον
457 1478 532 1563 θεοῦ
552 1480 744 1578 γενέσεως
711 1524 816 1578 τοπος,
839 1496 856 1584 ή
876 1494 1032 1580 Ἐφραθδ,
1054 1496 1133 1577 αῦτη

161 1587 193 1649 55
208 1579 316 1648 ἐστιν’
301 1609 321 1663 η
336 1583 490 1684 Βηθλεὲμ,
514 1579 564 1644 διδ
578 1606 631 1644 του
618 1586 734 1647 θείου
748 1583 917 1687 πνεύματος
937 1586 1133 1662 φανεροῦται

203 1677 276 1747 473,
292 1681 317 1730 4.
358 1661 431 1730 ’Λπδ
447 1670 536 1731 ποίου
551 1667 657 1766 μένους
671 1664 755 1729 καλ’
737 1691 798 1730 απο
789 1661 900 1767 ποίας
910 1665 1017 1746 Ἑβραί
1017 1690 1059 1728 ων
1074 1690 1131 1745 φν-

163 1757 215 1833 λής
230 1749 463 1833 προιλεῦσεσθαι
479 1745 495 1814 5
511 1745 640 1828 Χριστὸς
655 1750 883 1832 προιφητεύετο.

205 1845 276 1908 477,
294 1848 334 1901 17.
380 1835 459 1914 Περὶ
473 1835 651 1915 Σολόμωνος
673 1836 722 1903 καλ
740 1839 794 1903 τοῦ
809 1835 842 1898 ἐκ
858 1835 1023 1917 σπέρματος
1039 1825 1134 1897 αῦτοῦ

163 1920 425 2004 προιλευσομίνου.

207 2014 278 2153 4ἓο
295 2017 321 2067 2.
371 2004 443 2088 Περὶ
457 2002 563 2069 Ἰεσσαί
578 2004 630 2068 καὶ
645 2028 697 2071 τον
685 2004 746 2068 ἐκ
761 2001 977 2086 σιτίρματος’
938 2005 1035 2067 αυτοῦ
1049 2026 1135 2083 μευη·

166 2112 222 2170 σομ
240 2112 304 2152 νον.

208 2180 279 2243 482,
295 2185 321 2237 2.
349 2165 506 2269 Ἀνατολή
526 2175 627 2237 δικαία
649 2172 682 2239 55
705 2173 871 2276 σπέρματος
892 2162 1136 2272 Δαβλδάνιστα·

165 2260 259 2340 μέυη,
273 2258 325 2323 καὶ
341 2248 514 2358 ανθρώπων
529 2249 644 2355 δαῦτδς
655 2252 798 2340 βασιλεῦς
809 2251 901 2336 καινή
913 2280 943 2321 τε
954 2259 1136 2339 προσηγορία

165 2344 351 2446 τεθησομένη
366 2351 426 2418 τοῖς
440 2337 495 2406 ὑπ’
508 2337 587 2429 αῦτφ
577 2344 911 2425 βασιλευθησσμίνοις,
927 2342 978 2405 καλ
989 2345 1049 2406 τῶν
1063 2363 1136 2422 προ·

165 2423 290 2508 τίρων
272 2428 491 2532 αμαρτημυὶτων
507 2407 598 2506 λῦσίς.

207 2522 278 2595 486
299 2526 323 2576 7.
363 2509 417 2586 Ως
436 2511 470 2575 ἐκ
495 2516 602 2612 φνλής
608 2505 707 2579 Ἰούδα
729 2507 980 2611 γεννηθήσονται,
1002 2509 1054 2573 καλ
1074 2534 1137 2573 των

166 2600 266 2662 ἐθνῶν
281 2587 474 2700 προσδοκία
461 2620 477 2659 ο
493 2591 621 2699 Χριστῦς
635 2621 688 2667 τον
676 2601 781 2663 θεοῦ
795 2593 1061 2696 κατασταθήσεται.

207 2689 338 2753 49210.
379 2676 431 2756 Ὡς
451 2673 524 2743 καθ
548 2676 601 2759 οῦς
620 2684 748 2784 χρόνους
770 2676 877 2759 τὸπαρ
880 2672 1135 2778 '‘13555505555-

165 2772 261 2847 λείψει
273 2770 347 2870 βασί
346 2772 426 2831 λειον
434 2772 632 2846 τοτηνικοιῦτα
642 2761 662 2868 5
673 2770 733 2837 τῦυ
744 2766 843 2831 δθνων
849 2763 1035 2843 ἐπιστήσεται
1044 2784 1137 2840 προσ

165 2847 309 2930 δοκία,“
293 2877 308 2915 ο
332 2852 385 2923 καλ
404 2855 527 2934 γέγονεν
548 2852 599 2919 ἐπὶ,
621 2855 672 2932 τῆς
692 2854 746 2914 τοῦ
765 2853 898 2932 σωτῆρος
918 2845 1005 2929 ήμῶν
1028 2849 1136 2927 555-

164 2943 254 3014 νείας.

207 3029 335 3091 51319.
364 3013 505 3100 Ὡςμετῦ
521 3018 631 3102 χρόνον
642 3021 715 3086 ἕτῦν
730 3016 934 3102 ἑβδομήκοντα
949 3017 1136 3121 ἑβδομάδων,

164 3104 183 3170 5
199 3114 309 3189 γίνεται
326 3107 377 3186 ἔτη
391 3103 563 3183 τετρακόσια
583 3105 778 3209 ἐνενήκοντα,
800 3128 853 3169 τοο
843 3107 1002 3184 Χριστοῦ
1015 3097 1138 3179 ῦνθριῦ·

165 3215 231 3268 ποις
251 3191 460 3271 ἐπιφανέντος,
487 3191 522 3257 αἱ,
544 3185 626 3293 παρὰ
646 3184 802 3266 Ἰουδαίοις
821 3195 1017 3270 προφητεῖαι,
1044 3213 1095 3251 και
1116 3211 1138 3264 η

165 3273 259 3343 πάλαι,
273 3275 475 3352 διαπρέπουσα
490 3268 574 3345 55'
536 3283 645 3351 αυτοῖς
653 3273 804 3358 ἱερωσύνη
817 3271 1137 3352 καταλαθήσεται,καλ

163 3354 252 3431 αυτοὶ
265 3360 320 3441 μὲν
334 3363 542 3440 κατακλυσμοῦ
557 3362 646 3440 δίκην
661 3359 836 3440 ἐπαλλήλοις
853 3360 1042 3440 πολιορκίαις
1057 3353 1136 3422 555
