2326 3818
352 126 501 179 EUSEBII

4 272 53 357 λν,
78 265 217 357 ὑμνήσω
235 288 291 354 σε,
316 265 402 355 ὑπὲρ
421 270 479 336 τού
503 272 686 356 μαθοῦσαν·
698 262 760 353 τήν
781 268 902 355 ἐκκλη-

1 372 85 439 ικαὶ
108 366 301 439 ἀκούσασαν
326 365 406 456 παρ’
432 364 555 455 αύτού,
582 364 623 437 δν
647 363 808 456 προσήκει
825 366 900 458 τρύ-

1 469 147 559 ,μηκέθ’
170 465 214 550 ὡς
237 469 274 539 τὸ
297 472 378 557 πρὶν
394 466 473 549 τούς
492 476 670 557 δαίμονας,
697 465 776 538 ἀλλ’
796 466 900 541 αὑτὸν

1 602 34 643 ιν
52 571 111 642 τὸν
129 571 265 642 πάντων
283 567 366 641 θεὸν
391 567 447 639 διά
464 574 524 640 τού
542 576 818 657 καταγγείλαντος
836 568 899 641 αύ-

5 670 177 762 ἀννμυεῖν.
216 679 284 741 100.
304 677 407 741 ταῦτα
421 669 558 759 πράξειν
570 669 799 760 ὑποσχόμενος
817 669 924 759 σφύ-ιι

13 772 209 854 ἀκολούθως
228 777 389 845 ἐντεῦθεν
402 770 466 861 ήδη
476 771 672 863 προστάττει
684 777 726 863 τῇ
740 777 900 865 ἐκκλησίᾳ

2 894 72 957 τοῖς
91 870 198 945 αὑτοῦ
215 871 376 964 ἀδελφοῖς
393 873 516 963 ὑμνεῖν
530 874 589 944 τὸν
606 875 741 964 πατέρα.
769 873 821 944 διό
834 902 899 963 φή-

1 972 54 1046 ”οί
71 974 276 1066 φοβούμενοι
294 974 352 1046 τὸν
370 976 488 1064 κύριον
506 978 659 1045 αίνέσατε
678 972 793 1064 αύτδν,
807 973 898 1045 ἅπαν

1 1081 121 1167 σπέρμα
135 1076 251 1164 Ἰακώβ
276 1075 435 1160 δοξάσατε
459 1074 570 1148 αύτόν.
615 1082 685 1146 101.
711 1079 767 1147 καὶ
789 1083 899 1165 φοβή-

1 1201 89 1249 ωσαν
106 1175 164 1248 ἀπ’
185 1177 291 1248 αύτού
308 1176 398 1249 ἀπαν
415 1177 452 1248 τὸ
466 1181 596 1268 σπέρμα
611 1176 753 1267 Ἰσραήλ,
770 1175 821 1248 ὅτι
835 1175 897 1248 οὐκ
909 1208 935 1247 ιο

1 1282 155 1351 δένωσεν
178 1278 259 1349 οὐδὲ
282 1278 495 1368 προσύχθισε
517 1286 559 1368 τῇ
584 1277 697 1366 δεήσει
724 1282 786 1350 τού
807 1305 897 1349 πτω-

1 1377 145 1469 ,ούδδ’
127 1383 313 1509 απέστρεψε
334 1379 371 1450 τδ
389 1379 570 1465 πρόσωπον
595 1377 740 1451 αὐτοῦ’
722 1406 770 1449 απ
772 1378 896 1507 ’έμοῦ,

1 1487 94 1553 ἐν
47 1512 93 1575 τῳ
108 1486 305 1571 κεκραγέναι
318 1509 360 1570 με
379 1480 462 1603 πρὸς
482 1480 584 1551 αύτδν
602 1479 782 1569 είσήκουσέ
795 1476 895 1571 μου.”

1 1573 39 1653 δν
53 1588 168 1672 σαφῶς
182 1585 367 1672 παρέστησε
380 1590 449 1653 τῶν
461 1586 776 1672 προωνομασμένων
784 1588 897 1653 κακῶν

6 1683 214 1773 ἀπαλλαγήν.
260 1690 330 1755 102.
352 1683 462 1773 είγάρ
482 1688 519 1754 ἐν
535 1713 581 1777 τῳ
566 1687 796 1773 κεκραγέναι
814 1682 896 1772 πρὸς
909 1710 934 1752 ιτ

1 1788 30 1856 λν
57 1785 253 1874 εἰσήκουσεν
280 1783 401 1872 αὐτοῦ,
426 1782 547 1909 ηήξατο
573 1786 610 1855 δὲ
634 1790 806 1875 ῥυσθήναι
831 1782 896 1855 άπδ

14 1893 180 2010 ῥομφαίας
203 1886 265 1976 τήν
288 1886 401 1976 ψυχήν
424 1883 547 1974 αὑτοῦ,
580 1891 616 1957 ἐκ
647 1887 684 1955 δὲ
710 1887 810 1967 κυνὸς
832 1884 896 1974 τήν

1 1997 90 2078 ιγενή
109 1985 230 2075 αὑτού,
249 1993 305 2058 καὶ
324 1996 371 2057 έτι
390 1992 425 2057 ἐκ
439 1988 598 2078 στόματος
611 1988 742 2067 λέοντος
756 1982 849 2056 καῖ’
830 1985 894 2056 απδ

1 2088 75 2159 ἱτων
99 2088 339 2178 μονοκεράτων
361 2087 424 2178 τήν
447 2097 651 2159 ταπείνωσιν
673 2086 796 2176 αὑτοῦ,
819 2085 895 2158 ἀκύ-

1 2190 55 2260 λόν
1 2195 148 2260 λέστι
172 2208 265 2261 νοεῖν
288 2190 416 2261 τούτων
439 2187 637 2278 ἀπαλλαγήν
660 2186 819 2277 εὑρέσθαι
836 2189 934 2260 τόυεο

1 2321 81 2362 αντα
96 2288 171 2362 “sm
189 2291 233 2381 μή
252 2291 488 2382 προσώχθισεν
505 2291 523 2361 ὁ
541 2290 621 2372 θεὸς
638 2299 679 2380 τῇ
704 2290 816 2379 δεήσει
834 2286 893 2360 αύ·

15 2396 99 2483 μηδὲ
117 2393 152 2463 τὸ
171 2393 353 2482 πρόσωπον
371 2393 581 2483 ἀπέστρεψεν
598 2391 656 2461 ἀπ’
678 2395 795 2479 αὐτοῦ,
814 2387 891 2462 ἀλλ’

1 2499 27 2587 ςά
53 2498 250 2583 κεκραγέναι
274 2494 469 2583 είσήκουσεν
493 2490 632 2564 αύτού.”
677 2499 746 2564 103.
767 2491 820 2563 διδ
838 2494 894 2562 καὶ

1 2601 73 2685 ρξεν
99 2593 188 2688 αύτῷ
217 2599 377 2686 ρυσθέντι
402 2601 472 2666 των
497 2594 666 2666 τοσούτων
692 2599 748 2664 καὶ
776 2598 811 2663 ἐκ
834 2597 894 2663 τοῦ

1 2697 75 2767 άτου
89 2697 289 2786 διαφυγόντι
303 2704 554 2788 συνδιατρίβειν
564 2712 634 2777 τοῖς
649 2699 770 2765 ἑαυτου
758 2699 894 2784 Ἣμαθή
907 2719 932 2760 25

14 2795 98 2921 ὁμου
85 2801 171 2867 καὶ
191 2796 366 2888 ἀδελφοῖς,
392 2795 487 2868 καὶ
466 2816 588 2888 υμνεῖν
607 2801 644 2867 έν
665 2800 756 2920 μέσφ
775 2801 894 2884 ἐκκλή-

19 2898 77 2967 τὸν
95 2903 228 2990 πατέρα.
270 2899 363 2990 τήρει
388 2902 424 2969 δε
450 2899 552 2970 πάλιν
576 2928 621 2980 ως
644 2897 776 2987 πτωχὸν
794 2888 894 2978 αὖθις

1 2998 45 3069 δν
63 2996 239 3088 ἀποκαλεῖ,
268 3001 456 3090 συμφώνως
479 3018 552 3083 ταῖς
571 2998 733 3090 πρότερον
752 3025 892 3088 παρατε-

1 3126 56 3183 ·αις
75 3113 310 3191 προφητείαις,
331 3094 424 3172 δι’
398 3131 445 3171 ων
463 3106 565 3190 πένης
583 3105 639 3171 καὶ
661 3100 789 3190 πτωχὸς
807 3098 893 3170 ἀνο-

1 3232 50 3273 το.
90 3209 159 3273 104.
179 3201 254 3272 ἀλλ’
276 3207 347 3274 ἐπεὶ
365 3205 420 3272 καὶ
437 3203 499 3293 τήν
515 3202 699 3273 ἀνάστασιν
713 3199 816 3272 αὑτοῦ
835 3196 891 3270 διά
903 3223 930 3264 αι

1 3333 53 3374 ων
71 3307 295 3392 παρέστησεν,
315 3297 415 3385 αὖθις
433 3302 516 3392 πρὸς
529 3304 587 3375 τὸν
601 3308 726 3392 πατέρα
745 3303 891 3389 ἐπιστρέ-

19 3404 77 3474 τδν
95 3405 211 3494 λόγον,
230 3404 320 3493 παρά
338 3410 418 3494 σού,
438 3410 559 3494 φησὶν,
583 3402 600 3475 ὁ
620 3403 753 3484 ἔπαινός
771 3433 836 3492 μου
855 3406 892 3474 ἐν

1017 274 1030 311 '1

1024 316 1032 339 τ

1139 239 1162 301 ἐν

1148 333 1155 354 9

1144 453 1161 494 v
