2326 3818
287 129 474 183 DEMONST.
493 130 627 184 EVANG.
649 130 695 185 VI.
709 133 817 186 16-18.
971 131 1034 196 383

59 267 138 340 “καλ
156 267 422 359 καταφεάξονται
439 275 524 357 ἔθνη
538 268 644 338 πολλὰ
662 272 715 338 ἐπὶ
730 268 789 339 τὸν
806 268 924 396 κήριον
939 275 975 341 ἐν
992 279 1033 362 τῇ

63 369 169 492 ἡμέρα
188 375 317 459 ἐκείνη,
336 371 392 439 καὶ
410 376 541 439 ἔσονται
559 368 649 462 αὐτφ
639 373 716 452 ’ςεί
734 368 852 440 λαόν.”
884 377 913 441 3
928 378 1033 442 ταῦτα

65 468 135 542 δὲ
119 501 137 542 ο
156 470 253 559 λόγος
270 471 332 559 τὴν
348 473 574 558 θυγατέραῗ
540 498 635 541 ιων
659 467 919 559 εὐαγγελίζεται,
944 472 1032 542 οὕτω

63 573 125 662 τήν
143 577 323 661 ἐκκλησίαν
340 575 401 641 τοῦ
423 575 509 641 θεου
531 571 808 662 προσαγορεύων,
834 571 944 641 διά
912 602 949 642 το
974 579 1032 661 της

38 703 50 744 5
65 679 268 764 ἐπουρανίου
287 669 501 762 Ιερουσαλήμ
524 677 697 763 θυγατέρα
715 671 802 742 εἶναι
820 681 950 762 δοκεῖν,
968 704 1033 763 μηι

62 774 141 865 τρός
159 773 262 865 οὔσης
281 778 410 863 ἐκείνης
427 777 495 843 των
513 769 637 862 άγίων,
662 773 744 844 κατά
762 775 822 845 τὸν
840 773 931 862 ίερόν
949 771 1032 844 άπόυ

63 886 190 948 στολον.
231 872 301 963 II}
325 878 381 945 καλ
403 872 512 956 άλλως
534 874 689 966 θυγάτηρ
716 875 810 946 Σιών
834 875 855 964 ἡ
875 881 1032 964 ἐκκλησία

62 984 209 1067 Χριστοῦ
233 983 371 1066 λεχθείη
394 971 453 1062 άν,
478 970 523 1056 ὥς
546 971 589 1045 άν
613 981 649 1046 ἐκ
667 980 724 1063 τῆς
750 982 911 1067 προτέρας
930 1000 1031 1047 συνα-

61 1084 171 1169 γωγῆς
189 1082 257 1149 των
276 1082 311 1147 ἐκ
328 1080 506 1167 περιτομῆς
525 1075 581 1146 διά
598 1105 634 1146 τε
652 1075 847 1149 ἀποστόλων
860 1082 915 1148 καὶ
931 1077 1056 1166 εὐαγ-ι

25 1213 49 1250 ιο
63 1185 225 1268 γελιστοὸν
241 1174 426 1264 ὑποστάσα,
445 1186 479 1247 οἳ
494 1181 550 1247 καὶ
563 1176 754 1267 γεννήματα
772 1177 954 1269 ἐτύγχανον
970 1209 1031 1269 μη-

62 1279 138 1369 τρὸς
148 1284 206 1368 τής
216 1279 457 1369 άπορριφείσης
472 1278 528 1348 διὰ
538 1278 595 1360 τάς
609 1285 734 1362 οίκείας
746 1286 956 1369 δυσσεβείας,
975 1284 1030 1350 καὶ

61 1380 164 1472 χήρας
181 1384 405 1470 γεγενημένης
431 1380 486 1449 διά
507 1377 544 1449 τό
564 1377 728 1450 άπελάσαι
748 1379 808 1450 τὸν
831 1379 956 1470 άνδρα,
977 1380 1032 1449 διά

62 1486 129 1553 των
159 1488 342 1570 προφητῶν
373 1480 644 1571 ἐπιμεμψάμενον
674 1478 760 1572 αὐτή
789 1484 845 1550 καὶ
876 1480 1031 1570 φήσαντα

58 1579 141 1673 “οὐγ
168 1578 212 1663 ως
235 1580 409 1672 άνδρα.με
435 1580 591 1663 ἐκάλεσας
620 1584 675 1652 καὶ
699 1585 825 1671 πατέρα
849 1585 905 1652 καλ
928 1580 1031 1671 άρχη-

24 1712 49 1754 τε
61 1683 124 1774 γόν
139 1689 198 1773 τῆς
210 1691 402 1775 ,παρθενίας
420 1681 521 1769 σου;”
551 1679 586 1765 ὃς
604 1687 659 1753 καὶ
677 1699 745 1764 τοῖς
764 1687 796 1766 ἐξ
816 1679 917 1770 αὐτῆς
934 1712 1031 1772 γενο-

61 1790 173 1875 μένοις
186 1783 245 1856 τόν
259 1783 385 1874 τρόπον
397 1789 455 1873 τής
470 1783 592 1875 μητρὸς
604 1782 795 1874 διαβάλλων
808 1788 892 1873 φησλ
910 1783 1032 1909 ’μνίου

61 1895 158 1959 τοῦτο
183 1888 219 1957 τὸ
243 1892 377 1975 βιβλίον
401 1915 462 1956 του
448 1882 686 1956 άποστασίου
703 1890 761 1972 τής
785 1884 905 1975 μητρὸς
925 1884 1030 1973 δμων,

63 2017 88 2082 φ
76 1980 375 2071 ἐξαπέστειλα’
336 1986 458 2076 αντήν;
462 1985 567 2057 ”καὶ
580 1983 702 2058 πάλιν
704 1983 856 2078 ’κριθῆτε
869 1987 952 2075 πρδς
969 1987 1058 2073 τήνο

61 2091 186 2212 μητέρα
203 2086 316 2177 ὑμων,
335 2091 492 2213 κριθῆτε,
510 2116 560 2157 οτι
579 2118 662 2177 αντη
680 2085 720 2157 οὐ
739 2119 826 2179 γυνη
843 2118 920 2178 μου,
939 2085 1029 2217 κάγω

24 2216 49 2256 νο
62 2218 125 2260 ουκ
142 2187 227 2278 άνήρ
246 2187 370 2276 αὐτήςῖ
373 2186 497 2257 ’.ίὸ
466 2186 599 2270 είκότως
614 2187 733 2277 δήτα’
711 2218 755 2270 ως
773 2219 815 2259 αν
828 2219 890 2277 την
906 2192 1031 2280 μητέρα

61 2288 362 2381 άπαρνησαμένους
375 2292 434 2359 τοῦ
447 2296 567 2379 κυρίου
580 2286 641 2376 τήν
657 2288 860 2379 θυγατέρα
842 2319 862 2378 η
876 2312 1031 2380 παρουσα

62 2397 248 2481 προφητεία
272 2388 516 2478 εὐαγγελίζεται
542 2387 604 2477 τήν
621 2385 803 2459 αὐτοῦτοῦ
827 2399 947 2480 κυρίου
966 2418 1030 2459 wa-

63 2499 212 2582 ρουσίαν.
239 2503 291 2580 είη
306 2489 336 2560 δ’
353 2487 397 2560 άν
410 2485 523 2580 αὕτηή
540 2493 571 2573 ἐξ
586 2493 699 2560 ἐθνῶν
709 2493 877 2578 ἐκκλησία,
889 2493 926 2558 ἐν
938 2488 1030 2580 χάρη

62 2592 231 2683 θυγατρὸς
248 2601 306 2682 τῆς
325 2597 486 2681 προτέρας
504 2591 560 2662 διὰ
577 2588 655 2673 τούς
669 2589 873 2674 άποστόλους
890 2594 950 2660 του
967 2612 1030 2659 σω·

24 2722 49 2761 τε
62 2702 159 2784 τήρος
178 2695 273 2785 ήμῶν
290 2696 517 2784 λελογισμένη.

395 2926 476 2999 Ἀπὸ
494 2932 554 2998 τοῦ
572 2925 684 2998 αὐτοῦ.
1039 2960 1092 3010 μοι)

141 3075 241 3135 XVIII.
266 3056 371 3132 “'1601'2
401 3057 519 3151 ἡμέραι
547 3067 698 3150 ἔρχονται
720 3066 780 3132 τοῦ
804 3069 941 3149 κυρίου,
973 3063 1029 3129 καὶ

65 3159 381 3252 διαμερισθήσονται
394 3161 434 3232 τά
448 3160 553 3232 σκῦλά
567 3185 629 3232 σου
644 3167 680 3234 έν
694 3165 758 3251 σοὶ,
773 3165 827 3232 καὶ
843 3160 1028 3244 ἐπισυνάξω
1043 3196 1056 3235 b

132 3365 164 3413 τι
181 3364 239 3414 Jer.
252 3367 278 3427 ο,
290 3364 316 3414 4,
437 3363 469 3410 16
486 3362 533 3412 Es.
545 3363 587 3424 το,
602 3363 624 3411 1.
747 3362 779 3412 18
799 3360 845 3411 οε.
859 3363 884 3422 τ,
899 3361 924 3408 2.

62 3432 95 3480 τι
113 3431 196 3480 Zaoh.
211 3433 251 3494 14,
266 3433 290 3480 υ
