2326 3818
322 149 507 203 DEMONST.
523 150 655 205 EVANG.
673 151 724 201 111.
741 153 766 200 ν.
972 148 1033 212 149

57 289 227 380 Ἑλλήνων
255 293 323 360 τῶν
353 318 389 360 τε
418 287 634 378 ἀγριωτάτων
665 292 720 359 καὶ
750 288 1033 379 θηριωδεστάτων

63 390 258 483 άνθρῶπων
283 389 346 480 τήν
376 393 431 461 ἐπί
452 389 489 461 τδ
518 397 627 482 πρᾶον
654 393 710 461 καί
734 389 860 482 ήμερον
885 391 940 460 διὰ
975 398 1031 480 τῆς

64 499 212 584 Χριστοῦ
244 499 462 576 διδασκαλίας
492 497 721 582 γενησομένην
750 493 939 582 μεταβολήν
970 507 1032 565 θε-

64 603 179 681 σπίζει.
222 591 369 685 λέγει-δ’
398 587 460 666 οὖν
475 590 561 664 “nal
585 592 901 684 σνμβοσκηθήσεται
932 595 1032 675 λύκος

37 696 147 786 εμετά
170 695 289 788 άρνὸς,
314 698 368 766 καὶ
393 695 556 785 πάρδαλις
588 695 882 768 σνναναπαύσεται
912 700 1031 788 ἐρίφφ,

64 801 119 869 καί
143 797 325 890 μοσχάριον
347 806 405 870 καί
431 802 552 886 ταύρος
577 801 633 867 καὶ
657 801 744 869 λεόιν
768 795 835 889 άμα
858 797 1032 887 βοσκηθή-

64 897 209 990 σονται,”
247 906 298 971 41.
318 903 375 970 καὶ
393 897 433 970 τά
450 898 579 981 τούτοις
594 897 856 990 παραπλήσια,δ
874 904 930 970 καὶ
943 897 1032 990 παρά

63 1001 170 1084 πόδας
189 1005 365 1092 διασαφῶν
392 1000 567 1092 ἑρμηνεύει
585 1001 696 1091 φήσας
709 998 728 1024 “
738 1004 793 1073 καὶ
813 1010 905 1073 ἔσται
923 1002 940 1073 ὁ
959 998 1032 1072 άνι-

64 1103 225 1194 στάμενος
242 1103 357 1196 άρχειν
377 1107 501 1190 ἐθνῶν,
521 1101 575 1173 ἐπ’
602 1103 695 1199 αὐτῷ
720 1112 806 1192 ἔθνη
832 1101 1031 1174 ἐλπιοῦσιν.”

25 1236 51 1274 10
140 1211 192 1277 42.
220 1209 348 1294 Σαφῶς
384 1203 447 1295 γάρ
476 1206 516 1275 τά
540 1202 645 1293 άλογα
668 1210 843 1297 θρέμματα
877 1205 1033 1288 καὶτοὺς

64 1310 449 1397 προκαταλελειμμένους
473 1312 583 1395 θήρας
602 1305 683 1377 ούδδ
700 1305 821 1387 άλλονς
848 1308 934 1377 εἶναι
964 1312 1032 1378 τῶν
1048 1337 1061 1376 ο

65 1413 195 1497 ἐθνῶν,
220 1413 281 1480 τού
309 1408 501 1498 θηριῶδονς
525 1412 622 1479 ἕνεκα
643 1407 786 1499 τρόπον,
812 1408 1032 1498 διεσάφησεν

66 1500 115 1580 ῶν
130 1514 242 1581 ἐθνῶν
259 1507 371 1602 άρξειν
389 1515 495 1601 φησίν
512 1511 570 1580 τὸν
584 1509 805 1601 ἀνιστάμενον
824 1514 860 1579 ἐκ
885 1513 1030 1599 σπέρμα-

64 1641 119 1694 τος
133 1611 264 1702 Ἰεσσαὶ,
284 1610 345 1702 ἀφ’
366 1603 407 1684 ού
426 1608 498 1705 δήὸ
518 1612 629 1702 σωτήρ
647 1615 701 1683 καὶ
723 1611 836 1703 κύριος
861 1607 956 1702 ήμῶν
979 1641 1032 1700 γε·

27 1741 52 1781 15
66 1723 291 1804 νεαλογεῑται,
313 1713 365 1804 ἐφ’
393 1711 434 1786 δν
459 1713 500 1785 τά
519 1722 566 1796 είς
591 1713 693 1785 αύτὸν
721 1712 921 1786 πιστεύοντα
949 1721 1034 1804 ἔθνη

36 1872 39 1876 .
66 1818 166 1887 εἰσέτι
190 1820 257 1887 νύν
281 1821 419 1906 ἐλπίζει,
452 1815 642 1907 σομφῶνως
676 1821 719 1908 τή
746 1816 928 1908 προρρήσει
955 1811 1034 1886 “καὶ

66 1914 192 1990 ἕσταιὸ
216 1916 436 2008 ἀνιστάμενος
460 1917 577 2010 άρχειν
604 1922 728 2008 ἐθνῶν,
754 1917 805 1988 ἐπ’
833 1916 923 2012 αύτῷ
948 1925 1033 2007 ἔθνη

66 2018 251 2092 ἐλπιούσι.”
289 2025 340 2091 43.
366 2028 464 2092 τούτο
484 2021 526 2109 δή
544 2019 695 2111 παράθες
718 2036 787 2103 τοῖς
805 2019 894 2111 παρά
913 2030 1036 2091 Μωσεῑ

66 2124 262 2210 φερομένοις
280 2126 502 2210 διαστέλλων,
526 2125 581 2192 καὶ
605 2121 641 2191 τδ
660 2124 721 2211 μὲν
734 2118 849 2193 ’Ἔσται
867 2121 885 2193 δ
900 2120 1032 2193 ἀνιστά-

27 2250 51 2288 νο
66 2249 165 2309 μενος
183 2220 298 2310 άρχειν
318 2220 446 2293 ἐθνῶν”
468 2222 657 2313 ἐφάρμοσον
668 2228 715 2317 τῷ
728 2220 958 2307 “ἕξελεύσεται
976 2221 1033 2293 άν-

66 2335 202 2411 θρωπος
212 2326 247 2391 ἐκ
259 2327 319 2393 τού
333 2325 517 2412 σπέρματος
532 2321 649 2412 αὐτοῦ,
663 2328 719 2395 καί
737 2324 906 2412 κυριεύσει
922 2330 1034 2394 ἐθνῶν

66 2419 239 2494 πολλῶν·”
265 2427 322 2495 καὶ
338 2422 375 2496 τδ
388 2420 467 2495 “ἐπ’
484 2423 579 2518 ἀύτῷ
596 2432 682 2513 ἑθνη
703 2422 876 2496 ε’λπιούσι”
896 2428 942 2517 τῶ
954 2424 1034 2494 “καὶ

66 2523 164 2608 αὐτὸς
183 2534 274 2597 ἔσται
292 2533 478 2619 προσδοκία
496 2524 642 2598 ἐθνῶν.”
674 2532 725 2598 44.
745 2535 780 2596 τί
794 2525 859 2615 γάρ
879 2531 1031 2616 διαφέρει
1047 2557 1089 2608 με)

66 2626 209 2716 φάσκειν
226 2624 302 2700 “ἐπ’
324 2625 415 2701 αύτῶ
434 2638 520 2718 ἔθνη
539 2626 733 2700 ἐλπιοῦσιν”
753 2626 774 2718 ή
792 2627 916 2711 “abtas
941 2635 1033 2699 ἔσται

26 2757 51 2798 25
65 2738 251 2820 προσδοκία
266 2730 419 2816 ἐθνῶν;’
441 2730 542 2803 πάλιν
558 2727 624 2801 δ’
610 2762 627 2803 ο
641 2761 742 2814 αντος
753 2730 891 2813 Ἡσαΐας
906 2752 983 2821 προι
981 2730 1034 2801 ῶν

65 2833 227 2921 περὶτοῦ
251 2840 398 2924 Χριστοῦ
421 2838 525 2905 ταύτα
549 2833 754 2925 προφητεύει
780 2829 928 2905 “ίδού
914 2863 931 2903 ο
956 2851 1034 2914 παις

65 2960 131 3053 μου
143 2928 183 3003 δν
201 2928 355 3024 ήρίτιοα,
380 2964 398 3004 ο
416 2962 585 3024 αγαπητος
601 2964 730 3026 μου,ε
715 2933 802 3018 ε“ίς
785 2965 825 3006 ον
850 2933 1034 3024 εὐδόκησεν

65 3063 84 3122 η
103 3031 194 3124 φυχη
210 3063 294 3164 μον,
314 3044 426 3126 κρίσιν
443 3052 514 3119 τοῖς
537 3044 675 3108 ἔθνεσιν
699 3033 845 3121 ἐξοίσειῖ’
882 3040 940 3107 καὶ
965 3042 1033 3106 ἐπι-

64 3134 226 3227 φέρει’“
206 3165 268 3219 εως
286 3132 329 3208 άν
346 3142 394 3228 θή
414 3140 467 3208 ἐπὶ
485 3142 546 3227 γῆς
564 3147 688 3228 κρίσιν,
707 3143 763 3210 καί
783 3143 819 3210 ἐν
838 3135 913 3232 τῶ
897 3166 1034 3227 ονοματι

27 3264 52 3306 εο
67 3234 171 3308 αύτού
190 3246 274 3328 ἔθνη
294 3236 498 3310 ἐλπιούσιν.”

134 3473 331 3535 4Es.11,16.
434 3473 580 3538 2⁷Es.42,
596 3476 620 3528 1.
655 3473 886 3541 Masth.1‘2,ffi.
