2326 3818
123 111 183 174 100
525 112 677 165 ειέοοιι

115 249 346 339 κατασιγάζειν
376 249 454 333 τοὺς
487 254 522 321 ἐκ
552 255 731 341 περιτομῆς
756 251 945 341 φάσκοντας
970 250 1087 342 μόνοις

117 349 229 434 αύτοῐς
246 352 303 436 τὰς
331 358 528 441 ἐπαγγελίας
556 357 616 424 τού
642 357 726 425 θεοῦ
745 357 976 443 δεδωρῆσθαι,
999 350 1087 446 ἡμᾶς

119 456 154 525 δέ
179 453 254 536 τούς
281 451 346 525 ἀπὸ
376 459 444 526 των
475 459 588 527 ἐθνῶν
617 455 789 545 περιττούς
820 456 906 527 εἶναι
934 457 990 526 καὶ
1018 460 1087 529 τών

118 565 225 628 θείων
243 551 458 647 ὑποσχέσεων
475 554 685 647 ἀλλοτρίους·
714 559 878 628 δέδεικται
897 555 960 647 γάρ
978 565 1086 648 ἔμπα-

116 670 169 731 λιν
188 658 231 742 ώς
257 662 455 731 τεθέσπιστο
478 658 518 729 τά
536 659 597 748 μὲν
621 666 706 748 ἔθνη
728 658 837 730 πάντα
860 663 917 749 της
936 664 1086 749 Χριστοῦ
1098 678 1129 733 ε’

59 789 101 840 μη
117 769 301 853 παρουσίας
319 757 541 848 ἀπολαύσειν,
569 760 609 831 τά
627 757 660 832 δ’
678 758 850 834 Ἰουδαίων
867 759 982 851 πλήθη
1000 758 1086 835 ἀπο-

116 875 294 934 πεσεῑσθαι
318 865 375 950 τῆς
398 860 480 949 πρὸς
503 863 580 944 τοὺς
599 861 711 934 αὐτων
733 860 918 953 προγόνους
943 866 1087 954 ἐπαγγε-

117 974 189 1046 λιάς
210 963 264 1034 διά
287 964 349 1052 τὴν
373 970 419 1046 είς
437 964 582 1053 Χριστὸν
599 963 713 1036 αύτών
730 963 903 1053 ἀπιστίαν,
930 977 1086 1038 σπανίων

86 1070 150 1149 ιέξ
169 1062 282 1137 αύτών
306 1059 352 1147 είς
375 1065 433 1137 τὸν
456 1071 588 1157 σωτῆρα
612 1069 668 1138 καί
693 1067 811 1156 κύριον
837 1066 933 1158 ἡμῶν
949 1093 1084 1141 πιστευ-

116 1166 265 1255 σάντων,
291 1170 347 1238 καὶ
371 1167 426 1238 διδι
443 1172 540 1240 τούτο
563 1171 621 1257 τῆς
640 1171 886 1258 ἐπηγγελμένης
903 1196 1086 1260 πνευματι-
1098 1200 1124 1242 ω

115 1273 176 1358 κης
194 1267 456 1359 ἀπολυτρώσεως
475 1268 520 1341 δι’
548 1267 652 1342 αὐτοῦ
669 1274 892 1359 τευξομένων·
934 1276 986 1341 44.
1007 1275 1086 1361 περὶ

116 1361 165 1442 ών
183 1371 273 1443 καὶὸ
299 1371 489 1463 θαυμάσιος
507 1368 688 1454 ἀπόστολος
712 1370 863 1444 διδάσκει
886 1399 952 1444 που
975 1376 1085 1461 λέγων

108 1469 272 1556 ’Ἥσαίας
287 1477 324 1546 δὲ
340 1473 517 1564 κραυγάζει
533 1472 620 1565 ὑπὲρ
634 1477 696 1545 τού
710 1470 851 1564 Ἰσραὴλ,
871 1474 930 1546 ἐάν
944 1463 994 1565 ᾖὸ
1009 1471 1086 1565 ἀρι-

112 1575 201 1664 θμός
224 1583 292 1647 τών
316 1580 401 1648 υίών
422 1574 551 1665 Ἰσραὴλ
575 1572 619 1658 ώς
642 1571 663 1665 ἡ
687 1574 792 1666 άμμος
814 1580 872 1665 τῆς
896 1573 1084 1667 θαλάσσης,

114 1677 152 1746 τὸ
170 1673 358 1767 ὑπόλειμμα
381 1675 585 1766 σωθήσεται·
627 1677 727 1766 λόγον
752 1676 815 1767 γὰρ
838 1681 1009 1750 συντελών
1027 1682 1085 1751 καὶ
1098 1706 1123 1749 ιε

114 1781 313 1869 συντέμνων
332 1783 368 1850 ἐν
387 1777 603 1871 δικαιοσύνη,
628 1778 679 1849 ότι
698 1777 798 1867 λόγον
815 1782 1084 1869 συντετμημένον

115 1879 247 1969 ποιήσει
278 1880 392 1970 κύριος
416 1882 470 1950 ἐπὶ
500 1887 558 1969 τῆς
584 1885 653 1970 γῆς.
704 1883 760 1951 καὶ
784 1878 897 1962 καθώς
920 1897 1085 1970 προεῖπεν

111 1978 264 2070 Ἡσαΐας,
301 1991 333 2053 εί
360 1980 405 2070 μὴ
437 1980 550 2072 κύριος
573 1980 728 2071 Σαβαώθ
759 1985 971 2071 ἐγκατέλιπεν
1002 1982 1085 2074 ἡμῖν

88 2110 103 2149 ο
118 2086 265 2174 σπέρμα,
286 2080 330 2164 ώς
348 2082 486 2174 Σόδομα
500 2079 543 2155 ἀν
556 2083 766 2174 ἐγενήθημεν
784 2086 841 2155 καὶ
865 2083 909 2167 ώς
927 2083 1084 2177 Γόμορρα

116 2180 159 2255 ἀν
178 2180 432 2276 ώμοιώθημεν.”
464 2191 515 2257 45.
535 2182 585 2269 οἷς
598 2185 676 2276 μεθ’
698 2191 794 2276 έτερα
809 2190 959 2275 ἐπιφέρει
973 2191 1083 2275 λέγων
1095 2216 1122 2257 ιο

110 2282 178 2377 δ’μὴ
204 2285 358 2359 ἀπώσατο
383 2287 411 2358 δ’
432 2288 512 2372 θεὸς
535 2287 593 2360 τόν
617 2286 700 2360 λαόν
723 2286 843 2374 αύτούς
873 2285 918 2377 μὴ
942 2291 1082 2377 γένοιτο.

116 2394 172 2460 καὶ
189 2388 253 2479 γάρ
273 2390 337 2480 ἐγώ
353 2387 554 2483 Ἰσραηλίτης
573 2395 641 2482 εἰμὶ
665 2396 701 2462 ἐκ
719 2394 905 2480 σπέρματος
920 2388 1082 2482 Ἀβραάμ,

113 2500 224 2582 φυλῆς
238 2503 410 2583 Βενιαμίν.
453 2493 517 2564 οὐκ
534 2492 690 2565 ἀπώσατο
714 2489 731 2562 ὁ
749 2490 829 2573 θεὸς
847 2491 906 2563 τόν
923 2489 1005 2563 λαόν
1023 2491 1083 2564 αὖ·

24 2586 26 2591 ’
113 2599 190 2681 τού,
209 2591 249 2664 δν
266 2599 428 2682 προέγνω.
464 2600 515 2665 46,
535 2589 556 2682 ἢ
574 2592 637 2666 ούκ
654 2601 766 2666 οἴδατε
781 2598 817 2665 ἐν
830 2592 926 2686 Ἠλίηι
943 2602 977 2663 τί
993 2597 1084 2683 λέγει

115 2692 284 2785 ἡγραφή,
317 2695 361 2777 ώς
390 2693 583 2785 ἐντυγχάνει
606 2702 652 2790 τῷ
675 2699 767 2788 θεῷ,
792 2699 900 2784 λέγων
924 2699 1001 2784 περὶ
1020 2704 1119 2768 τούιε

110 2793 258 2886 Ἰσραὴλ,
283 2795 394 2887 κύριε,
419 2795 496 2878 τούς
520 2796 692 2888 προφήτας
716 2820 777 2868 σου
801 2794 1016 2887 ἀπέκτειναν,
1040 2798 1082 2869 τά

115 2896 338 2988 θυσιαστήριά
356 2920 418 2969 σου
436 2901 665 2989 κατέσκαψαν,
685 2896 775 2988 κάγώ
788 2894 1003 2988 ὑπελείφθην
1020 2898 1082 2990 μό-

114 3028 188 3088 νος,
208 3002 263 3069 καλ
283 3005 415 3090 ζητοῦσι
432 2998 494 3089 τὴνΙ
512 2999 624 3092 ψυχήν
641 3031 724 3092 μου,
742 3005 803 3071 τοῦ
820 3010 938 3089 λαβεῖν
956 2997 1081 3091 αύτήν;

113 3097 197 3171 ἀλλά
211 3111 245 3173 τί
255 3106 344 3192 λέγει
357 3097 627 3193 όχρηματισμός;
647 3105 824 3174 κατέλιπον
838 3107 968 3198 ἐμαυτῷ
983 3106 1081 3174 ἕπτα-

114 3214 295 3292 κισχιλίους
326 3202 471 3296 ἀνδρας,
503 3211 624 3288 οἵτινες
655 3204 718 3276 ούκ
749 3212 902 3294 ἔκαμψαν
928 3203 1011 3293 γόνυ
1038 3211 1118 3298 τῇω

116 3350 316 3364 *⁸*-

182 3439 213 3486 13
232 3437 306 3490 Rom.
319 3442 345 3503 9,
360 3441 400 3512 ²⁷:
426 3501 432 3512 .
505 3442 537 3489 21
556 3439 631 3493 Rom.
648 3442 687 3501 ll,
703 3443 725 3493 l.
