2326 3818
238 168 242 175 .
269 123 796 178 DEMONST.EVANG.VL1215
965 126 1027 189 381

368 325 447 400 Ἀπδ
465 336 525 399 τοῦ
543 337 720 420 Ζαχαρίου.

135 479 208 540 XVI.
233 462 252 490 “
261 462 349 536 Τάδε
375 467 464 552 λέγει
493 462 607 555 κύριος
638 465 894 557 παντοκράτωρ,
921 463 1027 536 ὀπίσω
1044 495 1058 535 ιι

58 565 157 656 δόξης
180 564 367 636 άπέσταλκέ
388 594 429 654 με
459 568 515 635 ἐπὶ
544 563 584 635 τά
614 573 698 654 ἔθνη
729 564 770 636 τά
798 565 1028 636 σκυλεύσαντα

58 667 159 758 ῦμάς·
189 666 272 737 διότι
289 665 307 736 ὁ
326 661 509 756 ἁπτόμενος
526 664 640 755 ῦμῶυ,
667 662 711 749 ὦς
733 666 752 737 ὁ
770 665 954 757 ἁπτόμενος
972 675 1028 755 τῆς

31 767 159 860 σκόρης
178 772 237 839 τοῦ
253 764 434 857 ὀφθαλμοῦ
452 764 567 838 αύτοῦ.
599 765 684 838 διότι
703 766 779 839 ίδού
798 767 862 856 ἐγω
882 770 1028 857 ἐπιφὲρω

59 868 120 959 τὴν
146 868 241 958 χεῖρά
264 898 329 958 μου
354 866 406 938 ἐπ’
435 867 575 957 αὐτοῦς,
599 870 656 956 καλ
681 875 812 941 ἔσονται
836 875 942 940 σκῦλα
961 887 1028 949 τοῖς

58 973 284 1042 δουλεύσασιν
302 965 427 1057 αὐτοῖς,
445 972 501 1039 καλ
519 967 695 1058 γνώσεσθε
712 969 762 1041 ὅτι
782 968 896 1060 κύριος
910 998 1029 1041 παντο-

61 1071 191 1164 κράτωρ
211 1071 436 1154 ἐξαπέσταλκέ
450 1067 526 1158 με.”

135 1179 166 1243 2.
186 1171 312 1261 Κύριος
330 1167 430 1252 αὐτὸς
447 1167 465 1240 ό
483 1169 721 1261 παντοκράτωρ
741 1175 778 1240 ἐν
803 1168 932 1252 τούτοις
951 1175 1030 1243 ἑαυ-

23 1310 47 1348 ιο
61 1271 120 1344 τόν
143 1270 351 1344 ἀπεστάλθαι
375 1275 476 1360 φησὶ,
507 1275 563 1343 καλ
585 1270 645 1342 τόν
669 1270 911 1342 ἀποστείλαντα
940 1270 1030 1352 ὅστις

61 1387 112 1464 εἴη
132 1372 294 1462 διδάσκει,
313 1375 421 1461 λέγων
434 1370 514 1444 “nal
530 1366 708 1461 γνώσεσθε
720 1370 770 1444 ὅτι
784 1372 898 1462 κύριος
911 1399 1031 1441 παντο-

49 1475 192 1566 κράτωρ
217 1476 440 1558 ἐξαπίσταλκέ
455 1471 528 1564 με.”
571 1473 698 1544 οὐκοῦν
715 1478 771 1545 καὶ
795 1477 943 1544 ἐνταῦθα
969 1472 1031 1543 δύο

59 1581 176 1664 σαφῶς
195 1585 279 1666 ἔχεις
297 1580 355 1668 μιᾷ
374 1581 565 1666 χρωμένους
583 1582 806 1667 προσηγορία,
824 1574 883 1645 τόν
899 1604 933 1645 τε
952 1573 1031 1644 άπο·

62 1684 238 1747 στείλαντα
256 1677 373 1769 κύριον
397 1675 648 1766 παντοκράτορα
671 1679 727 1746 καλ
751 1675 809 1746 τὸν
834 1672 1031 1747 άποστελλό-

23 1811 49 1851 15
62 1807 164 1869 μενον
181 1776 361 1868 ὁμώνυμον
380 1779 425 1872 τῷ
442 1777 683 1849 άποστείλαυτι.
715 1783 746 1847 3.
766 1785 841 1847 τίνα
857 1776 888 1846 δ’
909 1773 952 1847 άυ
966 1780 1032 1846 ἔτι·
1045 1805 1098 1861 (εει)

62 1909 122 1970 ρον
147 1891 251 1962 είποις
275 1879 334 1951 τὸν
357 1877 645 1969 άποστελλόμευον
668 1873 688 1970 ἦ
711 1878 770 1948 τὸν
794 1877 849 1947 διά
867 1876 1032 1949 πλειόνων

61 1980 143 2070 ἡμῖν
161 1986 453 2071 προηγορευμένον
475 1981 558 2052 θεὸν
582 1979 702 2069 λόγον,
730 1978 812 2068 πρδς
829 1985 889 2049 τοῦ
909 1976 1032 2067 πατρὸς

62 2081 271 2152 ἀπεστάλθαι
289 2077 527 2170 ὁμολογοῦντα,
545 2089 660 2172 σαφῶς
681 2084 716 2152 δὲ
736 2080 889 2173 εἰρηκότα
902 2076 1032 2151 “όπίσω

64 2179 162 2268 δόξης
171 2180 358 2250 άπέσταλκέ
369 2179 448 2271 με;”
472 2185 584 2269 δηλων
597 2179 646 2251 ὅτι
660 2182 887 2271 προῦπάρχωυ
902 2187 938 2252 ἐν
953 2181 1032 2272 δόξῃ

25 2317 51 2356 ιο
64 2288 104 2372 τῇ
123 2278 212 2371 παρά
229 2285 277 2373 τῷ
294 2285 394 2370 πατρὶ
410 2281 492 2370 μετά
506 2285 610 2352 ταῦτα
620 2280 804 2352 άπέσταλτο
819 2286 873 2353 ἐπὶ
891 2282 930 2352 τά
949 2292 1033 2368 ἔθνη

63 2383 103 2453 τά
122 2380 354 2453 σκυλεύσαντα
376 2380 479 2470 ὑμᾶς·
516 2384 569 2450 ἐπὶ
591 2380 655 2470 γάρ
679 2381 718 2451 τά
743 2382 905 2470 πρότερον
930 2381 1034 2471 ἐχθρά

64 2488 120 2554 καλ
143 2486 283 2573 πολέμια
304 2486 366 2553 τοῦ
389 2486 472 2553 λαοῦ
495 2487 554 2551 τοῦ
576 2488 661 2552 θεοῦ
686 2488 771 2570 ἔθνη
796 2481 993 2561 ἀποσταλεὶς
1016 2479 1033 2551 ὁ

64 2590 123 2656 τοῦ
140 2590 225 2656 θεοῦ
244 2583 340 2672 λόγος
357 2580 459 2655 ταῦθ’
479 2579 542 2672 ὑφ’
568 2581 689 2654 ἑαυτὸν
711 2579 853 2673 ἠγάγετο
860 2637 869 2671 ,
896 2581 1034 2653 σκυλεύ-

64 2710 124 2770 σας
142 2683 226 2757 αῦτά
242 2685 298 2757 διά
311 2692 379 2757 τῶν
394 2681 499 2756 αῦτοῦ
512 2690 686 2776 μαθητῶν,
704 2691 823 2765 οἵτινες
837 2676 924 2773 ἦσαν
937 2688 1036 2774 μέρος
1050 2717 1062 2756 b

25 2824 51 2862 ιι
65 2796 124 2860 ’τοῦ
138 2794 175 2858 ἐκ
188 2793 365 2878 περιτομῆς
380 2794 473 2875 λαοῦ,
491 2817 608 2858 οντινα
620 2786 723 2858 πάλαι
741 2785 1034 2858 καταδεδούλωυτο

64 2888 104 2960 τά
123 2896 209 2978 ἔθνη
227 2887 458 2960 σκυλεύσαντα
471 2884 574 2958 αῦτδυ
598 2917 638 2978 τῃ
625 2896 765 2981 οίκεία
786 2895 1033 2981 εἰδωλολατρία

63 2997 94 3061 4.
121 2988 211 3060 ταῦτ’
239 2981 302 3060 οῦν
327 3013 411 3079 φησι
434 2997 613 3061 πείσεσθαι
640 2989 681 3059 τά
706 2987 837 3079 ἔθυη”
816 3017 901 3113 απερ
926 2986 1066 3061 διατέ-

63 3106 191 3164 θεικεν.
227 3121 271 3174 ως
285 3088 348 3181 γάρ
361 3089 420 3161 τόν
433 3090 516 3161 λαὸν
528 3119 588 3162 του
573 3095 686 3162 θεοῦ
700 3095 757 3181 τῆς
771 3119 925 3185 πατρωας
940 3089 1035 3162 εῦσε-

66 3201 160 3280 βείας
172 3191 448 3283 μεταστησάμενα
464 3199 571 3263 σκῦλα
585 3210 653 3275 τοϊς
674 3200 771 3274 ἰδίοις
792 3200 926 3282 δαίμοσι
940 3220 1036 3263 κατε-

135 3427 328 3490 2thz&
