2326 3818
140 124 201 188 218
536 124 683 174 ευειιειι

136 262 269 351 ουργός·
305 259 358 361 (ού
382 260 445 350 χάρ
469 259 552 352 ἀλλη
583 264 669 331 θεοῦ
698 262 759 350 μέν
784 259 923 349 δυνάμει
952 265 1102 350 κεφαλῆς

135 363 263 453 ὑπέστη
281 363 399 454 φύσις,
423 361 507 452 ἀλλη
527 364 564 433 δὲ
587 361 792 450 ὀφθαλμοῖν,
817 365 911 452 ἑτέρᾳ
936 362 974 430 δὲ
993 359 1101 452 ύτων,

138 469 232 558 ἑτέρα
263 468 300 536 δὲ
324 464 453 554 ποδων)
485 463 572 534 οὕτω
597 466 735 533 καὶτοῦ
758 462 949 552 σύμπαντος
974 462 1102 551 κόσμου

136 575 195 656 μία
219 566 368 637 καθόλου
390 574 469 636 θεία
493 563 640 653 δύναμι
663 569 883 634 έπιστατοῦσα
906 562 926 650 ἡ
951 562 1036 652 αῦτη
1058 561 1103 636 ἀν

82 695 121 747 [οι]
137 682 188 758 είη
206 672 261 739 καί
279 668 426 759 ούρανοῦ
445 670 500 737 καὶ
518 665 683 756 ἀστέρων,
702 669 770 737 τῦν
786 695 822 736 τε
841 670 877 735 έν
895 661 967 754 ἀέρι
985 669 1041 735 καλ
1059 671 1130 756 χηε

70 796 123 849 (151)
138 774 193 841 καὶ
217 769 367 857 θαλάττῃ
392 767 501 862 ζῴων,
528 776 699 856 στοιχείων
722 772 848 836 τετῶν
872 765 1022 836 καθόλου
1046 771 1105 838 καὶ

136 878 204 942 των
222 872 304 940 κατά
322 874 436 960 μέρος,
461 871 516 939 καὶ
543 876 590 938 ἔτι
616 866 754 956 φύσεων
771 876 940 960 παντοίων
957 873 1105 955 χενικων

136 1001 172 1041 τε
190 975 245 1041 καὶ
263 975 330 1040 τῶν
354 969 425 1040 κατ’
456 971 544 1051 είδος
564 967 772 1059 δημιουργός.
815 975 844 1038 5.
865 972 920 1038 καὶ
938 965 1000 1039 ούκ
1018 967 1104 1058 ἀλλη

137 1075 198 1160 μέν
216 1069 336 1160 πυρός,
356 1074 451 1162 ἑτέρα
469 1073 506 1142 δέ
523 1069 662 1158 ύδατος,
681 1073 736 1139 καὶ
754 1076 814 1158 γῆς
829 1069 930 1140 πόλιν
944 1067 1027 1159 ἀλλη
1047 1074 1104 1141 καὶ

138 1171 233 1261 ἀέρος
248 1173 409 1262 ,ποιητικὴ
436 1172 591 1262 δύναμις·
624 1170 708 1240 ἀλλά
731 1178 790 1260 μία
813 1167 907 1259 καὶὴ
931 1168 1015 1260 αὕτη
1034 1177 1104 1242 τῶν
1119 1203 1145 1242 ιο

137 1272 225 1343 ὅλων
239 1292 379 1364 τεχνίτις
394 1282 506 1362 σοφία,
521 1277 576 1342 καὶ
590 1271 786 1361 κοσμοποιός
800 1269 900 1352 αὐτὸς
913 1263 1009 1353 οῦτος
1022 1271 1106 1361 ἡμῖν

137 1370 154 1445 ό
178 1374 440 1465 θεολογούμενος
467 1378 534 1445 των
556 1372 645 1443 όλων
669 1371 687 1442 δ
712 1373 912 1462 δημιουργὸς
936 1377 995 1442 τοῦ
1018 1382 1106 1445 θεοῦ

138 1475 241 1564 λόγος.
285 1484 313 1547 6.
334 1495 499 1567 μαρτυρεῖ
522 1476 558 1544 δδ
582 1473 710 1554 τούτοις
736 1470 756 1561 ἡ
781 1474 862 1563 πρός
886 1472 1013 1562 ἀλληλα
1035 1480 1106 1544 τῶν

138 1585 310 1667 στοιχείων
327 1585 442 1665 φιλία,
466 1583 506 1666 τη
530 1580 597 1646 των
621 1575 839 1664 συγκρύσεων
857 1580 1002 1666 ἐπιμιξίᾳ
1020 1599 1105 1665 συγ-

137 1684 219 1766 χευῆ
237 1681 291 1747 καί
310 1676 461 1766 ἀδελφὴν
476 1680 530 1746 καί
545 1674 656 1762 ὥσπερ
672 1674 745 1756 ἑνός
763 1675 990 1766 ἀρχιτέκτονος
1005 1685 1106 1766 ἔργον
1120 1703 1145 1744 ιι

110 1779 198 1869 οτὴν
221 1786 287 1849 τῶν
310 1777 398 1849 ὅλων
421 1777 528 1868 φύσιν
551 1775 789 1866 ἀπελέγχουσα.
840 1783 881 1867 γη
910 1805 945 1846 τε
974 1777 1037 1867 χάρ
1067 1778 1106 1848 τὸ

138 1880 226 1969 βαρύ
257 1896 418 1968 στοιχείου
451 1875 504 1968 ἐφ’
529 1877 664 1949 ύδάτων
686 1875 867 1967 όχουμένη,
900 1881 953 1948 καί
984 1878 1028 1967 μη
1056 1884 1106 1971 τῷ

138 1989 322 2073 στερεμνίῳ
339 1986 397 2069 τῆς
415 1978 547 2068 φύσεως
566 1979 648 2048 κατά
667 1979 797 2067 βάθους
817 1983 989 2068 ἑλκομένη,
1008 1983 1107 2068 μετέ-

139 2110 222 2167 ωρος
256 2077 287 2147 δ’
313 2077 365 2149 ἀεὶ
396 2083 564 2173 φερομένη
588 2085 642 2151 καὶ
666 2081 711 2170 μὴ
742 2085 989 2170 καταδυομένη,
1020 2089 1107 2153 θεοῦ

130 2180 225 2274 ’λόγῳ
240 2184 296 2250 καί
309 2188 393 2252 θεοῦ
407 2188 513 2275 βουλῇ
528 2187 583 2252 καὶ
598 2181 738 2271 δννάμει
749 2199 918 2271 μαρτυρεῖ.
951 2189 977 2251 7.
997 2177 1107 2273 ύγράς
1119 2211 1145 2252 το

138 2311 173 2352 τε
192 2273 235 2353 αύ
252 2282 353 2355 πόλιν
370 2284 488 2365 οὐσίας
506 2280 526 2373 ἡ
545 2285 627 2373 πρὸς
644 2282 680 2352 τό
704 2284 804 2373 ξηρὸν
822 2291 980 2353 κοινωνία
998 2285 1107 2372 μηδὲν

138 2384 272 2474 φθόρον
296 2388 568 2475 ἐπιδεικνυμένη,
593 2383 672 2475 μηδ’
698 2384 832 2472 ἀθρόως
855 2384 892 2455 τό
916 2389 982 2454 κάν
1002 2389 1106 2455 ἐπιλι-

138 2486 325 2575 μνάζουσα,
344 2487 483 2576 νεύματι
502 2485 535 2556 δ’
556 2484 688 2579 ἀρρήτῳ
703 2491 787 2556 θεοῦ
802 2489 1025 2575 πεπεδημένη,
1045 2491 1106 2556 ἕνα

138 2586 240 2657 πάλιν
257 2591 312 2655 καὶ
330 2586 389 2657 τόν
406 2587 509 2657 αὐτόν
527 2585 627 2674 λόγον
640 2592 700 2655 τοῦ
714 2594 797 2656 θεοῦ
815 2595 1002 2677 παρίστησι,
1029 2593 1056 2656 8.
1073 2595 1110 2657 τί

111 2727 122 2754 ι
141 2692 181 2757 δέ
186 2721 194 2772 ;
213 2687 249 2756 τό
267 2692 347 2775 πῦρ,
366 2696 471 2758 καίτοι
490 2693 669 2775 καυστικῆς
683 2691 739 2757 καὶ
752 2693 939 2776 φθαρτικῆς
957 2687 1104 2778 φύσεως,
1119 2714 1146 2756 ει

139 2795 251 2857 ἔπειτα
270 2785 380 2869 ξύλοις
401 2792 596 2876 έμφωλεύον
620 2793 675 2857 καί
693 2796 862 2869 παντοίοις
882 2787 973 2882 ζῴων
991 2787 1105 2877 σωμα-

139 2910 195 2957 σιν
212 2883 498 2978 ἀνακεκραμένον,
522 2893 566 2981 νῇ
588 2917 623 2960 τε
641 2893 697 2959 καὶ
714 2889 813 2959 ύδατι
831 2893 887 2960 καί
911 2889 984 2981 ἀέρι
1003 2913 1106 2960 συνε-

140 2995 409 3080 στοιχειωμένον,
429 2990 567 3062 κάπειτα
586 2990 672 3084 λόγῳ
687 2993 742 3060 καὶ
756 2993 864 3084 μέτρω
882 3008 950 3072 τοῖς
968 2994 1048 3060 πᾶσι
1065 2988 1104 3059 τό

140 3094 234 3180 δέον,
259 3088 339 3162 ὅσον
362 3087 405 3162 ἀν
430 3091 557 3186 έκάστφ
575 3096 704 3181 γένοιτο
722 3093 804 3182 πρός
823 3088 1005 3182 ἀφελείας,
1033 3094 1106 3160 έπι-

139 3197 319 3282 χορηγοῦν,
343 3198 401 3281 της
426 3193 455 3261 δ’
482 3201 607 3276 οίκείας
633 3191 806 3281 δυνάμεως
833 3195 1102 3283 ἐπιλελησμένον,
1119 3219 1146 3261 ιο

139 3291 179 3362 ού
198 3316 249 3363 σοι
267 3299 360 3363 δοκεῖ
372 3293 473 3364 πάλιν
485 3301 571 3366 θεοῦ
586 3293 672 3387 λόγῳ
687 3297 742 3364 καὶ
757 3293 898 3385 δυνάμει
913 3292 1106 3388 δουλεύειν)

139 3391 263 3482 ἡμέρας
296 3395 332 3462 δέ
359 3397 414 3463 καὶ
444 3395 563 3477 νυκτός
587 3395 763 3485 ἀμοιβαίας
794 3398 916 3486 ὁρῶντι
946 3394 1105 3486 κινήσεις,
