2326 3818
367 126 554 178 DEMONST.
573 126 706 177 EVANG.
724 128 746 180 Ι.
766 129 790 177 6.
1012 127 1053 190 47

85 267 414 353 νενομοθετημένην·
443 262 528 353 αὕτη
542 265 605 355 γάρ
618 258 662 354 ἦν
679 265 762 336 κατά
779 267 842 356 τήν
861 274 975 350 ἔξοδον
992 269 1055 357 τήν

85 364 143 436 ἀπ’
173 365 348 456 Αἰγύπτου
370 385 439 448 τοῖς
459 365 632 449 Ἰουδαίοις
655 376 896 457 παραδοθεῖσα.
940 376 1055 453 ἔδοξεν

85 463 130 539 ἀν
145 457 210 539 οὖν
228 473 385 539 ἐναντίαν
409 468 556 556 εἰσάγειν
580 467 641 558 τήν
664 469 784 560 καινήν
809 469 978 559 διαθήκην
995 476 1056 543 τοῦ

84 569 212 660 τρόπου
235 577 293 661 τής
316 578 513 658 θεοσεβείας
536 575 605 642 τω”ν
628 567 713 662 ἀμφὶ
735 569 794 643 τόν
808 571 956 663 ’Λβραάμ
973 586 1054 644 θεο-

58 680 214 763 ιφιλων,
235 680 267 742 εί
283 671 328 762 μή
346 669 491 763 ἀκριβῶς
511 673 739 764 ἐπεσημήνατο
758 671 868 764 φήσας
889 669 953 743 “οὐ
971 675 1081 744 κατάι

84 772 147 864 τήν
162 773 330 864 διαθήκην
338 772 386 864 ’ἣν
401 779 562 866 διεθέμην
576 795 644 859 τοῖς
663 775 828 866 πατράσιν
848 772 961 846 αὐτῶν
979 774 1052 846 κατ’

87 880 195 948 έκεῖνο
213 882 349 967 καιροῦ,
368 875 452 947 καθ’
472 875 512 949 ὃν
531 878 691 969 ἐξήγαγον
715 876 839 962 αὐτοάς
858 882 894 949 ἐκ
911 882 971 968 γής
991 885 1055 949 Αί-

84 976 249 1068 γόπτου.”

163 1085 214 1150 61.
238 1078 289 1152 Οὐ
308 1079 390 1150 κατά
413 1079 475 1168 τήν
496 1076 562 1152 ὑπὸ
581 1086 733 1165 Μωσέως
751 1080 816 1173 ἀρα
834 1085 887 1153 ἐπὶ
905 1087 964 1171 τῆς
984 1081 1054 1165 ἐξό-

44 1211 71 1251 ιο
87 1187 150 1252 δον
168 1185 224 1251 καὶ
243 1185 296 1253 ἐπὶ
313 1187 372 1271 της
391 1183 473 1252 κατά
496 1183 558 1273 τήν
582 1191 705 1274 ἔρημον
724 1188 896 1272 διατριβῆς
913 1213 1053 1273 νενομο-

85 1287 276 1373 θετημένην
294 1292 433 1355 ἔσεσθαι
450 1284 512 1373 τήν
529 1286 651 1374 καινήν
666 1289 857 1372 ἐθέσπιζεν,
876 1283 959 1355 ἀλλά
978 1282 1052 1356 κατ’

86 1389 158 1455 ἐκεί
143 1393 220 1474 ίνην
243 1386 372 1474 δηλαδή
395 1386 457 1475 τήν
487 1386 654 1477 πρόπαλαι
677 1389 981 1475 πολιτευσαμένην,
1006 1383 1052 1455 δι’

83 1476 124 1574 ής
157 1484 433 1610 κατορθώσαντες
469 1485 688 1578 ἀνεφάνησαν
722 1494 758 1559 oc
790 1486 853 1578 πρό
890 1492 1052 1568 Μωσέως.

85 1593 137 1659 62.
158 1584 244 1659 δι’
230 1619 250 1658 α
276 1587 317 1677 δή
336 1587 453 1661 λοιπόν
470 1588 535 1679 ήδη
553 1595 693 1679 θαρρων
715 1589 773 1673 τάς
790 1619 858 1660 των
876 1597 1053 1677 θεοσεβεῑν

45 1720 72 1760 15
87 1693 382 1781 ἐπαγγελλομένων
406 1696 615 1782 προαιρέσεις
638 1692 683 1782 μή
710 1696 764 1764 έπλ
783 1690 856 1780 δύο,
876 1690 960 1761 ἀλλά
977 1699 1078 1781 τρίαι

86 1798 220 1883 διαιροῦ
236 1794 401 1883 τάγματα,
419 1791 457 1864 τό
475 1802 591 1865 τετῶν
602 1799 772 1877 παντελῶς
792 1800 1053 1883 είδωλολατριόν,

85 1899 154 1965 τῶν
180 1893 222 1983 δή
247 1900 300 1966 ἐπὶ
322 1894 384 1986 τήν
407 1895 579 1968 πολύθεον
603 1896 733 1985 πλάνην
751 1893 1054 1981 ἀποπεπτωκότων,

86 1999 143 2066 καὶ
160 1994 196 2066 τό
214 2001 281 2067 των
308 2001 343 2068 ἐκ
367 2003 545 2088 περιτομῆς
572 1998 627 2068 διὰ
646 2002 796 2080 Μωσέως
817 2001 870 2068 ἐπὶ
887 1997 945 2066 τὸν
963 1999 1055 2084 πρω-

85 2126 145 2167 τον
163 2095 421 2186 ἀνεληλυθότωυ
434 2104 492 2186 τῆς
512 2099 684 2189 εὐσεβείας
704 2097 851 2190 βαθμὸν,
869 2101 925 2169 καὶ
942 2106 1055 2187 τρίτον

46 2197 123 2269 εοτό
141 2203 209 2268 τῶν
237 2200 536 2288 ἐπαναβεβηκότων
562 2201 617 2271 διὰ
640 2207 697 2289 τῆς
723 2198 939 2290 εὖαγγελικής
958 2206 1055 2268 διδα-

86 2295 266 2385 σκαλίας,
256 2328 273 2367 ο
267 2298 348 2368 καὶ
365 2304 433 2368 των
454 2308 551 2371 δυεῖν
569 2306 671 2426 μέσον
689 2301 913 2424 παρεμβαλριν
930 2298 1050 2388 μηκέθ’

86 2395 171 2490 ήγοῦ
188 2398 266 2481 τοὺς
283 2396 348 2470 ἀπὸ
363 2398 578 2472 Ἰουδαίων’
560 2408 816 2490 αφισταμένους
830 2401 961 2480 πάντως
982 2406 1054 2469 δεῖν

89 2499 143 2592 ἐφ’
166 2499 385 2592 Ελληνισμόν
409 2505 598 2591 ἐκπίπτειν,
618 2505 708 2626 μηδὲ
732 2501 809 2584 τούς
835 2506 866 2586 ἐξ
886 2492 1055 2588 Ελλήνων

87 2601 343 2695 ἀναχωροῦντας
362 2602 427 2690 ἐξ’
409 2604 557 2695 ανάγκης
570 2612 689 2696 χρῆναι
704 2602 886 2685 Ἰουδαίους
905 2611 1053 2691 ἔσεσθαι,

47 2706 145 2778 νειὸν
177 2709 214 2777 δὲ·
243 2712 345 2797 μέσον
370 2705 457 2778 ἑλὼν
482 2705 542 2778 τόν
565 2717 680 2798 τρίτον
711 2705 862 2798 εὑρήσεις
888 2704 959 2775 ἀνω
988 2734 1053 2775 που

87 2812 231 2896 ἑστῶτα,
255 2814 311 2880 καὶ
329 2807 441 2899 ὥσπερ
466 2807 520 2899 ἐφ’
542 2807 751 2899 ὑψηλοτάτης
768 2807 953 2898 ἀκρωρείας
971 2806 1051 2876 ἀνα·
1070 2833 1083 2872 ο

87 2909 270 3001 βεβηκότα,
291 2915 501 2999 ἑκατέρωθεν
521 2914 557 2982 δὲ
576 2911 665 2983 κάτω
682 2911 760 2992 τούς
780 2908 915 2991 λοιποός
933 2906 1055 2979 ἀπολε-

88 3012 233 3085 λοιπότα.
270 3019 320 3083 63.
336 3010 503 3100 Ἐὸλήνων
521 3016 583 3103 μὲν
595 3012 659 3103 γάρ
674 3017 858 3103 ἐκπέφευγε
870 3011 931 3101 τήν
949 3008 1056 3082 ἔθεον

86 3118 143 3186 καὶ
156 3121 353 3203 πολυπλανῆ
368 3122 636 3204 δεισιδαιμονίαν
648 3119 703 3185 καλ
715 3113 772 3194 τάς
785 3113 960 3203 ἀνειμένας
976 3139 1055 3199 πορ-

46 3248 74 3286 30
87 3234 179 3304 νείας
197 3250 232 3290 τε
250 3223 306 3288 καλ
324 3216 498 3308 ἀκοσμίας,
512 3215 684 3288 Ἰουδαίων
699 3219 735 3287 δὲ
748 3212 906 3296 άσαότως
918 3213 980 3301 τήν
988 3211 1055 3283 ὑπό

88 3328 240 3404 Μωσέως
257 3321 356 3409 ἀτελή
382 3323 439 3390 καὶ
457 3314 511 3390 οἷα
528 3329 660 3409 νηπίοις
685 3321 740 3389 καλ
759 3316 919 3389 ἀσθενέσι
938 3313 1056 3385 κατάλ·

88 3437 191 3519 ληλον
217 3429 510 3515 έθελοθρησκείαν.
564 3420 622 3492 τόν
646 3428 771 3493 οίκεῑον
796 3422 832 3491 δέ
856 3417 992 3491 ἀνωθεν
1015 3416 1055 3486 οὐ
