2326 3818
286 125 473 177 DEMONST.
486 124 621 179 EVANG.
633 127 681 178 VI.
695 128 736 176 25.
755 127 814 179 VII.
828 131 851 180 1.
981 125 1044 191 415

373 445 528 495 ΒΙΒΛΙΟΝ
546 445 736 495 ΕΒΔΟΜΟΝ.
1057 463 1112 514 (308)

152 567 239 638 Θεὸν
257 575 304 648 είς
322 564 526 657 ἀνθρώπους
544 564 726 656 ἀφίξεσθαι
744 570 799 636 καί
825 566 889 637 σῦν
907 566 1045 650 ἀνθρῶ-

74 696 148 748 ποις
168 673 222 738 ε’πὶ
244 675 305 757 γῆς
329 667 606 756 πολιτεύσεσθαι,
634 666 695 737 δύο
718 697 753 738 τε
777 674 881 738 ταῦτα
905 674 1044 756 μέγιστα

73 769 232 859 τεκμήρια
255 775 313 858 τῆς
337 767 443 840 αῦτοῦ
464 777 650 856 παρουσίας
669 776 825 858 έσεσθαι,
850 777 969 858 κλῆσιν
988 767 1042 839 ἐπ’

47 905 60 944 5
73 868 237 960 ἀναλήψει
251 877 309 960 τῆς
322 871 472 959 ἀληθοῦς
485 879 695 958 θεογνωσίας
704 878 772 940 τῶν
782 870 846 942 ἀνά
856 871 917 959 τὴν
930 879 1044 941 οίκου-

71 976 177 1061 μένην
196 977 324 1061 ἐθνῶν,
343 970 538 1042 ἀπόπτωσίν
555 1000 592 1041 τε
609 975 665 1042 καί
685 977 826 1061 ἐρημίαν
845 972 899 1042 διὰ
916 971 978 1061 την
997 981 1044 1055 είς

72 1071 175 1144 αῦτόν
188 1073 347 1145 ἀπιστίαν
359 1077 420 1143 τοῦ
431 1073 604 1144 Ἰουδαίων
622 1080 756 1159 ἔθνους,
776 1078 812 1144 έν
825 1079 872 1167 τῶ
889 1075 953 1163 πρὸ
967 1074 1045 1144 τοῦ·

72 1204 132 1245 τον
150 1173 380 1264 συγγράμματι
400 1174 456 1243 διὰ
473 1179 542 1244 τῶν
559 1181 777 1265 προφητικῶν
794 1180 920 1262 φωνῶν
938 1205 1039 1264 μεμα-
1054 1204 1110 1254 μοι)

73 1274 226 1364 θηκότες,
246 1272 508 1363 ἐπισκεψόμενοί
517 1304 553 1345 τε
565 1276 648 1345 κατά
660 1275 696 1345 τό
709 1273 790 1345 αῦτό
800 1275 919 1346 ὁποίου
928 1280 1043 1357 τέλους

35 1410 59 1449 10
74 1383 169 1465 ἔτυχε
185 1376 226 1445 τά
243 1379 536 1466 προηγορευμένα,
557 1380 630 1465 ἑξῆς
649 1380 705 1446 καὶ
719 1373 913 1457 ἀκολούθως
934 1381 970 1446 ἐν
989 1381 1043 1464 ἕβ-

74 1476 165 1570 δόμφ
183 1476 290 1571 τοῦτφ
314 1475 547 1566 σνγγράμματι
573 1483 630 1567 τῆς
648 1474 878 1566 Εῦαγγελικῆς
894 1475 1043 1549 Ἀποὸεί-

73 1585 152 1661 ξεως
171 1577 229 1648 τὸν
247 1577 372 1667 τρόπον
391 1583 618 1667 ἀποθεωρῆσαι
636 1578 882 1669 πειρασόμεθα,
902 1577 983 1650 καθ’
1003 1577 1043 1649 όν

72 1702 178 1768 φησιν
192 1678 296 1750 αὐτόν
309 1677 371 1768 τὴν
382 1687 428 1760 είς
441 1676 645 1771 ἀνθρώπους
663 1679 869 1769 ποιήσασθαι
883 1680 1041 1770 πάροὸον.

71 1786 101 1850 2.
122 1785 205 1871 φέρε
227 1772 289 1852 οῦν
315 1786 476 1852 ἐντεῦθεν
498 1779 565 1870 ἤδη
590 1780 811 1870 σκοπήσομεν
828 1781 940 1863 ὁποῖός
957 1813 1006 1864 τις
1025 1778 1042 1850 ὁ

33 1915 58 1955 15
70 1881 191 1971 τρόπος
210 1891 349 1954 ἔσεσθαι
366 1887 426 1972 τῆς
442 1887 503 1953 τοῦ
524 1889 610 1953 θεοῦ
639 1890 686 1962 είς
704 1881 907 1972 ἀνθρώπους
927 1888 1042 1971 ἐπιδη-
1057 1916 1109 1968 μοι]

71 1991 149 2073 μίας
168 1990 376 2073 ἐθεσπίζετο,
400 1989 456 2054 καὶ
482 1988 549 2055 ποῦ
572 1988 632 2073 γης
650 1983 925 2073 γεννηθήσεσθαι
943 2013 1043 2074 προε-

72 2084 263 2172 κηρῦττετο,
271 2082 336 2155 ἀπὸ
344 2094 444 2156 ποίου
456 2114 492 2155 τε
505 2089 624 2173 γένους
637 2086 900 2174 προελεῦσεσθαι
915 2091 1040 2173 ἐβοάτο,

397 2349 474 2421 Ἀπὸ
492 2381 553 2421 του
543 2348 712 2422 ’.Ησαίου
1056 2378 1070 2416 b

149 2484 205 2557 Ι,“
210 2484 402 2585 Πρόρρησις
420 2515 478 2574 της
497 2493 545 2567 είς
559 2483 703 2574 Χριστόν
715 2482 868 2565 ἀπιστίας
885 2489 944 2555 τοῦ
960 2482 1042 2555 'Iov

34 2625 59 2664 ιο
73 2596 180 2660 δαίων
203 2596 326 2670 ἔθνους
349 2591 406 2658 καὶ
424 2605 562 2677 σημειον
581 2586 693 2669 αὐτοῖς
718 2583 783 2656 ἀπὸ
801 2594 922 2675 κυρίου
949 2585 1042 2655 διδό-

71 2719 184 2778 μενον.
218 2720 261 2779 ην
280 2691 427 2761 ὃλτοῦτο
445 2694 615 2778 παρθένος
633 2688 718 2760 θεὸν
735 2693 905 2778 γεννῶσα,
925 2685 980 2776 ἐφ’
1001 2678 1066 2757 οῦε

70 2819 110 2879 τη
128 2794 257 2879 γενέσει
270 2799 466 2916 καθαίρεσις
479 2789 644 2880 παντελης
657 2820 715 2862 του
704 2789 901 2862 Ἰουδαίων
919 2798 1042 2870 ἔθνους

72 2894 273 2978 έθεσπίζετο,
292 2891 385 2961 καὶ
362 2921 405 2972 ως
419 2890 604 2981 ἀλλόφυλοι
621 2895 677 2962 καὶ
690 2890 890 2979 πολέμιοι
854 2920 916 2979 την
929 2890 1042 2980 χῶραν

71 2991 185 3062 αὐτῶν
202 2996 416 3082 καθέξονσιν,
435 2996 492 3063 καὶ
510 2992 588 3082 ῶςη
606 2996 687 3082 πρὶν
705 2999 825 3082 ἔρημος
842 2997 900 3081 τῆς
919 2995 1041 3063 ἐνθέου

31 3129 57 3170 ιε
70 3099 217 3184 τυχοῦσα
235 3102 398 3186 γεωργίας
418 3091 607 3184 εῦφορήσει.
635 3100 664 3164 2.
683 3097 785 3183 τῆςὲξ
800 3098 913 3165 ἐθνῶν
927 3098 1041 3180 έκκλη-

35 3239 39 3246 ·
71 3205 145 3279 σίας
162 3200 283 3268 τοῦτον
302 3199 509 3287 δηλονμένης
531 3196 591 3266 τὸν
613 3194 756 3286 τρόπον,
782 3194 894 3281 ῶσπερ
919 3189 1041 3263 όθαν-

70 3298 187 3388 μάσιος
207 3297 441 3389 εῦαγγελιστὴς
456 3294 611 3387 Ἰωάννης
628 3305 752 3387 μείζονι
771 3291 791 3385 ἢ
809 3295 892 3366 κατά
905 3293 1042 3384 ἀνθρω-

70 3428 136 3473 πον
153 3410 389 3494 μεγαλοφωνία
406 3399 465 3471 τόν
483 3405 616 3491 σωτῆρα
634 3402 689 3470 καὶ
712 3397 832 3491 κῦριον
849 3393 944 3487 ἡμῶν
960 3410 1041 3467 θεο-
