2326 3818
310 169 496 220 DEMONST.
516 167 650 219 EVANG.
663 167 722 217 vn.
744 170 766 216 1.
965 165 1028 228 443

60 307 196 398 πάρεστι
215 304 294 396 γάρ’
323 309 378 375 καὶ
395 305 565 396 μάρτυράς
582 334 638 394 μοι
656 313 797 394 ποίησον
811 304 949 385 πιστοδς
968 305 1029 374 άν-

59 407 236 498 θροίπους,
260 405 319 477 τόν
338 405 469 497 Οὐρίαν
486 405 545 476 τόν
569 410 659 496 ίερέα
682 409 737 476 καὶ
757 416 927 496 Ζαχαρίαν
952 408 1029 477 υίόν

60 516 237 599 Βαραχίου.
282 512 337 578 καὶ
361 517 555 598 προσῆλθον
582 507 663 598 πρὸς
680 507 743 597 τῆν
761 514 945 597 προφῆτιν,
971 512 1025 578 καὶ
1043 535 1095 585 (σεο)

60 618 97 682 ἐν
119 613 238 700 γαστρὶ
265 619 363 699 ἐλαβε
387 613 443 680 καὶ
466 619 579 681 ἔτεκεν
603 607 687 680 υίόυ.
734 612 789 679 καὶ
817 609 889 679 εἶπε
915 609 1028 697 κύριός

33 742 131 801 τμοι,
163 711 304 782 κάλεσον
333 710 370 782 τό
393 708 497 801 ὄνομα
529 709 650 799 αὐτοῦ,
682 714 805 800 ταχέως
829 708 1027 799 σκόλευσον,

57 812 157 897 ὀξέως
175 811 423 902 προνόμευσον,
444 812 528 883 διότι
546 816 627 897 πρὶν
646 808 666 900 ῆ
691 818 818 901 γνῶναι
835 812 872 882 τὸ
893 820 1029 883 παιδίον

58 925 175 985 καλεῖν
193 919 319 1002 πατέρα
337 911 357 1004 ῆ
375 918 500 1006 μητέρα
513 914 653 1004 λη’φεται
673 912 819 1004 δύναμιν
833 920 1028 1003 Δαμασκοῦ,

58 1021 114 1087 καὶ
127 1017 167 1086 τά
181 1022 290 1087 σκῦλα
302 1025 494 1106 Σαμαρείας
509 1024 622 1086 ἔναντι
635 1021 798 1104 βασιλέως
809 1013 1026 1104 Ἀσσυρίων.”

135 1125 185 1188 96.
203 1117 334 1207 Ἕχεται
361 1126 419 1206 τῆς
448 1120 712 1208 προτεταγμένης
740 1122 795 1187 καί
823 1115 843 1208 ῆ
875 1122 1029 1204 παροῦσα

20 1249 44 1287 ιο
58 1227 251 1307 προφητεία.
284 1214 304 1307 ῆ
323 1216 387 1306 γάρ
408 1223 514 1289 ἐκεῖσε
532 1222 713 1306 παρθένος,
726 1217 747 1305 ῆ
762 1218 821 1288 τδν
835 1218 912 1308 μεθ’
934 1215 1029 1308 ῆμῶν

57 1317 141 1390 θεὸν
159 1329 285 1390 τίκτειν
312 1323 491 1408 λεγομένη,
516 1324 680 1408 προφῆτις
708 1321 762 1388 ἐπὶ
788 1325 848 1390 τοὺ
866 1320 1028 1406 πάροντος

58 1418 256 1511 ὠνόμασται.
301 1425 503 1510 ζητουμένου
533 1422 570 1491 δέ
596 1420 705 1490 πόθεν
731 1419 796 1508 άρα
823 1421 1029 1507 συλλήψεται

57 1519 279 1611 ἀπειρόγαμος
303 1513 405 1610 οὖσα,
424 1527 520 1592 τοῦτο
545 1527 609 1591 νῦν
627 1520 644 1590 δ
664 1520 759 1609 λόγος
784 1521 935 1592 διδάσκει
949 1518 1056 1591 “mlh

57 1620 276 1712 προσῆλθον”
297 1628 404 1712 λέγων
419 1619 524 1714 ’πρὸς
548 1621 611 1711 τῆν
628 1628 813 1712 προφῆτιν,
838 1626 894 1693 καὶ
913 1628 950 1693 ἐν
967 1654 1029 1710 γα-

20 1753 45 1792 15
59 1728 131 1815 στρὶ
151 1733 249 1812 ἔλαβε
268 1729 323 1796 καὶ
343 1732 455 1796 ἔτεκεν
474 1721 584 1795 υίόν.”
613 1730 661 1794 97.
678 1723 859 1818 ἀκουστέον
875 1729 910 1794 δε
924 1732 1028 1794 ταῦτα

59 1822 102 1908 οδς
135 1831 166 1911 ἐξ
197 1823 296 1916 άγίου
321 1825 526 1917 πνεύματος,
557 1821 617 1916 ὑφ’
650 1817 691 1896 οὗ
714 1825 985 1917 θεοφορούμενος
1010 1823 1026 1896 ὁ

58 1929 230 2019 προφήτης
250 1932 432 2014 ἐθέσπιζεν,
460 1925 540 1998 αὐτὸ
555 1925 597 2015 δῆ
607 1919 669 1998 οὖν
683 1926 718 1997 τὸ
733 1934 865 2018 πνεῦμα
878 1927 914 1998 τὸ
933 1926 1028 2015 άγιον
1042 1950 1095 2001 [204]

57 2035 347 2118 προσεληλυθέναι
364 2026 519 2118 ὁμολογεῖ
534 2036 574 2120 τῆ
589 2029 784 2118 προφῆτιδι·
812 2028 901 2100 δκαὶ
914 2035 1029 2118 σαφῶς

58 2130 272 2219 πεπλήρωται
298 2133 351 2200 ἐπὶ
376 2137 433 2216 τῆς
458 2135 517 2201 τοῦ
535 2132 682 2220 σωτῆρος
706 2127 802 2219 ἡμῶν
822 2131 931 2221 Ἰησοῦ
950 2144 1028 2218 Χρι-

18 2259 44 2297 ιο
59 2235 139 2301 στου
162 2236 324 2319 γενέσεως
344 2227 421 2300 “ότε
445 2230 614 2318 ἀπεστάλη
633 2230 770 2319 ἄγγελος
789 2231 939 2321 Γαβριῆλ
962 2231 1028 2303 ὑπὸ

57 2337 118 2402 τοῦ
135 2336 220 2402 θεοῦ
239 2340 285 2413 είς
304 2330 403 2402 πόλιν
420 2337 478 2420 τῆς
493 2342 684 2419 Γαλιλαίας,
703 2323 843 2422 ῆόνομα
857 2334 1027 2418 Ναζαρὲθ,

59 2432 141 2519 πρὸς
159 2437 331 2523 παρθένον
348 2435 643 2523 μεμνηστευμένην
661 2423 780 2519 άνδρὶ,
801 2425 827 2524 ᾦ
844 2431 949 2520 ὄνομα
964 2428 1027 2502 'Im-

57 2535 140 2623 σῆφ,
160 2539 191 2617 ἐξ
210 2545 305 2605 οίκου
324 2538 379 2604 καί
397 2531 688 2623 πατριᾶςΔαβίδ.”
716 2524 738 2624 ῆ
756 2537 811 2602 καὶ
827 2529 1057 2622 εἷπε’“χαῖρεε

59 2642 321 2726 κεχαριτωμένη,
341 2634 358 2706 ὁ
377 2635 491 2726 κύριος
508 2635 589 2724 μετά
608 2640 686 2723 σου,
708 2634 911 2724 εὐλογημένη
930 2634 973 2704 σύ
993 2640 1029 2704 ἐν

19 2763 45 2800 2⁵
59 2736 224 2825 γυναιξί.”
262 2745 313 2808 98.
329 2741 385 2808 καὶ
396 2736 497 2808 πάλιν
509 2735 577 2826 “μῆ
596 2742 720 2826 φοβοῦ·
749 2727 844 2828 εὗρες
859 2736 921 2825 γὰρ
932 2736 1029 2826 χάριν

59 2839 148 2926 παρά
166 2841 213 2929 τῷ
229 2846 309 2931 θεῷ.
347 2842 402 2907 καὶ
423 2837 499 2909 ίδοδ
518 2838 672 2929 συλλῆφη
693 2843 729 2908 ἐν
747 2843 865 2926 γαστρὶ
880 2842 935 2908 καὶ
952 2841 1027 2928 τέξη

58 2938 153 3026 υίὸν,
172 2940 228 3007 καὶ
247 2941 395 3019 καλέσεις
413 2939 450 3008 τὸ
467 2936 571 3029 ὄνομα
590 2936 694 3008 αὐτοῦ
715 2936 875 3028 Ἰησουν.”
914 2939 1029 3010 εἰπού-

59 3064 118 3129 σης
137 3068 173 3109 τε
191 3046 248 3129 τῆς
266 3047 402 3129 Μαρίας
415 3037 510 3121 ’πῶς
529 3049 619 3110 ἐσται
637 3046 751 3129 τοῦτο,
773 3044 843 3112 ἐπεὶ
862 3038 969 3129 άνδρα
987 3039 1028 3108 οὐ

59 3140 231 3229 γινώσκω
250 3137 463 3232 άπεκρίνατο,
482 3146 614 3231 πνεῦμα
631 3140 727 3228 άγιον
743 3141 954 3213 ἐπελεύσεται
974 3142 1028 3210 ἐπὶ

20 3267 46 3307 1³0
60 3245 114 3331 σὲ,
143 3246 197 3313 καὶ
218 3241 359 3333 δύναμις
377 3238 522 3320 άνίστον
542 3241 724 3313 ἐπισκιάσει
743 3251 804 3314 σοί.
850 3240 900 3311 διδ
918 3243 973 3310 καὶ
991 3238 1028 3310 τὸ
