2326 3818
120 108 183 170 νος
522 108 672 159 Ευωοοιι

123 251 155 329 ἐξ
173 243 318 334 ἀνάγκης
337 243 529 337 ἀνατρέχειν
548 245 735 336 ἐκβιάζομαι
751 248 805 316 ἐπὶ
823 247 883 334 την
901 254 961 317 τοῦ
979 256 1088 318 αίτίου

123 345 272 434 ζήτησιν,
291 350 346 417 καὶ
366 357 605 436 συνομολογεῖν
628 346 673 436 μὴ
697 346 804 429 άλλως
829 344 950 429 αύτούς
968 377 1088 439 κεκρα-

121 452 255 535 τηκέναι
272 455 331 518 τοῦ
347 447 550 538 τολμήματος
568 446 757 541 ἢθειοτέρμ
778 452 833 518 καὶ
847 447 932 539 ὑπὲρ
952 447 1088 540 άνθρω-

121 576 186 619 πον
223 547 364 638 δυνάμει
399 554 455 619 καὶ
485 558 645 642 συνεργίᾳ
682 556 741 620 τοῦ
775 549 944 639 φήσαντος
976 548 1087 632 αὐτοῖς

116 645 370 740 ’μαθητεύσατε
392 650 502 772 μάντα
524 651 564 720 τά
589 660 673 741 ε”θνη
698 657 735 721 ἐν
758 656 803 744 τῷ
826 649 966 741 ὀνόματί
981 651 1072 742 μουῖ
1076 650 1121 721 ἐ.

120 757 171 822 23
191 781 288 822 τουτο
308 750 338 821 δ
366 743 428 820 οὖν
447 750 550 822 είπων
569 756 777 841 ἐπισυνηιγεν
801 756 1018 842 ἐπαγγελίαν,
1039 753 1082 823 δι’

121 843 158 941 ἧς
173 861 311 942 ἔμελλον
322 856 519 942 ἐπιθαρρείν
532 856 586 922 καὶ
600 851 784 944 προθύμως
800 853 986 925 ἐπιδιδόναι
999 863 1087 944 σφᾶς

121 949 243 1033 αύτούς
260 969 328 1034 τοῖς
347 956 638 1043 παρηγγελμένοις.
675 958 758 1044 φησί
777 960 862 1042 γοῦν
880 951 992 1038 αὐτοῖς
1006 952 1086 1025 “aaz

93 1082 106 1121 ο
121 1053 196 1122 ἰδοὺ
216 1051 279 1140 ἐγω
297 1050 379 1142 μεθ’
398 1049 494 1143 ὑμῶν
513 1062 578 1143 είμι
596 1054 704 1139 πάσας
722 1054 779 1137 τάς
796 1050 932 1146 ἡμέρας,
950 1060 1010 1137 ἕως
1028 1060 1085 1144 της

121 1163 312 1234 συντελείας
330 1157 390 1239 τού
408 1152 555 1236 αἰωνος.”
592 1155 676 1227 άλλδι
693 1160 753 1228 καὶ,
766 1154 954 1245 πνεύματος
972 1155 1086 1238 αὐτοῖς
1100 1192 1131 1229 ιο-

122 1258 302 1343 ἐμπνεύσαι
319 1262 449 1345 λέγεται
475 1264 591 1345 θείου,
619 1254 701 1327 ἀλλά
726 1259 782 1327 καὶ
808 1257 953 1346 δύναμιν
973 1256 1086 1340 αὐτοῖς

120 1363 241 1427 ε”νθεον
259 1360 312 1426 καί
332 1355 597 1444 παραδοξοποιδν
610 1362 836 1447 πεποιηκέναι,
855 1359 928 1428 τοτὲ
942 1359 1004 1448 μὲν
1022 1358 1085 1448 φή-

120 1479 180 1538 σας
193 1457 334 1546 “λάβετε
357 1463 489 1548 πνεῦμα
513 1456 649 1550 ἅγιον,”
686 1461 758 1530 τοτὲ
786 1462 822 1529 δὲ
841 1456 1086 1530 είπώνἭσθε-

119 1563 260 1640 νούντας
278 1559 499 1650 θεραπεύετε,
525 1559 667 1651 λεπρούς
686 1570 899 1651 καθαρίζετε,
926 1568 1085 1651 δαίμονας

65 1680 105 1731 [90]
122 1659 311 1746 ἐκβάλλετε·
332 1659 462 1750 δωρεάν
481 1659 627 1749 ἐλάβετε,
647 1660 779 1751 δωρεάν
799 1658 907 1732 δότε.”
934 1668 984 1732 24.
1004 1686 1084 1733 συν·
1098 1694 1123 1733 15

117 1764 197 1850 ορᾷς
223 1769 399 1852 τοιγαροῦν
425 1765 481 1831 καὶ
508 1758 606 1843 αύτδς
633 1761 721 1844 ὅπως
747 1761 951 1853 κεκράτηκεν
982 1759 999 1833 6
1033 1760 1083 1833 δι’

119 1858 231 1931 αὐτῶν
249 1860 363 1950 λόγος,
382 1865 453 1932 ἐπεὶ
471 1864 526 1931 καὶ
545 1860 689 1952 αὐτῶνὴ
708 1871 823 1952 βίβλος
841 1870 910 1935 τῶν
922 1861 1084 1954 Πράξεων

118 1961 256 2055 συνῳδὰ
273 1961 400 2044 τούτοις
425 1965 480 2032 καὶ
500 1960 665 2052 σύμφωνα
688 1982 862 2055 μαρτυρεῖ
891 1972 975 2036 ἔνθα
994 1970 1084 2034 ἱστο-

118 2067 254 2183 ροῦνται
280 2065 335 2131 καὶ
360 2063 519 2133 αὐτοὶ
478 2093 518 2154 τη
541 2092 608 2134 των
631 2065 830 2188 παραδόξων
860 2071 1009 2158 ἐνεργείᾳ
1036 2063 1079 2134 δι’

116 2159 276 2250 ὀνόματος
294 2169 353 2233 τοῦ
367 2163 474 2253 Ἰησοῦ
500 2163 582 2256 πρός
609 2164 720 2236 αὐτῶν
750 2171 985 2256 ἐπιτελουμένη
1004 2168 1082 2248 τούς
1096 2202 1122 2242 20

49 2291 103 2343 (ιω)
118 2261 283 2351 παρόντας
301 2268 356 2335 καλ
374 2295 451 2347 τους
460 2270 653 2355 θεωμενους
668 2271 833 2356 ἐκπληξαι.
860 2273 911 2337 25
933 2271 1083 2357 ἐξέπλητ-

116 2391 174 2432 τον
197 2364 277 2457 γάρ,
304 2363 347 2449 ὡς
372 2369 475 2454 εἰκὸς,
501 2366 555 2437 διά
579 2376 646 2438 τῶν
664 2376 771 2459 ἔργων
794 2367 871 2449 τούς
889 2374 1083 2458 θεωμένους

116 2463 293 2556 πρότερον·
329 2466 398 2539 εἷθ’
425 2468 529 2550 οὕτως
553 2468 749 2558 προθύμους
771 2469 862 2560 εἶχον
886 2467 1008 2551 αύτούς
1027 2473 1082 2540 ἐπὶ

115 2566 151 2635 τὸ
180 2579 418 2653 φιλοπευστείν
443 2577 493 2650 τίς
519 2567 592 2638 ποτ’
621 2560 664 2659 ἦν
690 2561 786 2652 οὗτος
810 2560 852 2642 06
875 2573 917 2660 τῇ
941 2569 1082 2661 δυνάμει

115 2669 170 2736 καλ
190 2678 395 2761 προσηγορίᾳ
413 2668 449 2741 τό
467 2673 583 2757 θαῦμα
600 2673 751 2758 γε’γονεν·
781 2671 852 2741 εἶτα
866 2669 1080 2752 διδάσκοντες
1093 2708 1121 2748 25

115 2765 275 2857 ηὕρισκον
292 2774 333 2858 τῇ
351 2779 460 2841 πίστει
478 2769 672 2858 φθάνοντας
685 2772 746 2860 την
760 2769 839 2864 παρ’
859 2769 972 2842 αὐτῶν
986 2779 1080 2842 διδα-

116 2876 265 2939 σκαλίαν.
307 2875 357 2940 26.
378 2870 418 2942 οὐ
441 2870 505 2962 γάρ
531 2888 599 2953 τοῖς
623 2871 733 2960 λόγοις
757 2875 969 2963 πεισθέντες,
994 2872 1080 2945 άλλδι

114 2984 182 3049 τοῖς
201 2975 308 3060 ἔργοις
327 2975 662 3063 προκαταληφθέντες
686 2972 804 3067 ῥηίδιον
828 2978 1001 3046 ἐποιούντο
1018 2975 1079 3062 τὴν

115 3073 152 3139 ἐν
175 3089 243 3153 τοῖς
274 3073 383 3161 λόγοις
414 3073 578 3144 διάθεσιν.
628 3080 778 3162 λέγονται
801 3079 885 3164 γοῦν
909 3073 974 3165 ἤδη
992 3075 1078 3156 τινὲς

115 3406 146 3452 10
168 3340 196 3452 85
214 3339 314 3392 Matth,
328 3342 369 3402 σε,
384 3342 423 3389 19.
505 3342 526 3388 ο
543 3340 584 3390 1ο.
598 3343 639 3390 ιο.
732 3343 764 3392 13
782 3341 826 3392 ιο.
839 3343 881 3406 20,
896 3343 937 3394 ω.
973 3342 1074 3392 Matth.

147 3440 191 3465 „
994 3448 997 3453 .
