2326 3818
366 111 552 165 οεωοαεο.
565 111 698 164 Εγεαο.
712 113 748 163 11.
762 115 786 167 3.
998 109 1057 173 101

88 251 189 324 Βάαλ.
227 246 333 332 οὕτως
352 241 489 323 οὖνκαὶ
509 254 545 322 ἐν
562 255 608 346 τῷ
627 254 694 322 νύν
711 254 817 345 καιρῷ
835 259 955 343 λεῖμμα
974 251 1057 322 κατὰ

88 351 230 443 ἐκλογήν
247 351 380 444 χάριτος
397 347 571 442 γέγονευ.”

163 461 215 524 47.
235 454 304 526 Διά
327 452 455 526 τούτων
477 452 541 545 γάρ
564 448 581 524 ό
605 451 787 536 ἀπόστολος
812 458 927 545 σαφεῖς
948 457 1000 524 ἐπὶ
1018 459 1059 547 τή
1073 484 1116 532 ιω)

87 562 147 628 τού
165 557 289 639 παντὸς
303 554 478 629 Ἰουδαίων
502 563 625 638 ἔθνους
647 551 837 627 ἀποπτύσει
864 554 984 627 ἑαυτόν
1002 560 1058 627 καὶ

61 658 166 741 ετούς
184 654 273 754 αὐτῷ
292 665 544 749 παραπλησίους
562 653 766 741 ἀποστόλους
789 685 825 728 τε
843 662 898 729 καὶ
917 654 1059 748 εύαγγε-

88 758 201 843 λιστάς
219 763 280 830 τού
299 766 447 853 σωτῆρος
461 755 557 852 ήμῶν
570 757 697 842 πάντας
710 789 745 831 τε
763 757 840 843 τούς
855 767 901 831 ἔτι
920 763 975 830 καὶ
993 765 1059 831 νύν

89 866 120 947 ἐξ
136 858 312 936 Ἰουδαίων
330 869 377 945 είς
395 859 454 934 τόν
463 861 609 954 Χριστόν
622 859 865 946 πιστεύσαντας
878 862 915 934 τὸ
929 863 1059 953 σπέρμα

89 965 175 1036 ε’ίναι
201 969 363 1053 διασαφεῖ
383 962 419 1034 τό
442 962 509 1035 ὑπὸ
532 968 591 1035 τοῦ
621 961 796 1056 προφήτου
821 961 1060 1056 ὠνομασμένον

88 1063 172 1137 κατά
199 1065 235 1136 τὸ
256 1064 311 1136 “εί
340 1065 386 1157 μή
411 1064 525 1157 κ’ύριος
550 1063 705 1154 Σαβαολθ
735 1069 951 1156 ἐγκατέλιπεν
980 1061 1061 1157 ήμίν

50 1195 75 1237 10
89 1164 251 1259 σπίρμα.”
283 1172 380 1239 τούτο
399 1169 436 1239 δὲ
456 1168 541 1239 εἶναι
559 1170 614 1238 καί
632 1167 668 1239 τὸ
688 1170 724 1239 ἐν
741 1185 813 1250 ταῖς
832 1179 963 1251 λοιπαῖς
981 1197 1060 1259 προ-

87 1277 241 1361 φητείαις
271 1268 478 1362 δηλούμενον
510 1266 700 1361 ὑπόλειμμα
723 1274 782 1340 τοῦ
806 1270 947 1360 παντὸς,
978 1269 1060 1357 ὅπερ

87 1373 196 1463 φησλυ
220 1369 291 1442 κατ’
320 1369 460 1464 ἐκλογήν
485 1371 616 1464 χάριτος
643 1369 868 1496 πεφυλρίχθαι.
911 1377 962 1441 48
984 1375 1061 1492 περὶ

88 1502 129 1545 ου
117 1464 393 1565 ὑπολείμματος
417 1475 500 1599 φέρε
524 1470 626 1543 πάλιυ
650 1470 690 1544 τά
709 1470 774 1543 ἀπό
792 1502 860 1545 των
878 1477 1061 1598 προφητῶν

90 1572 388 1665 ίξαπλύσωμεν,’
365 1605 409 1658 ως
427 1572 470 1646 ἀν
488 1583 676 1667 παρασταίη
696 1572 750 1645 διά
763 1573 966 1657 πλειόνωυ”
948 1605 996 1645 οτι
1016 1575 1061 1666 μή

49 1702 74 1745 ιο
88 1675 290 1769 ἀδιακρίτως
313 1680 414 1750 πουτί
437 1683 483 1772 τῷ
504 1673 678 1750 Ἰουδαίων
702 1684 796 1749 ἔθνει
819 1675 881 1767 τήν
904 1682 963 1748 τού
982 1687 1089 1768 Χρι-ο

88 1782 173 1851 στού
196 1785 387 1871 παρουσίαν
412 1778 579 1871 σωτήριον
597 1787 734 1851 ἔσεσθαι
752 1773 913 1870 ἀπέσχετο
930 1777 948 1849 ὁ
967 1777 1059 1865 θεός,

88 1877 165 1952 ἀλλ’
184 1877 310 1970 ὀλίγοις
327 1883 383 1952 καί
397 1887 518 1973 κομιδή
536 1888 689 1963 σπανίοις
702 1896 770 1964 τοῖς
786 1887 832 1962 είς
849 1880 908 1952 τόν
925 1885 1058 1968 σωτῆρα

89 1986 145 2054 καί
169 1981 287 2069 κύριον
311 1982 407 2074 ήμῶν
431 1980 706 2072 πεπιστευκόσιν,
734 1979 846 2071 ὥσπερ
864 1974 926 2054 οὖν
952 1983 1062 2053 καὶτὸ

90 2093 189 2177 ἔργον
213 2081 410 2168 ἀκολούθως
434 2102 505 2168 ταῖς
529 2083 754 2178 προρρήσεσιν
779 2083 1061 2175 ἐπηκολούθησεν.

50 2388 76 2429 20
364 2338 427 2424 λς’.
462 2336 540 2411 Ἀπό
559 2314 640 2411 τοῦ“
637 2347 780 2412 Ησαίου

81 2460 146 2522 Οτι
167 2465 242 2538 μήε
230 2465 272 2530 είς
290 2487 350 2522 παν
367 2488 399 2523 το
410 2467 559 2523 Ιουδοιίων
573 2466 673 2533 ἔθνος
692 2461 755 2521 ἀλλ’
775 2464 817 2528 είς
834 2462 947 2534 ολιγους
965 2462 1061 2521 αὐτῶν

317 2533 457 2605 διήκει
425 2557 460 2590 τα
474 2538 530 2591 τῶν
542 2540 635 2592 θείων
648 2507 831 2606 ἐπαγγελιῶν.

166 2657 252 2733 49.“
258 2657 300 2732 H
320 2665 364 2751 γή
386 2657 483 2751 ύμῶυ
501 2670 641 2754 ἔρημος,
666 2659 866 2744 αίπόλεις“
848 2665 944 2753 υμῶν
962 2669 1058 2749 πυρί·
1079 2702 1091 2729 c

90 2785 243 2834 καυστοι·
278 2762 339 2852 τήν
362 2762 476 2854 χιόραν
501 2763 595 2856 ὑμῶν
619 2764 764 2836 ἐνύπιον
781 2759 876 2854 ύμοῖν
894 2759 1061 2852 ἀλλότριοι

50 2893 77 2935 ιτ
91 2872 330 2937 κατεσθίουσιν
357 2862 480 2956 αύτήν,
511 2870 567 2936 καὶ
593 2862 764 2957 ἠρήμωται
789 2870 1059 2955 κατεστραμμένη

89 2963 157 3038 ύπδ
176 2973 268 3039 λαῶν
285 2965 478 3058 ἀλλοτρίων.
516 2967 858 3059 ἐγκαταλειφθήσεται
871 2967 892 3057 ή
906 2967 1060 3057 θυγάτηρ

89 3066 186 3142 Σιοδν
204 3067 248 3151 ως
267 3069 374 3158 σκηνή
389 3073 425 3139 ἐν
445 3067 616 3157 ἀμπελῶνι
635 3073 691 3139 καί
709 3067 754 3151 ὡς
778 3067 1061 3161 όπωροφυλάκιου

91 3176 129 3242 ἐν
146 3169 355 3264 σικυηράτφ,
383 3165 426 3253 ύς
452 3169 546 3253 πόλις
569 3175 843 3262 πολιορκουμένη.
886 3173 942 3241 καὶ
966 3177 998 3240 εί
1013 3167 1061 3259 μή

159 3440 192 3490 23
211 3439 256 3491 Es.
271 3441 295 3503 1,
308 3441 331 3490 7.
