<?xml version="1.0" encoding="UTF-8"?>
<!DOCTYPE html PUBLIC "-//W3C//DTD XHTML 1.0 Transitional//EN"
    "http://www.w3.org/TR/xhtml1/DTD/xhtml1-transitional.dtd">
<html xmlns="http://www.w3.org/1999/xhtml" xml:lang="en" lang="en">
 <head>
  <title>
</title>
<meta http-equiv="Content-Type" content="text/html;charset=utf-8" />
  <meta name='ocr-system' content='tesseract 3.04.00' />
  <meta name='ocr-capabilities' content='ocr_page ocr_carea ocr_par ocr_line ocrx_word'/>
</head>
<body>
  <div class='ocr_page' id='page_1' title='image "./eusebiicaesarie01dindgoog/eusebiicaesarie01dindgoog_0488.png"; bbox 0 0 2326 3818; ppageno 0'>
   <div class='ocr_carea' id='block_1_1' title="bbox 305 139 1032 201">
    <p class='ocr_par' dir='ltr' id='par_1_1' title="bbox 305 139 1032 201">
     <span class='ocr_line' id='line_1_1' title="bbox 305 139 1032 201; baseline 0.015 -11"><span class='ocrx_word' id='word_1_1' title='bbox 305 141 490 192; x_wconf 78' lang='grc' dir='ltr'><strong><em>ιιιιΜοΝεΤ.</em></strong></span> <span class='ocrx_word' id='word_1_2' title='bbox 506 141 640 192; x_wconf 73' lang='grc' dir='ltr'><strong><em>Ενιιιο.</em></strong></span> <span class='ocrx_word' id='word_1_3' title='bbox 661 142 723 193; x_wconf 81' lang='lat' dir='ltr'><strong><em>vn</em></strong></span> <span class='ocrx_word' id='word_1_4' title='bbox 744 143 767 192; x_wconf 87' lang='lat'>1</span> <span class='ocrx_word' id='word_1_5' title='bbox 971 139 1032 201; x_wconf 77' lang='lat'><strong><em>421</em></strong></span> 
     </span>
    </p>
   </div>
   <div class='ocr_carea' id='block_1_2' title="bbox 26 277 1073 1481">
    <p class='ocr_par' dir='ltr' id='par_1_2' title="bbox 26 277 1073 1481">
     <span class='ocr_line' id='line_1_2' title="bbox 67 277 1034 400; baseline -0.001 -50"><span class='ocrx_word' id='word_1_6' title='bbox 67 278 172 350; x_wconf 81' lang='grc' dir='ltr'><strong><em>αότοό</em></strong></span> <span class='ocrx_word' id='word_1_7' title='bbox 195 285 349 381; x_wconf 81' lang='grc' dir='ltr'><strong><em>λέγοντος</em></strong></span> <span class='ocrx_word' id='word_1_8' title='bbox 375 283 412 352; x_wconf 80' lang='grc' dir='ltr'><strong><em>ἐν</em></strong></span> <span class='ocrx_word' id='word_1_9' title='bbox 434 277 549 358; x_wconf 80' lang='grc' dir='ltr'><strong><em>αὐτοις</em></strong></span> <span class='ocrx_word' id='word_1_10' title='bbox 572 283 628 349; x_wconf 82' lang='grc' dir='ltr'><strong><em>καὶ</em></strong></span> <span class='ocrx_word' id='word_1_11' title='bbox 648 277 878 400; x_wconf 77' lang='grc' dir='ltr'><em>διδάσκοντος,</em></span> <span class='ocrx_word' id='word_1_12' title='bbox 900 277 971 348; x_wconf 85' lang='grc' dir='ltr'><strong><em>ἀλλ’</em></strong></span> <span class='ocrx_word' id='word_1_13' title='bbox 994 278 1034 350; x_wconf 88' lang='grc' dir='ltr'><strong><em>οὐ</em></strong></span> 
     </span>
     <span class='ocr_line' id='line_1_3' title="bbox 67 376 1032 470; baseline -0.001 -18"><span class='ocrx_word' id='word_1_14' title='bbox 67 381 244 469; x_wconf 91' lang='grc' dir='ltr'><strong><em>νοῆσουσι,</em></strong></span> <span class='ocrx_word' id='word_1_15' title='bbox 271 379 326 450; x_wconf 87' lang='grc' dir='ltr'><strong><em>διά</em></strong></span> <span class='ocrx_word' id='word_1_16' title='bbox 349 380 385 450; x_wconf 88' lang='grc' dir='ltr'><strong><em>τὸ</em></strong></span> <span class='ocrx_word' id='word_1_17' title='bbox 409 388 639 468; x_wconf 86' lang='grc' dir='ltr'><strong><em>πεπωρῶσθαι</em></strong></span> <span class='ocrx_word' id='word_1_18' title='bbox 666 376 778 448; x_wconf 76' lang='grc' dir='ltr'><strong><em>αὐτῶν</em></strong></span> <span class='ocrx_word' id='word_1_19' title='bbox 800 378 863 467; x_wconf 87' lang='grc' dir='ltr'><strong><em>τῆν</em></strong></span> <span class='ocrx_word' id='word_1_20' title='bbox 880 387 1032 470; x_wconf 89' lang='grc' dir='ltr'><strong><em>καρδίαν.</em></strong></span> 
     </span>
     <span class='ocr_line' id='line_1_4' title="bbox 68 471 1035 570; baseline 0 -19"><span class='ocrx_word' id='word_1_21' title='bbox 68 489 116 554; x_wconf 87' lang='grc'><strong><em>19</em></strong></span> <span class='ocrx_word' id='word_1_22' title='bbox 137 481 229 553; x_wconf 74' lang='grc' dir='ltr'><strong><em>ταῦτ’</em></strong></span> <span class='ocrx_word' id='word_1_23' title='bbox 256 473 319 552; x_wconf 78' lang='grc' dir='ltr'><strong><em>οὖν</em></strong></span> <span class='ocrx_word' id='word_1_24' title='bbox 343 480 510 562; x_wconf 86' lang='grc' dir='ltr'><strong><em>δἩσαίας</em></strong></span> <span class='ocrx_word' id='word_1_25' title='bbox 531 477 577 550; x_wconf 88' lang='grc' dir='ltr'><strong><em>δι’</em></strong></span> <span class='ocrx_word' id='word_1_26' title='bbox 603 471 652 551; x_wconf 86' lang='grc' dir='ltr'><strong><em>ῶν</em></strong></span> <span class='ocrx_word' id='word_1_27' title='bbox 675 485 894 570; x_wconf 70' lang='grc' dir='ltr'><strong><em>παρεθέμεθα</em></strong></span> <span class='ocrx_word' id='word_1_28' title='bbox 912 486 1035 562; x_wconf 77' lang='grc' dir='ltr'><strong><em>λέξεων</em></strong></span> 
     </span>
     <span class='ocr_line' id='line_1_5' title="bbox 65 565 1035 675; baseline -0.002 -21"><span class='ocrx_word' id='word_1_29' title='bbox 65 565 251 668; x_wconf 76' lang='grc' dir='ltr'><em>θεσπίσας,</em></span> <span class='ocrx_word' id='word_1_30' title='bbox 283 588 321 653; x_wconf 90' lang='grc' dir='ltr'><strong><em>ε’ν</em></strong></span> <span class='ocrx_word' id='word_1_31' title='bbox 346 589 492 675; x_wconf 79' lang='grc' dir='ltr'><strong><em>ἱστορίας</em></strong></span> <span class='ocrx_word' id='word_1_32' title='bbox 515 578 681 671; x_wconf 73' lang='grc' dir='ltr'><em>ἀφηγήσει</em></span> <span class='ocrx_word' id='word_1_33' title='bbox 710 589 879 670; x_wconf 85' lang='grc' dir='ltr'><strong><em>πολεμίων</em></strong></span> <span class='ocrx_word' id='word_1_34' title='bbox 910 588 1035 669; x_wconf 80' lang='grc' dir='ltr'><strong><em>ἔφοδον</em></strong></span> 
     </span>
     <span class='ocr_line' id='line_1_6' title="bbox 39 681 1073 775; baseline -0.004 -21"><span class='ocrx_word' id='word_1_35' title='bbox 39 683 148 755; x_wconf 81' lang='grc' dir='ltr'><strong><em>ικατά</em></strong></span> <span class='ocrx_word' id='word_1_36' title='bbox 165 690 225 755; x_wconf 84' lang='grc' dir='ltr'><strong><em>τοῦ</em></strong></span> <span class='ocrx_word' id='word_1_37' title='bbox 234 682 350 775; x_wconf 62' lang='grc' dir='ltr'><strong><em>Ἄχας,</em></strong></span> <span class='ocrx_word' id='word_1_38' title='bbox 374 681 410 765; x_wconf 79' lang='grc' dir='ltr'><strong><em>ὃς</em></strong></span> <span class='ocrx_word' id='word_1_39' title='bbox 437 688 546 772; x_wconf 74' lang='grc' dir='ltr'><strong><em>ἐπεῖχε</em></strong></span> <span class='ocrx_word' id='word_1_40' title='bbox 562 682 637 753; x_wconf 88' lang='grc' dir='ltr'><strong><em>τότε</em></strong></span> <span class='ocrx_word' id='word_1_41' title='bbox 653 681 694 752; x_wconf 81' lang='grc' dir='ltr'><strong><em>τὰ</em></strong></span> <span class='ocrx_word' id='word_1_42' title='bbox 711 687 769 773; x_wconf 87' lang='grc' dir='ltr'><strong><em>τῆς</em></strong></span> <span class='ocrx_word' id='word_1_43' title='bbox 787 689 957 771; x_wconf 80' lang='grc' dir='ltr'><strong><em>βασιλείας</em></strong></span> <span class='ocrx_word' id='word_1_44' title='bbox 976 687 1035 752; x_wconf 80' lang='grc' dir='ltr'><strong><em>τοῦ</em></strong></span> <span class='ocrx_word' id='word_1_45' title='bbox 1068 754 1073 760; x_wconf 64' lang='grc'><strong><em>,</em></strong></span> 
     </span>
     <span class='ocr_line' id='line_1_7' title="bbox 62 783 1035 875; baseline -0.004 -19"><span class='ocrx_word' id='word_1_46' title='bbox 62 784 235 857; x_wconf 86' lang='grc' dir='ltr'><strong><em>Ἰουδαίων</em></strong></span> <span class='ocrx_word' id='word_1_47' title='bbox 252 791 352 874; x_wconf 82' lang='grc' dir='ltr'><strong><em>λαοῦ,</em></strong></span> <span class='ocrx_word' id='word_1_48' title='bbox 371 784 579 875; x_wconf 74' lang='grc' dir='ltr'><strong><em>ὑπογράφει,</em></strong></span> <span class='ocrx_word' id='word_1_49' title='bbox 598 787 654 854; x_wconf 85' lang='grc' dir='ltr'><strong><em>καὶ</em></strong></span> <span class='ocrx_word' id='word_1_50' title='bbox 671 783 732 873; x_wconf 84' lang='grc' dir='ltr'><strong><em>τῆν</em></strong></span> <span class='ocrx_word' id='word_1_51' title='bbox 750 791 818 853; x_wconf 89' lang='grc' dir='ltr'><strong><em>τῶν</em></strong></span> <span class='ocrx_word' id='word_1_52' title='bbox 836 786 898 872; x_wconf 76' lang='grc' dir='ltr'><strong><em>μὲν</em></strong></span> <span class='ocrx_word' id='word_1_53' title='bbox 915 791 1035 872; x_wconf 88' lang='grc' dir='ltr'><strong><em>αίσθη-</em></strong></span> 
     </span>
     <span class='ocr_line' id='line_1_8' title="bbox 63 882 1064 977; baseline -0.003 -20"><span class='ocrx_word' id='word_1_54' title='bbox 63 891 131 957; x_wconf 88' lang='grc' dir='ltr'><strong><em>τῶν</em></strong></span> <span class='ocrx_word' id='word_1_55' title='bbox 149 896 318 975; x_wconf 89' lang='grc' dir='ltr'><strong><em>πολεμίων</em></strong></span> <span class='ocrx_word' id='word_1_56' title='bbox 334 895 534 977; x_wconf 75' lang='grc' dir='ltr'><strong><em>καθαίρεσιν</em></strong></span> <span class='ocrx_word' id='word_1_57' title='bbox 553 882 671 956; x_wconf 78' lang='grc' dir='ltr'><strong><em>αὐτίκα</em></strong></span> <span class='ocrx_word' id='word_1_58' title='bbox 690 888 745 954; x_wconf 84' lang='grc' dir='ltr'><strong><em>καὶ</em></strong></span> <span class='ocrx_word' id='word_1_59' title='bbox 763 883 825 955; x_wconf 85' lang='grc' dir='ltr'><strong><em>οόκ</em></strong></span> <span class='ocrx_word' id='word_1_60' title='bbox 844 893 891 965; x_wconf 85' lang='grc' dir='ltr'><strong><em>εἰς</em></strong></span> <span class='ocrx_word' id='word_1_61' title='bbox 908 884 1064 975; x_wconf 86' lang='grc' dir='ltr'><strong><em>μακρδνι</em></strong></span> 
     </span>
     <span class='ocr_line' id='line_1_9' title="bbox 64 979 1036 1109; baseline -0.003 -51"><span class='ocrx_word' id='word_1_62' title='bbox 64 986 268 1077; x_wconf 83' lang='grc' dir='ltr'><strong><em>γενήσεσθαι</em></strong></span> <span class='ocrx_word' id='word_1_63' title='bbox 286 996 454 1077; x_wconf 83' lang='grc' dir='ltr'><strong><em>σημαίνει·</em></strong></span> <span class='ocrx_word' id='word_1_64' title='bbox 489 979 537 1058; x_wconf 84' lang='grc' dir='ltr'><strong><em>ῶν</em></strong></span> <span class='ocrx_word' id='word_1_65' title='bbox 562 987 599 1056; x_wconf 93' lang='grc' dir='ltr'><strong><em>δε</em></strong></span> <span class='ocrx_word' id='word_1_66' title='bbox 617 985 806 1075; x_wconf 81' lang='grc' dir='ltr'><strong><em>σόμβολα”’</em></strong></span> <span class='ocrx_word' id='word_1_67' title='bbox 789 1008 888 1077; x_wconf 81' lang='grc' dir='ltr'><strong><em>εφερε</em></strong></span> <span class='ocrx_word' id='word_1_68' title='bbox 904 991 1036 1109; x_wconf 77' lang='grc' dir='ltr'><strong><em>νοητῶν</em></strong></span> 
     </span>
     <span class='ocr_line' id='line_1_10' title="bbox 65 1085 1036 1219; baseline -0.001 -60"><span class='ocrx_word' id='word_1_69' title='bbox 65 1094 121 1159; x_wconf 82' lang='grc' dir='ltr'><strong><em>καὶ</em></strong></span> <span class='ocrx_word' id='word_1_70' title='bbox 144 1087 295 1178; x_wconf 78' lang='grc' dir='ltr'><strong><em>ἀοράτων</em></strong></span> <span class='ocrx_word' id='word_1_71' title='bbox 321 1093 474 1219; x_wconf 85' lang='grc' dir='ltr'><strong><em>ἐχθρῶν,</em></strong></span> <span class='ocrx_word' id='word_1_72' title='bbox 499 1088 668 1177; x_wconf 82' lang='grc' dir='ltr'><strong><em>δαιμόνων</em></strong></span> <span class='ocrx_word' id='word_1_73' title='bbox 692 1093 794 1158; x_wconf 87' lang='grc' dir='ltr'><strong><em>τινῶν</em></strong></span> <span class='ocrx_word' id='word_1_74' title='bbox 812 1085 912 1159; x_wconf 84' lang='grc' dir='ltr'><strong><em>καὶ’</em></strong></span> <span class='ocrx_word' id='word_1_75' title='bbox 893 1093 1036 1178; x_wconf 79' lang='grc' dir='ltr'><strong><em>ἀφανῶν</em></strong></span> 
     </span>
     <span class='ocr_line' id='line_1_11' title="bbox 26 1181 1035 1313; baseline -0.001 -54"><span class='ocrx_word' id='word_1_76' title='bbox 26 1221 52 1259; x_wconf 82' lang='grc' dir='ltr'><strong><em>ιο</em></strong></span> <span class='ocrx_word' id='word_1_77' title='bbox 68 1190 258 1279; x_wconf 75' lang='grc' dir='ltr'><strong><em>δυνάμεων,</em></strong></span> <span class='ocrx_word' id='word_1_78' title='bbox 279 1190 371 1280; x_wconf 81' lang='grc' dir='ltr'><strong><em>(περὶ</em></strong></span> <span class='ocrx_word' id='word_1_79' title='bbox 390 1181 438 1260; x_wconf 88' lang='grc' dir='ltr'><strong><em>ῶν</em></strong></span> <span class='ocrx_word' id='word_1_80' title='bbox 438 1186 632 1313; x_wconf 88' lang='grc' dir='ltr'><strong><em>ἀρχόμενοι</em></strong></span> <span class='ocrx_word' id='word_1_81' title='bbox 645 1193 703 1276; x_wconf 87' lang='grc' dir='ltr'><strong><em>τῆς</em></strong></span> <span class='ocrx_word' id='word_1_82' title='bbox 716 1186 795 1278; x_wconf 81' lang='grc' dir='ltr'><strong><em>ὅλης</em></strong></span> <span class='ocrx_word' id='word_1_83' title='bbox 808 1199 1035 1278; x_wconf 78' lang='grc' dir='ltr'><strong><em>πραγματείας</em></strong></span> 
     </span>
     <span class='ocr_line' id='line_1_12' title="bbox 66 1287 1036 1379; baseline -0.001 -20"><span class='ocrx_word' id='word_1_84' title='bbox 66 1289 368 1379; x_wconf 81' lang='grc' dir='ltr'><strong><em>διεληλύθαμεν,</em></strong></span> <span class='ocrx_word' id='word_1_85' title='bbox 347 1305 392 1371; x_wconf 89' lang='grc' dir='ltr'><strong><em>ως</em></strong></span> <span class='ocrx_word' id='word_1_86' title='bbox 409 1289 450 1360; x_wconf 80' lang='grc' dir='ltr'><strong><em>οὐ</em></strong></span> <span class='ocrx_word' id='word_1_87' title='bbox 463 1290 567 1379; x_wconf 88' lang='grc' dir='ltr'><strong><em>μόνον</em></strong></span> <span class='ocrx_word' id='word_1_88' title='bbox 584 1320 621 1360; x_wconf 92' lang='grc' dir='ltr'><strong><em>το</em></strong></span> <span class='ocrx_word' id='word_1_89' title='bbox 611 1287 809 1360; x_wconf 82' lang='grc' dir='ltr'><strong><em>Ἰουδαίων</em></strong></span> <span class='ocrx_word' id='word_1_90' title='bbox 825 1300 936 1379; x_wconf 79' lang='grc' dir='ltr'><strong><em>ἔθνος,</em></strong></span> <span class='ocrx_word' id='word_1_91' title='bbox 951 1289 1036 1361; x_wconf 83' lang='grc' dir='ltr'><strong><em>ἀλλὰ</em></strong></span> 
     </span>
     <span class='ocr_line' id='line_1_13' title="bbox 65 1388 1036 1481; baseline 0 -21"><span class='ocrx_word' id='word_1_92' title='bbox 65 1395 121 1460; x_wconf 82' lang='grc' dir='ltr'><strong><em>καὶ</em></strong></span> <span class='ocrx_word' id='word_1_93' title='bbox 139 1396 207 1461; x_wconf 86' lang='grc' dir='ltr'><strong><em>πάν</em></strong></span> <span class='ocrx_word' id='word_1_94' title='bbox 230 1389 267 1460; x_wconf 84' lang='grc' dir='ltr'><strong><em>τό</em></strong></span> <span class='ocrx_word' id='word_1_95' title='bbox 292 1388 506 1481; x_wconf 76' lang='grc' dir='ltr'><strong><em>ἀνθρώπειον</em></strong></span> <span class='ocrx_word' id='word_1_96' title='bbox 532 1396 627 1479; x_wconf 81' lang='grc' dir='ltr'><strong><em>γένος</em></strong></span> <span class='ocrx_word' id='word_1_97' title='bbox 652 1393 707 1461; x_wconf 80' lang='grc' dir='ltr'><strong><em>ἐπὶ</em></strong></span> <span class='ocrx_word' id='word_1_98' title='bbox 725 1399 792 1460; x_wconf 81' lang='grc' dir='ltr'><strong><em>πᾶν</em></strong></span> <span class='ocrx_word' id='word_1_99' title='bbox 812 1392 900 1470; x_wconf 84' lang='grc' dir='ltr'><strong><em>εἶδος</em></strong></span> <span class='ocrx_word' id='word_1_100' title='bbox 919 1421 1036 1473; x_wconf 86' lang='grc' dir='ltr'><strong><em>κακιας</em></strong></span> 
     </span>
    </p>
   </div>
   <div class='ocr_carea' id='block_1_3' title="bbox 24 1585 1154 3304">
    <p class='ocr_par' dir='ltr' id='par_1_3' title="bbox 24 1585 1154 3304">
     <span class='ocr_line' id='line_1_14' title="bbox 65 1585 1035 1683; baseline -0.001 -20"><span class='ocrx_word' id='word_1_101' title='bbox 65 1593 265 1683; x_wconf 84' lang='grc' dir='ltr'><strong><em>βληκότων),</em></strong></span> <span class='ocrx_word' id='word_1_102' title='bbox 284 1590 347 1663; x_wconf 77' lang='grc' dir='ltr'><strong><em>οὐκ</em></strong></span> <span class='ocrx_word' id='word_1_103' title='bbox 365 1592 473 1675; x_wconf 86' lang='grc' dir='ltr'><strong><em>ἀλλως</em></strong></span> <span class='ocrx_word' id='word_1_104' title='bbox 485 1591 547 1681; x_wconf 87' lang='grc' dir='ltr'><strong><em>τῆν</em></strong></span> <span class='ocrx_word' id='word_1_105' title='bbox 560 1585 664 1682; x_wconf 88' lang='grc' dir='ltr'><strong><em>ῆτταν</em></strong></span> <span class='ocrx_word' id='word_1_106' title='bbox 678 1603 816 1665; x_wconf 79' lang='grc' dir='ltr'><strong><em>ἔσεσθαι</em></strong></span> <span class='ocrx_word' id='word_1_107' title='bbox 831 1591 961 1683; x_wconf 82' lang='grc' dir='ltr'><strong><em>δηλοῖῆ</em></strong></span> <span class='ocrx_word' id='word_1_108' title='bbox 980 1593 1035 1663; x_wconf 88' lang='grc' dir='ltr'><strong><em>διά</em></strong></span> 
     </span>
     <span class='ocr_line' id='line_1_15' title="bbox 25 1694 1035 1814; baseline 0.004 -54"><span class='ocrx_word' id='word_1_109' title='bbox 25 1725 50 1762; x_wconf 80' lang='grc' dir='ltr'><strong><em>ιι</em></strong></span> <span class='ocrx_word' id='word_1_110' title='bbox 65 1694 167 1784; x_wconf 88' lang='grc' dir='ltr'><strong><em>μόνης</em></strong></span> <span class='ocrx_word' id='word_1_111' title='bbox 191 1702 251 1783; x_wconf 88' lang='grc' dir='ltr'><strong><em>τῆς</em></strong></span> <span class='ocrx_word' id='word_1_112' title='bbox 281 1700 522 1784; x_wconf 77' lang='grc' dir='ltr'><strong><em>θεσπιζομένης</em></strong></span> <span class='ocrx_word' id='word_1_113' title='bbox 550 1703 597 1776; x_wconf 90' lang='grc' dir='ltr'><strong><em>είς</em></strong></span> <span class='ocrx_word' id='word_1_114' title='bbox 628 1694 831 1785; x_wconf 76' lang='grc' dir='ltr'><strong><em>ἀνθρώπους</em></strong></span> <span class='ocrx_word' id='word_1_115' title='bbox 860 1701 1035 1814; x_wconf 80' lang='grc' dir='ltr'><strong><em>ἐπιδημίας</em></strong></span> 
     </span>
     <span class='ocr_line' id='line_1_16' title="bbox 64 1795 1060 1918; baseline -0.002 -52"><span class='ocrx_word' id='word_1_116' title='bbox 64 1801 124 1866; x_wconf 80' lang='grc' dir='ltr'><strong><em>τοῆ</em></strong></span> <span class='ocrx_word' id='word_1_117' title='bbox 147 1801 232 1868; x_wconf 81' lang='grc' dir='ltr'><strong><em>θεοῦ</em></strong></span> <span class='ocrx_word' id='word_1_118' title='bbox 256 1795 375 1885; x_wconf 80' lang='grc' dir='ltr'><strong><em>λόγου,</em></strong></span> <span class='ocrx_word' id='word_1_119' title='bbox 402 1796 476 1879; x_wconf 83' lang='grc' dir='ltr'><strong><em>ε’ξ’</em></strong></span> <span class='ocrx_word' id='word_1_120' title='bbox 459 1796 686 1887; x_wconf 82' lang='grc' dir='ltr'><strong><em>απειρογάμου</em></strong></span> <span class='ocrx_word' id='word_1_121' title='bbox 712 1802 886 1884; x_wconf 77' lang='grc' dir='ltr'><strong><em>παρθένου</em></strong></span> <span class='ocrx_word' id='word_1_122' title='bbox 914 1802 1060 1918; x_wconf 70' lang='grc' dir='ltr'><strong><em>σκῆυοςι</em></strong></span> 
     </span>
     <span class='ocr_line' id='line_1_17' title="bbox 64 1894 1035 2027; baseline 0.001 -61"><span class='ocrx_word' id='word_1_123' title='bbox 64 1894 278 2027; x_wconf 74' lang='grc' dir='ltr'><strong><em>ἀνθρώπειον</em></strong></span> <span class='ocrx_word' id='word_1_124' title='bbox 303 1897 571 1987; x_wconf 81' lang='grc' dir='ltr'><strong><em>ἀναληψομένου.</em></strong></span> <span class='ocrx_word' id='word_1_125' title='bbox 619 1908 669 1980; x_wconf 86' lang='grc' dir='ltr'><strong><em>τίς</em></strong></span> <span class='ocrx_word' id='word_1_126' title='bbox 694 1901 729 1968; x_wconf 88' lang='grc' dir='ltr'><strong><em>δε</em></strong></span> <span class='ocrx_word' id='word_1_127' title='bbox 755 1896 844 1992; x_wconf 82' lang='grc' dir='ltr'><strong><em>αότφ</em></strong></span> <span class='ocrx_word' id='word_1_128' title='bbox 869 1898 890 1986; x_wconf 86' lang='grc' dir='ltr'><strong><em>ῆ</em></strong></span> <span class='ocrx_word' id='word_1_129' title='bbox 915 1898 1035 1969; x_wconf 85' lang='grc' dir='ltr'><strong><em>τούτου</em></strong></span> 
     </span>
     <span class='ocr_line' id='line_1_18' title="bbox 63 1991 685 2089; baseline 0 -20"><span class='ocrx_word' id='word_1_130' title='bbox 63 2007 158 2088; x_wconf 87' lang='grc' dir='ltr'><strong><em>χρεία</em></strong></span> <span class='ocrx_word' id='word_1_131' title='bbox 175 1991 219 2086; x_wconf 90' lang='grc' dir='ltr'><strong><em>ῆν</em></strong></span> <span class='ocrx_word' id='word_1_132' title='bbox 236 1999 349 2089; x_wconf 87' lang='grc' dir='ltr'><strong><em>καιρός</em></strong></span> <span class='ocrx_word' id='word_1_133' title='bbox 369 1995 412 2070; x_wconf 87' lang='grc' dir='ltr'><strong><em>ἀν</em></strong></span> <span class='ocrx_word' id='word_1_134' title='bbox 431 2031 445 2070; x_wconf 90' lang='grc' dir='ltr'><strong><em>ε</em></strong></span> <span class='ocrx_word' id='word_1_135' title='bbox 449 2012 482 2088; x_wconf 84' lang='grc' dir='ltr'><strong><em>ίη</em></strong></span> <span class='ocrx_word' id='word_1_136' title='bbox 502 2008 685 2088; x_wconf 78' lang='grc' dir='ltr'><strong><em>διαλαβεῖν</em></strong></span> 
     </span>
     <span class='ocr_line' id='line_1_19' title="bbox 139 2098 1035 2190; baseline 0.002 -23"><span class='ocrx_word' id='word_1_137' title='bbox 139 2107 190 2168; x_wconf 75' lang='lat'><strong><em>20</em></strong></span> <span class='ocrx_word' id='word_1_138' title='bbox 205 2098 340 2188; x_wconf 33' lang='grc' dir='ltr'><strong><em>ὛΕπειδῆ</em></strong></span> <span class='ocrx_word' id='word_1_139' title='bbox 365 2099 409 2170; x_wconf 89' lang='grc' dir='ltr'><strong><em>δι’</em></strong></span> <span class='ocrx_word' id='word_1_140' title='bbox 431 2098 619 2188; x_wconf 76' lang='grc' dir='ltr'><strong><em>ἀνθρώπου</em></strong></span> <span class='ocrx_word' id='word_1_141' title='bbox 636 2101 782 2182; x_wconf 89' lang='grc' dir='ltr'><strong><em>θάνατος</em></strong></span> <span class='ocrx_word' id='word_1_142' title='bbox 808 2107 968 2190; x_wconf 78' lang='grc' dir='ltr'><strong><em>εἰσῆλθεν</em></strong></span> <span class='ocrx_word' id='word_1_143' title='bbox 988 2109 1035 2180; x_wconf 85' lang='grc' dir='ltr'><strong><em>εἰς</em></strong></span> 
     </span>
     <span class='ocr_line' id='line_1_20' title="bbox 26 2197 1034 2291; baseline 0.006 -26"><span class='ocrx_word' id='word_1_144' title='bbox 26 2228 51 2267; x_wconf 82' lang='lat'><strong><em>20</em></strong></span> <span class='ocrx_word' id='word_1_145' title='bbox 64 2197 122 2270; x_wconf 89' lang='grc' dir='ltr'><strong><em>τόν</em></strong></span> <span class='ocrx_word' id='word_1_146' title='bbox 140 2199 283 2288; x_wconf 90' lang='grc' dir='ltr'><strong><em>κόσμου,</em></strong></span> <span class='ocrx_word' id='word_1_147' title='bbox 302 2201 438 2289; x_wconf 82' lang='grc' dir='ltr'><strong><em>φησὶνδ</em></strong></span> <span class='ocrx_word' id='word_1_148' title='bbox 457 2200 650 2290; x_wconf 85' lang='grc' dir='ltr'><strong><em>ἀπόστολος,</em></strong></span> <span class='ocrx_word' id='word_1_149' title='bbox 669 2206 754 2291; x_wconf 91' lang='grc' dir='ltr'><strong><em>χρῆν</em></strong></span> <span class='ocrx_word' id='word_1_150' title='bbox 772 2201 880 2291; x_wconf 90' lang='grc' dir='ltr'><strong><em>δῆπου</em></strong></span> <span class='ocrx_word' id='word_1_151' title='bbox 901 2201 956 2271; x_wconf 89' lang='grc' dir='ltr'><strong><em>διά</em></strong></span> <span class='ocrx_word' id='word_1_152' title='bbox 975 2208 1034 2271; x_wconf 85' lang='grc' dir='ltr'><strong><em>τοῦ</em></strong></span> 
     </span>
     <span class='ocr_line' id='line_1_21' title="bbox 65 2298 1064 2393; baseline 0.002 -23"><span class='ocrx_word' id='word_1_153' title='bbox 65 2298 172 2371; x_wconf 77' lang='grc' dir='ltr'><strong><em>αὐτοῦ</em></strong></span> <span class='ocrx_word' id='word_1_154' title='bbox 188 2299 373 2389; x_wconf 87' lang='grc' dir='ltr'><strong><em>ἀνθρῶπου</em></strong></span> <span class='ocrx_word' id='word_1_155' title='bbox 399 2301 461 2390; x_wconf 91' lang='grc' dir='ltr'><strong><em>τῆν</em></strong></span> <span class='ocrx_word' id='word_1_156' title='bbox 484 2301 566 2371; x_wconf 87' lang='grc' dir='ltr'><strong><em>κατά</em></strong></span> <span class='ocrx_word' id='word_1_157' title='bbox 585 2307 644 2373; x_wconf 84' lang='grc' dir='ltr'><strong><em>τοῶ</em></strong></span> <span class='ocrx_word' id='word_1_158' title='bbox 667 2303 818 2373; x_wconf 89' lang='grc' dir='ltr'><strong><em>θανάτου</em></strong></span> <span class='ocrx_word' id='word_1_159' title='bbox 837 2309 1064 2393; x_wconf 81' lang='grc' dir='ltr'><strong><em>βραβευθῆ-ιι</em></strong></span> 
     </span>
     <span class='ocr_line' id='line_1_22' title="bbox 64 2393 1154 2491; baseline -0.001 -19"><span class='ocrx_word' id='word_1_160' title='bbox 64 2432 119 2472; x_wconf 91' lang='grc' dir='ltr'><strong><em>ναι</em></strong></span> <span class='ocrx_word' id='word_1_161' title='bbox 138 2410 248 2491; x_wconf 91' lang='grc' dir='ltr'><strong><em>νίκην,</em></strong></span> <span class='ocrx_word' id='word_1_162' title='bbox 267 2405 322 2472; x_wconf 82' lang='grc' dir='ltr'><strong><em>καὶ</em></strong></span> <span class='ocrx_word' id='word_1_163' title='bbox 340 2401 377 2472; x_wconf 89' lang='grc' dir='ltr'><strong><em>τό</em></strong></span> <span class='ocrx_word' id='word_1_164' title='bbox 391 2406 485 2491; x_wconf 91' lang='grc' dir='ltr'><strong><em>σῶμα</em></strong></span> <span class='ocrx_word' id='word_1_165' title='bbox 498 2408 558 2472; x_wconf 84' lang='grc' dir='ltr'><strong><em>τοῦ</em></strong></span> <span class='ocrx_word' id='word_1_166' title='bbox 572 2402 723 2472; x_wconf 88' lang='grc' dir='ltr'><strong><em>θανάτου</em></strong></span> <span class='ocrx_word' id='word_1_167' title='bbox 737 2407 832 2490; x_wconf 88' lang='grc' dir='ltr'><strong><em>σῶμα</em></strong></span> <span class='ocrx_word' id='word_1_168' title='bbox 851 2408 934 2489; x_wconf 79' lang='grc' dir='ltr'><strong><em>ζωῆς</em></strong></span> <span class='ocrx_word' id='word_1_169' title='bbox 951 2400 1033 2472; x_wconf 84' lang='grc' dir='ltr'><strong><em>ἀνα·</em></strong></span> <span class='ocrx_word' id='word_1_170' title='bbox 1149 2393 1154 2404; x_wconf 69' lang='grc'><strong><em>’</em></strong></span> 
     </span>
     <span class='ocr_line' id='line_1_23' title="bbox 66 2502 1033 2595; baseline -0.001 -23"><span class='ocrx_word' id='word_1_171' title='bbox 66 2507 259 2593; x_wconf 76' lang='grc' dir='ltr'><strong><em>δειχθῆναι,</em></strong></span> <span class='ocrx_word' id='word_1_172' title='bbox 285 2506 340 2573; x_wconf 83' lang='grc' dir='ltr'><strong><em>καὶ</em></strong></span> <span class='ocrx_word' id='word_1_173' title='bbox 364 2509 421 2591; x_wconf 86' lang='grc' dir='ltr'><strong><em>τῆς</em></strong></span> <span class='ocrx_word' id='word_1_174' title='bbox 446 2503 608 2593; x_wconf 81' lang='grc' dir='ltr'><strong><em>ἁμαρτίας</em></strong></span> <span class='ocrx_word' id='word_1_175' title='bbox 630 2502 691 2593; x_wconf 87' lang='grc' dir='ltr'><strong><em>τῆν</em></strong></span> <span class='ocrx_word' id='word_1_176' title='bbox 714 2511 889 2591; x_wconf 85' lang='grc' dir='ltr'><strong><em>βασιλείαν</em></strong></span> <span class='ocrx_word' id='word_1_177' title='bbox 921 2509 957 2572; x_wconf 81' lang='grc' dir='ltr'><strong><em>ἐν</em></strong></span> <span class='ocrx_word' id='word_1_178' title='bbox 988 2509 1033 2595; x_wconf 80' lang='grc' dir='ltr'><strong><em>τῷ</em></strong></span> 
     </span>
     <span class='ocr_line' id='line_1_24' title="bbox 62 2605 1033 2699; baseline -0.003 -24"><span class='ocrx_word' id='word_1_179' title='bbox 62 2610 178 2699; x_wconf 73' lang='grc' dir='ltr'><strong><em>θνητῷ</em></strong></span> <span class='ocrx_word' id='word_1_180' title='bbox 209 2605 336 2694; x_wconf 88' lang='grc' dir='ltr'><strong><em>σῶματι</em></strong></span> <span class='ocrx_word' id='word_1_181' title='bbox 366 2605 403 2675; x_wconf 89' lang='grc' dir='ltr'><strong><em>τὸ</em></strong></span> <span class='ocrx_word' id='word_1_182' title='bbox 433 2609 513 2696; x_wconf 85' lang='grc' dir='ltr'><strong><em>πρὶν</em></strong></span> <span class='ocrx_word' id='word_1_183' title='bbox 551 2609 755 2694; x_wconf 79' lang='grc' dir='ltr'><strong><em>ἐνεργουσαν</em></strong></span> <span class='ocrx_word' id='word_1_184' title='bbox 789 2611 1033 2692; x_wconf 88' lang='grc' dir='ltr'><strong><em>καταλυθῆναι,</em></strong></span> 
     </span>
     <span class='ocr_line' id='line_1_25' title="bbox 24 2705 1033 2797; baseline 0.002 -25"><span class='ocrx_word' id='word_1_185' title='bbox 24 2733 49 2772; x_wconf 83' lang='lat'><strong><em>25</em></strong></span> <span class='ocrx_word' id='word_1_186' title='bbox 63 2711 179 2796; x_wconf 82' lang='grc' dir='ltr'><strong><em>μηκέτι</em></strong></span> <span class='ocrx_word' id='word_1_187' title='bbox 190 2709 352 2797; x_wconf 79' lang='grc' dir='ltr'><strong><em>ἁμαρτίας</em></strong></span> <span class='ocrx_word' id='word_1_188' title='bbox 365 2705 481 2797; x_wconf 78' lang='grc' dir='ltr'><strong><em>αὐτοῦ,</em></strong></span> <span class='ocrx_word' id='word_1_189' title='bbox 500 2705 584 2777; x_wconf 86' lang='grc' dir='ltr'><strong><em>ἀλλά</em></strong></span> <span class='ocrx_word' id='word_1_190' title='bbox 599 2706 815 2795; x_wconf 80' lang='grc' dir='ltr'><strong><em>δικαιοσύνης</em></strong></span> <span class='ocrx_word' id='word_1_191' title='bbox 834 2706 1033 2796; x_wconf 78' lang='grc' dir='ltr'><strong><em>κρατούσης.</em></strong></span> 
     </span>
     <span class='ocr_line' id='line_1_26' title="bbox 62 2805 1030 2899; baseline 0.004 -26"><span class='ocrx_word' id='word_1_192' title='bbox 62 2813 112 2877; x_wconf 84' lang='grc'><strong><em>21.</em></strong></span> <span class='ocrx_word' id='word_1_193' title='bbox 132 2813 189 2876; x_wconf 82' lang='grc' dir='ltr'><strong><em>καὶ</em></strong></span> <span class='ocrx_word' id='word_1_194' title='bbox 207 2807 323 2896; x_wconf 84' lang='grc' dir='ltr'><strong><em>ἐπειδῆ</em></strong></span> <span class='ocrx_word' id='word_1_195' title='bbox 343 2807 398 2878; x_wconf 87' lang='grc' dir='ltr'><strong><em>διά</em></strong></span> <span class='ocrx_word' id='word_1_196' title='bbox 415 2815 483 2880; x_wconf 92' lang='grc' dir='ltr'><strong><em>τῶν</em></strong></span> <span class='ocrx_word' id='word_1_197' title='bbox 500 2817 558 2898; x_wconf 89' lang='grc' dir='ltr'><strong><em>τῆς</em></strong></span> <span class='ocrx_word' id='word_1_198' title='bbox 572 2807 693 2898; x_wconf 88' lang='grc' dir='ltr'><strong><em>σαρκός</em></strong></span> <span class='ocrx_word' id='word_1_199' title='bbox 706 2805 950 2899; x_wconf 86' lang='grc' dir='ltr'><strong><em>ἀμαρτημάτων</em></strong></span> <span class='ocrx_word' id='word_1_200' title='bbox 969 2809 1030 2878; x_wconf 87' lang='grc' dir='ltr'><strong><em>πά-</em></strong></span> 
     </span>
     <span class='ocr_line' id='line_1_27' title="bbox 62 2906 1032 3000; baseline 0.003 -25"><span class='ocrx_word' id='word_1_201' title='bbox 62 2916 116 2976; x_wconf 91' lang='grc' dir='ltr'><strong><em>λαι</em></strong></span> <span class='ocrx_word' id='word_1_202' title='bbox 148 2906 310 2998; x_wconf 89' lang='grc' dir='ltr'><strong><em>πρότερον</em></strong></span> <span class='ocrx_word' id='word_1_203' title='bbox 336 2909 357 2998; x_wconf 85' lang='grc' dir='ltr'><strong><em>ῆ</em></strong></span> <span class='ocrx_word' id='word_1_204' title='bbox 381 2917 504 2989; x_wconf 80' lang='grc' dir='ltr'><strong><em>πτῶσις</em></strong></span> <span class='ocrx_word' id='word_1_205' title='bbox 536 2916 663 2998; x_wconf 78' lang='grc' dir='ltr'><strong><em>ἐγίνετο</em></strong></span> <span class='ocrx_word' id='word_1_206' title='bbox 693 2916 796 2980; x_wconf 82' lang='grc' dir='ltr'><strong><em>πᾶσιν</em></strong></span> <span class='ocrx_word' id='word_1_207' title='bbox 826 2907 1032 3000; x_wconf 75' lang='grc' dir='ltr'><strong><em>ἀνθρώποις,</em></strong></span> 
     </span>
     <span class='ocr_line' id='line_1_28' title="bbox 64 3006 1032 3101; baseline -0.001 -22"><span class='ocrx_word' id='word_1_208' title='bbox 64 3006 197 3088; x_wconf 81' lang='grc' dir='ltr'><strong><em>εἰκότως</em></strong></span> <span class='ocrx_word' id='word_1_209' title='bbox 216 3007 317 3080; x_wconf 82' lang='grc' dir='ltr'><strong><em>πόλιν</em></strong></span> <span class='ocrx_word' id='word_1_210' title='bbox 335 3007 382 3079; x_wconf 89' lang='grc' dir='ltr'><strong><em>δι’</em></strong></span> <span class='ocrx_word' id='word_1_211' title='bbox 409 3009 642 3101; x_wconf 87' lang='grc' dir='ltr'><strong><em>ἀναμαρτῆτου</em></strong></span> <span class='ocrx_word' id='word_1_212' title='bbox 660 3013 715 3080; x_wconf 86' lang='grc' dir='ltr'><strong><em>καὶ</em></strong></span> <span class='ocrx_word' id='word_1_213' title='bbox 741 3009 847 3098; x_wconf 86' lang='grc' dir='ltr'><strong><em>πόσης</em></strong></span> <span class='ocrx_word' id='word_1_214' title='bbox 866 3008 1032 3100; x_wconf 87' lang='grc' dir='ltr'><strong><em>ἀχράυτου</em></strong></span> 
     </span>
     <span class='ocr_line' id='line_1_29' title="bbox 62 3107 1030 3203; baseline 0 -23"><span class='ocrx_word' id='word_1_215' title='bbox 62 3120 179 3192; x_wconf 87' lang='grc' dir='ltr'><strong><em>κακίας</em></strong></span> <span class='ocrx_word' id='word_1_216' title='bbox 197 3107 236 3179; x_wconf 87' lang='grc' dir='ltr'><strong><em>τά</em></strong></span> <span class='ocrx_word' id='word_1_217' title='bbox 254 3109 337 3180; x_wconf 82' lang='grc' dir='ltr'><strong><em>κατα</em></strong></span> <span class='ocrx_word' id='word_1_218' title='bbox 354 3115 423 3181; x_wconf 87' lang='grc' dir='ltr'><strong><em>τῶν</em></strong></span> <span class='ocrx_word' id='word_1_219' title='bbox 441 3116 575 3203; x_wconf 83' lang='grc' dir='ltr'><strong><em>ἐχθρῶν</em></strong></span> <span class='ocrx_word' id='word_1_220' title='bbox 593 3111 785 3201; x_wconf 79' lang='grc' dir='ltr'><strong><em>ἀνηγείρετο</em></strong></span> <span class='ocrx_word' id='word_1_221' title='bbox 802 3110 952 3200; x_wconf 91' lang='grc' dir='ltr'><strong><em>τρόπαια,</em></strong></span> <span class='ocrx_word' id='word_1_222' title='bbox 979 3116 1030 3180; x_wconf 77' lang='grc'><strong><em>22.</em></strong></span> 
     </span>
     <span class='ocr_line' id='line_1_30' title="bbox 24 3208 1032 3304; baseline 0.002 -26"><span class='ocrx_word' id='word_1_223' title='bbox 24 3237 49 3278; x_wconf 81' lang='grc' dir='ltr'><strong><em>ιο</em></strong></span> <span class='ocrx_word' id='word_1_224' title='bbox 62 3220 166 3283; x_wconf 86' lang='grc' dir='ltr'><strong><em>τίνων</em></strong></span> <span class='ocrx_word' id='word_1_225' title='bbox 190 3213 227 3282; x_wconf 67' lang='grc' dir='ltr'><strong><em>δὲ</em></strong></span> <span class='ocrx_word' id='word_1_226' title='bbox 253 3216 403 3304; x_wconf 80' lang='grc' dir='ltr'><strong><em>ἐχθρῶν,</em></strong></span> <span class='ocrx_word' id='word_1_227' title='bbox 426 3208 447 3300; x_wconf 90' lang='grc' dir='ltr'><strong><em>ῆ</em></strong></span> <span class='ocrx_word' id='word_1_228' title='bbox 464 3221 533 3285; x_wconf 81' lang='grc' dir='ltr'><strong><em>τῶν</em></strong></span> <span class='ocrx_word' id='word_1_229' title='bbox 550 3213 652 3284; x_wconf 89' lang='grc' dir='ltr'><strong><em>πάλαι</em></strong></span> <span class='ocrx_word' id='word_1_230' title='bbox 677 3211 732 3283; x_wconf 86' lang='grc' dir='ltr'><strong><em>διά</em></strong></span> <span class='ocrx_word' id='word_1_231' title='bbox 750 3217 817 3282; x_wconf 90' lang='grc' dir='ltr'><strong><em>τῶν</em></strong></span> <span class='ocrx_word' id='word_1_232' title='bbox 834 3216 892 3300; x_wconf 84' lang='grc' dir='ltr'><strong><em>τῆς</em></strong></span> <span class='ocrx_word' id='word_1_233' title='bbox 910 3210 1032 3299; x_wconf 86' lang='grc' dir='ltr'><strong><em>σαρκὸς</em></strong></span> 
     </span>
    </p>
   </div>
   <div class='ocr_carea' id='block_1_4' title="bbox 133 3447 353 3510">
    <p class='ocr_par' dir='ltr' id='par_1_4' title="bbox 133 3447 353 3510">
     <span class='ocr_line' id='line_1_31' title="bbox 133 3447 353 3510; baseline 0.014 -15"><span class='ocrx_word' id='word_1_234' title='bbox 133 3449 163 3496; x_wconf 84' lang='grc' dir='ltr'><strong><em>ιο</em></strong></span> <span class='ocrx_word' id='word_1_235' title='bbox 183 3447 259 3500; x_wconf 76' lang='lat' dir='ltr'><strong>Rom.</strong></span> <span class='ocrx_word' id='word_1_236' title='bbox 273 3450 298 3510; x_wconf 85' lang='grc' dir='ltr'><strong><em>ι,</em></strong></span> <span class='ocrx_word' id='word_1_237' title='bbox 313 3449 353 3498; x_wconf 80' lang='grc' dir='ltr'><strong><em>ιε.</em></strong></span> 
     </span>
    </p>
   </div>
   <div class='ocr_carea' id='block_1_5' title="bbox 0 0 1168 3818">
    <p class='ocr_par' dir='ltr' id='par_1_5' title="bbox 0 0 1168 3818">
     <span class='ocr_line' id='line_1_32' title="bbox 0 0 1168 3818; baseline 0 0"><span class='ocrx_word' id='word_1_238' title='bbox 0 0 1168 3818; x_wconf 95' lang='lat' dir='ltr'><strong><em> </em></strong></span> 
     </span>
    </p>
   </div>
  </div>
 </body>
</html>
