2326 3818
316 120 762 175 DEMONST.EVANG.IX.1.
963 121 1026 185 563

58 267 180 344 δαίων;
200 265 336 348 εἴδομεν
354 256 417 349 γάρ
429 257 603 330 αῦτοῦτδν
617 257 740 349 ἀστέρα
755 262 791 328 έν
809 265 849 350 τῇ
868 259 1025 354 ἀνατολῇ,

56 363 113 431 καὶ
146 358 298 449 ἤλθομεν
328 366 560 451 προσκυνῆσαι
598 357 697 454 αὐτῷ
747 357 803 431 ὅτε
830 365 886 430 καὶ
917 391 1027 454 παρα

57 463 268 586 πεμφθέντες
287 468 334 544 είς
351 462 506 586 βηθλεδμ
521 460 773 580 ἐπορεύθησαν,
792 491 848 532 και
838 464 944 533 ίδοῦ
962 464 1027 535 πά-

57 573 111 636 λιν
129 559 146 634 6
165 560 264 644 αῦτδς
282 561 403 652 ἀστὴρ,
427 559 466 634 66
485 562 578 635 είδον
603 568 640 685 ἐη
656 593 697 653 τη
687 550 861 653 ἀνατολῇ
879 570 1027 655 προῆγεν

31 664 194 754 εαύτοῦς,
220 667 282 746 ἕως
302 664 414 735 ἐλθάυ
432 662 592 754 ἐστάθη’
576 663 688 736 επάνω
706 655 748 736 06
764 657 807 754 ῇν
824 695 860 735 το
850 663 1023 737 παιδίον.
1039 706 1052 744 1,

58 766 187 848 ἰδόντες
219 766 255 836 δέ
293 764 352 836 τὸν
382 764 504 858 ἀστέρα
542 765 708 892 ἐχάρησαν
738 764 845 859 χαράν
875 767 1027 858 μεγάλην

57 867 206 960 σφόδρα,
231 871 288 938 καὶ
314 867 523 951 εἰσελθόντες
549 876 597 952 είς
630 869 692 958 τὴν
725 876 778 940 οία
780 876 836 940 ίαν
874 869 966 941 εἶδον
990 871 1026 940 τὸ

56 977 194 1041 παιδίον
211 966 295 1060 μετὰ
313 977 507 1062 Μαρίας
467 1000 531 1096 τῇς
542 968 664 1063 μητρὸς
683 970 803 1062 αὐτοῦ,
831 974 886 1041 καὶ
905 970 1026 1043 πεσόν-

55 1099 110 1153 τες
129 1073 387 1162 προσεκύνησαν
405 1069 531 1166 αῦτιβ.”
1080 1143 1087 1154 ,

18 1207 43 1247 ιο
133 1179 162 1242 4.
197 1177 308 1242 Ταῦτα
325 1174 388 1262 μὲν
404 1172 442 1243 τδ
467 1173 560 1265 ἱερὸν
575 1171 780 1262 εὐαγγέλιον.
818 1169 897 1244 δδέ
911 1205 950 1264 γε
968 1183 1026 1264 τῇς

56 1280 260 1365 προφητείας
278 1271 374 1360 λόγος
393 1276 447 1345 ἐπὶ
465 1280 506 1364 τῇ
523 1278 585 1346 τοῦ
602 1273 739 1366 ἀστέρος
758 1278 891 1366 ἐπιτολῇ
911 1280 966 1346 καλ
984 1283 1025 1367 τῇ

55 1378 115 1445 τοῦ
131 1379 279 1464 σωτῇρος
298 1369 393 1463 ἡμῶν
407 1373 515 1465 Ἰησοῦ
529 1380 676 1463 Χριστοῦ
688 1379 817 1466 γενέσει
831 1385 907 1446 τίνα
921 1380 1027 1466 φησὶν

56 1484 194 1547 ἔσεσθαι
217 1482 372 1546 συνιδεῖν
401 1475 513 1566 ἀξιον,
544 1484 694 1568 θραῦσιν
718 1473 874 1568 ἀρχηγῦν
899 1479 1054 1567 Μωάβ,ο

55 1581 111 1648 καὶ
125 1575 298 1668 προνομὴν
314 1581 400 1648 υἱῶν
419 1576 510 1669 Σῇθ,
526 1582 581 1649 καὶ
599 1583 667 1650 τῶν
680 1607 719 1668 γε
738 1583 865 1650 λυιπεῦυ
876 1585 936 1650 τοῦ
945 1576 1024 1649 ’Iov-

17 1709 42 1750 15
57 1686 164 1750 δαίων
181 1687 304 1760 ἔθνους
322 1690 491 1772 πολεμίων
504 1690 738 1780 πληρονομίαν.
767 1672 859 1751 οὗτοι
882 1672 959 1750 δε
937 1704 1024 1807 ησαη

52 1778 159 1872 Ἐδώμ
183 1784 239 1851 καὶ
263 1777 377 1853 Ἠσαῦ
413 1788 442 1854 5.
467 1792 503 1853 τί
524 1784 562 1853 δὲ
590 1779 726 1874 ῇνίξατο
758 1782 814 1852 διδι
844 1780 972 1853 τούτων
1003 1781 1023 1873 6

57 1883 167 1953 διά
131 1913 193 1974 μεν
217 1887 285 1954 τῶν
309 1881 466 1975 ἀρηηγῦυ
483 1881 596 1974 Μωάβ
619 1882 681 1973 τῇν
703 1888 771 1956 νῦν
794 1881 945 2007 ἀοράτωη
963 1881 1025 1975 ἀρ

55 1983 185 2074 χόντων
202 1992 419 2084 καθαίρεσιν,
444 1984 558 2058 αὐτῶν
584 1985 687 2076 66
643 2016 711 2057 των
729 1984 831 2057 πάλαι
847 1983 938 2112 παρά
956 2005 1025 2067 τοις

55 2093 253 2174 Μωαβίταις
271 2092 549 2178 θεολογουμένων
567 2091 755 2178 δαιμόνων;
780 2086 856 2158 ἀλλ’
877 2087 939 2178 οῦχ
959 2091 1025 2158 ἑτέ·
1102 2118 1106 2130 *

16 2222 42 2261 το
57 2215 126 2277 ρων
151 2185 320 2275 ἐμνήσθη,
351 2187 407 2257 διά
436 2187 497 2277 τῇν
527 2195 787 2280 είδωλολατρίαν
813 2193 875 2259 τοῦ
895 2186 1025 2279 Ἰσραῇλ

55 2285 117 2375 τῇν
135 2289 188 2358 ἐπὶ
207 2293 265 2374 τῇς
284 2285 409 2377 ἐρήμου
427 2292 630 2378 γενομένην,
656 2286 712 2358 ὅτε
731 2291 893 2414 ἐτελέσθη
910 2289 926 2358 6
946 2291 1024 2371 λαός

54 2418 100 2482 τῳ
88 2385 335 2476 Βεελφεγόρ
364 2389 510 2479 (δαίμων
535 2381 616 2458 δὲ
595 2418 639 2477 ην
657 2381 753 2469 οῦτος
772 2388 817 2470 69
834 2389 915 2469 θεὸς
933 2390 1024 2477 παρά

55 2497 100 2560 τῦ
131 2499 264 2579 βασιλει
287 2491 400 2578 Μωάβ
431 2496 476 2584 τῷ
500 2489 615 2560 Βαλάιι
638 2488 848 2580 τιμώμενος.)
892 2496 921 2558 6
951 2493 1023 2560 ἐπεὶ

56 2583 118 2663 οῦν
135 2600 289 2716 νευίαῇτο
313 2587 331 2662 6
344 2562 480 2717 Ἰσραῇλ
504 2591 586 2663 κατὰ
610 2597 708 2663 τοῦτο
726 2595 786 2662 τοῦ
804 2595 920 2681 καιροῦ
940 2618 1022 2682 προς

16 2729 43 2768 ει
55 2725 123 2765 των
152 2690 305 2784 ἀοράτων
335 2693 507 2786 ἀρχόντων
537 2698 597 2766 τοῦ
619 2692 799 2783 Μωάβ,λ
803 2694 866 2782 ἐγω
893 2694 930 2762 δε
956 2700 1023 2763 τῶν

56 2795 147 2887 παρὰ
164 2813 232 2877 τοῖς
250 2805 450 2885 Μωαβίταις
473 2800 724 2920 νενομισμένων
747 2798 857 2882 θεῶν,
884 2801 1022 2866 είδωλο-
1037 2832 1051 2871 ι

55 2896 224 2991 λάτρησαν
241 2903 326 2985 γοῦν
344 2901 399 3023 νριὶ
418 2895 675 2989 προσεκύνησαν
701 2913 769 2978 τοῖς
787 2906 959 2984 γλυπτοῖς,
980 2894 1023 2978 69

56 3022 160 3089 φησιν
183 2997 203 3087 6
229 2997 342 3089 γραφῇ
368 2995 446 3069 “ιιαι
467 3000 560 3071 ἐτελέ
559 3010 693 3088 σθησαν
716 3025 762 3068 τω
752 2995 1019 3123 Βεελφεγιόρ,η

57 3107 186 3191 δαίμων
211 3091 368 3183 δέοντος
391 3105 459 3172 νῦν
482 3103 678 3190 Μωαβιτῶν
706 3088 766 3189 ἦν,
794 3094 848 3169 ῦτε
873 3100 970 3168 266'
955 3105 1019 3177 εξε

15 3235 43 3276 ιο
56 3202 248 3294 πόρυευσαν
267 3208 298 3274 ε
298 3233 314 3284 ς
337 3199 395 3285 τάς
414 3207 633 3291 Μωαβιιιδας
642 3199 667 3288 )
692 3195 878 3282 είιιότως
845 3227 881 3269 το
898 3200 1022 3286 μέλλον

123 3438 345 3501 6666

778 3513 841 3574 36⁵³
