2326 3818
297 131 483 184 οεαοαευ.
501 131 635 184 οκεαο.
654 133 700 184 v1.
721 135 761 188 18.
781 133 821 184 ιο.
980 131 1043 194 399

72 268 240 358 λήφαμεν;
265 274 316 339 53.
336 266 506 360 πρόδηλον
526 270 563 339 66
582 273 721 353 καὶπῶς
736 270 801 340 ἀπὸ
816 274 946 358 τήςτοῦ
966 283 1042 360 Χρο

71 376 151 440 στοῦ
181 375 241 440 τοῦ
272 375 356 441 θεοῦ
387 379 612 460 προσηγορίας
641 369 677 442 τό
702 374 915 462 Χριστιανῶν
937 369 1040 463 ὄνομα

71 475 256 561 κατέπλησε
272 470 335 560 τήν
352 479 464 543 πᾶσαν
486 476 702 562 οἰκουμένην·
735 469 754 543 6
771 476 827 544 καὶ
845 471 927 542 αὐτὸ
945 484 1040 562 παρί-

70 596 188 661 στησιν
205 572 223 643 6
242 570 382 662 φάσκων
400 573 495 662 λόγος
510 569 586 644 “nal
606 572 643 645 τὰ
660 571 765 664 ὄνομα
784 571 886 646 αὐτοῦ
906 579 962 662 ἓν,
983 604 1040 644 κυ-

42 711 54 750 5
70 679 175 746 κλοῦυ
191 679 304 746 πάσαν
325 672 389 763 τήν
413 679 477 764 γήν
505 678 561 746 καὶ
578 673 641 763 τήν
659 674 815 768 έρημον.”
858 678 913 746 καὶ
932 676 985 744 σοί
1004 677 1041 746 δὲ

70 781 123 847 ε’πὶ
147 781 266 867 σχολῆς
290 779 451 866 παρέσται
474 774 617 866 ἑκάστην
635 785 856 866 βασανίσαντι
877 780 967 860 λέξιν
986 779 1039 846 ἐπὶ

69 877 214 959 πλάτους
231 885 408 968 θεωρῆσαι
421 876 461 948 τά
478 882 675 971 νενοημένα.

395 1145 476 1217 'And
493 1151 552 1218 τοῦ
572 1147 714 1238 Βαρούχ.

144 1295 218 1355 XIX.
235 1276 253 1305 “
264 1288 319 1362 Τίς
337 1278 442 1369 άνέβη
462 1289 509 1362 είς
527 1279 586 1351 τόν
604 1280 750 1372 οὐρανὸν
768 1285 824 1352 καὶ
839 1291 960 1371 έλαβεν
978 1279 1037 1352 αὖ·
1052 1314 1105 1364 μοι)

29 1418 53 1456 ιο
66 1381 128 1472 τήν
147 1377 260 1479 (δηλοῖ
279 1383 316 1451 δὲ
333 1381 395 1470 τήν
413 1382 553 1472 σοφίαν)
572 1386 628 1453 καί
642 1391 864 1472 κατεβίβασεν
878 1380 984 1471 αὐτήν
1003 1389 1039 1453 ἐκ

66 1487 133 1554 τῶν
157 1489 326 1572 νεφελῶν;
357 1491 407 1564 τίς
436 1487 532 1573 διέβη
563 1487 670 1573 πέραν
698 1490 756 1573 τής
779 1484 952 1572 θαλάσσης
982 1487 1038 1553 καὶ

67 1575 167 1677 εὗρεν
184 1583 291 1673 αὐτήν
315 1588 370 1655 καὶ
388 1595 472 1656 οίσει
498 1584 604 1674 αὐτήν
621 1593 762 1675 χρυσίου
781 1590 952 1669 ἐκλεκτούς
976 1585 1038 1656 οὐκ

66 1695 158 1758 ἔστιν
175 1682 193 1756 6
210 1685 388 1810 γινώσκων
405 1684 480 1810 τήν
485 1681 566 1758 ὁδόν
583 1684 702 1813 αὐτῆς,
727 1683 802 1758 οὐδ’
830 1716 847 1757 ο
836 1685 1039 1777 ’ἐνθυμου-

66 1816 165 1877 μενος
182 1787 244 1876 τήν
260 1818 300 1912 τρ
302 1795 377 1877 ίβον
395 1786 515 1876 αὐτής,
542 1771 661 1858 άλλάέ)
682 1816 696 1857 ε
699 1788 836 1871 dmg
801 1819 840 1859 τα
859 1788 967 1859 πάντα
986 1819 1039 1876 γι-

28 1920 53 1960 15
66 1889 187 1961 νῶσκει
211 1888 334 1979 αὐτήν,
360 1893 493 1978 ἐξεῦρεν
517 1887 624 2012 αὐτήν
647 1894 689 1980 τή
711 1893 846 1961 συνέσει
870 1887 982 1961 αὐτοῦ.
1020 1892 1037 1959 6

65 1990 315 2072 κατασκευάσας
332 1991 394 2080 τήν
411 1998 476 2079 γήν
498 1999 544 2073 είς
565 1989 623 2062 τὸν
637 1996 743 2062 αίῶνα
762 1990 883 2083 χρόνον
902 1994 1038 2079 ἐνέπλη-

66 2117 126 2162 σεν
144 2089 250 2181 αὐτήν
263 2096 395 2181 κτηνῶν
410 2091 632 2181 τετραπόδων.
656 2089 674 2162 6
688 2090 901 2164 ἀποστέλλων
911 2085 947 2163 τὸ
965 2098 1037 2181 φῶς

65 2195 121 2262 καὶ
140 2192 332 2283 πορεύεται·
362 2190 518 2262 ἐκάλεσεν
536 2190 634 2281 αὐτὸ,
660 2197 715 2263 καὶ
732 2190 927 2282 ὑπήκουσεν
945 2195 1036 2287 αὐτῶ

64 2293 192 2387 τρόμῳ,
211 2297 319 2363 καὶ
284 2323 316 2362 οι
333 2289 468 2382 άστέρες
487 2301 638 2383 ἔλαμψαν
653 2298 690 2364 έν
702 2312 775 2377 ταῖς
789 2307 956 2416 φνλακαις
975 2292 1064 2369 αὕ-ι

27 2401 149 2484 ποτῶν,
169 2399 224 2465 καὶ
242 2392 507 2484 ηνφράνθησαν,
527 2393 683 2464 ἐκάλεσεν
701 2394 834 2482 αὐτους,
853 2399 909 2464 καὶ
928 2396 1102 2480 είπον,[ιεε]

65 2496 250 2588 πάρεσμεν·
269 2503 299 2568 2.
313 2503 465 2619 ἔλαμψαν
478 2496 559 2585 μετὰ
574 2493 831 2620 ευφροσύνης
800 2500 846 2565 τῶ
859 2494 1036 2583 ποιήσαντι

65 2596 196 2682 αὐτούς.
235 2626 330 2721 ρυτος
349 2593 366 2668 6
385 2589 463 2680 θεὸς
481 2596 593 2688 ήμῶν,
612 2626 653 2667 ου
671 2597 946 2686 λογισθήσεται”
927 2626 1036 2685 ετερος

64 2698 146 2792 πρὸς
165 2697 284 2788 αυτὸν,
305 2704 417 2790 ἐξεῦρε
436 2705 547 2771 πᾶσαν
565 2696 646 2772 ὁὸὀν
665 2698 857 2790 ἐπιστήμης,
876 2701 932 2769 καὶ
951 2705 1036 2768 ἔδω-

65 2830 125 2871 κεν
151 2799 258 2888 αὐτήν
278 2801 396 2889 Ἰακῶβ
420 2809 467 2895 τῶ
499 2805 596 2872 παιδί
624 2800 730 2872 αὐτοῦ
754 2805 809 2872 καί
828 2798 959 2890 Ἰσραήλ
989 2802 1037 2893 τῷ

26 2934 51 2972 οε
64 2899 267 2994 ἠγαπημένῳ
280 2900 340 2971 ὑπ’
357 2901 472 2973 αὐτοῦ.
498 2903 580 2991 μετὰ
593 2907 697 2973 ταῦτα
709 2905 761 2972 ἐπί
776 2911 833 2990 τής
847 2907 907 2990 γής
922 2900 1035 2990 ῶφθη,

65 3006 120 3074 καὶ
139 3021 208 3085 τοῖς
226 2999 420 3093 άνθρῶποις
439 3000 731 3094 συνανεστράφη.”

144 3101 257 3176 Οὐδέν
275 3107 443 3194 ἐπιλέγειν
461 3112 515 3176 δεῖ
529 3123 601 3187 ταῖς
615 3113 726 3186 θείαις
738 3122 868 3196 φωναῖς
888 3109 1035 3190 ἐναργῶς
1053 3148 1064 3176 ι

64 3212 111 3300 τῷ
129 3206 338 3298 προβλήματι
355 3211 624 3299 παρισταμέναίς.

133 3445 149 3493 9
168 3444 228 3496 Bar.
244 3446 268 3505 3,
281 3444 324 3494 29.
