2326 3818
338 107 526 159 DEMONST.
543 107 676 160 EVANG.
692 107 743 158 111.
762 112 785 160 2.
973 109 1032 172 147

64 246 171 319 αύτοῦ
188 251 321 340 γραφῆς
337 249 458 319 τούτον
481 242 682 336 ἀνεφώνησε
705 245 764 317 τόν
787 246 913 337 τρόπον
934 244 1033 332 ’Ἕξε-

64 349 218 422 λεύσεται
235 347 416 438 ἄνθρωπος
431 352 467 419 ἐκ
484 355 544 418 τοῦ
563 351 750 440 σπέρματος
773 347 915 420 αύτού·”
944 352 1032 439 λέγει

65 454 103 522 δὲ
122 456 181 522 τού
195 447 344 540 Ἰσραῆλ·
358 447 445 522 “nal
472 449 642 540 κυριεύσει
661 454 792 540 ἐθνῶν,
817 454 872 521 καὶ
890 446 1031 541 ύψωθῆ·

65 578 158 624 σεται
176 550 197 641 ῆ
215 560 369 641 βασιλεία
387 549 519 623 αύτού.”

37 686 51 726 5
141 657 192 724 33.
220 660 266 727 Εί
282 652 324 744 δῆ
342 656 458 743 μηδεὶς
471 652 569 735 ἄλλος
588 652 721 724 πῶποτε
747 658 814 723 τῶν
839 659 875 724 ἐκ
899 682 1032 742 περιτο-

63 759 128 846 μῆς
151 751 323 847 όρχόντων
346 759 403 826 καί
432 759 600 843 βασιλέων
623 754 737 847 κύριος
762 759 874 826 ἐθνῶν
898 761 1032 827 πολλῶν

64 861 221 947 κατέστη,
241 853 398 947 (οὐδεμία
421 856 485 948 γὰρ
513 863 642 947 ἱστορία
667 863 765 947 δηλοῖ
781 857 893 946 τοῦτο)
913 865 976 950 βοᾷ
995 860 1031 928 δὲ

64 963 120 1030 καὶ
145 960 308 1050 κέκραγεν
332 957 353 1047 ῆ
377 957 522 1048 ιἰλῆθεια
559 961 614 1028 ἐπὶ
649 957 754 1047 μόνου
788 963 849 1029 τοῦ
884 965 1060 1049 σωτῆροςο

63 1057 170 1150 ῆμῶν,
184 1058 235 1131 ότι
255 1058 297 1148 δῆ
315 1057 434 1150 κύριον
452 1058 556 1131 αύτόν
574 1063 629 1130 καὶ
649 1061 711 1131 οὐκ
729 1060 811 1131 αύτό
834 1059 938 1150 μόνον
963 1081 1031 1143 τοῖς

22 1196 49 1234 ιο
64 1170 200 1251 χείλεσι,
220 1164 372 1233 διαθέσει
404 1162 442 1231 δὲ
475 1159 684 1252 γνησιωτύτη
719 1170 823 1255 μυρία
847 1160 962 1252 πλήθη
999 1169 1031 1247 ἐξ

62 1262 222 1334 ἁπάντων
238 1268 307 1336 τῶν
326 1266 439 1334 ἐθνῶν
456 1262 622 1353 ὁμολογεῖ,
647 1271 683 1334 τί
704 1262 747 1353 δη’
770 1291 850 1334 ποτε
877 1263 1032 1352 ἐμποδῶν

62 1364 108 1455 μῆ
132 1361 207 1455 ούχὶ
232 1362 336 1436 αύτόν
359 1364 445 1435 εἶναι
468 1365 612 1454 φάσκειν
634 1365 692 1435 τὸν
717 1365 1031 1454 προφητευόμενον;

62 1465 113 1537 ότι
138 1467 177 1537 δὲ
203 1473 328 1556 Μωσῆς
357 1473 462 1538 ταῦτα
492 1463 555 1538 ούκ
589 1464 829 1555 όπεριορίστως
863 1471 1029 1557 προλέγει,

63 1566 137 1638 οὐδ’
156 1575 204 1651 είς
221 1566 360 1661 ἄπειρον
378 1572 434 1639 καὶ
452 1567 674 1659 αἰπερίμετρον
691 1567 814 1659 χρόνον
833 1568 1031 1653 ἐπισκιόζων

20 1703 47 1743 15
62 1668 125 1760 τῆν
141 1668 345 1762 πρόρρησιν,
371 1661 410 1742 εύ
429 1669 518 1761 μύλα
544 1673 581 1741 δὲ
599 1669 746 1761 ἀκριβῶς
770 1670 920 1758 τὴντῶν
947 1700 1032 1762 προ-

61 1776 302 1863 φητευομένων
326 1780 466 1860 ἔκβασιν
494 1772 626 1864 χρόνοις
658 1767 855 1862 ῶρισμένοις
873 1772 1030 1861 περιγρά-

60 1903 152 1963 φων,
171 1871 274 1945 ἄκουε
290 1871 346 1944 οἷα
363 1878 419 1945 καί
443 1878 517 1966 περὶ
542 1872 663 1946 τούτου
684 1882 835 1958 θεσπίζει
858 1870 949 1945 “ofin
975 1879 1056 1945 ἔοι-ι

60 1982 169 2058 λείψει
187 1973 301 2065 ἄρχων
319 1980 352 2059 ἐξ
366 1974 488 2063 Ἰούδα,
507 1981 563 2047 καὶ
580 1972 764 2066 ῆγούμενος
783 1979 900 2047 ἐκτῶν
914 1985 1030 2065 μηρῶν

61 2074 180 2165 αύτού,
200 2081 261 2159 ἕως
279 2073 321 2147 ἂν
340 2085 425 2168 ἔλθη
453 2070 686 2173 ᾦᾶπόκειται,
718 2081 773 2148 καὶ
798 2074 898 2160 αύτός
925 2102 1030 2169 προσ-

23 2210 48 2251 οο
64 2183 160 2247 δοκία
174 2175 315 2249 ἐθνῶν.”

138 2284 189 2348 34.
218 2276 275 2349 Δί’
293 2271 341 2351 ῶν
358 2276 400 2351 ού
427 2285 615 2364 διαλείψειν
639 2284 713 2369 ἑξῆς
738 2278 895 2350 καὶκατὰ
914 2288 1028 2351 διαδο-

59 2378 124 2469 χῆν
159 2376 365 2472 ῆγοομένους
405 2385 461 2451 καὶ
500 2379 663 2472 ἄρχοντας
699 2385 734 2450 ἐκ
764 2386 824 2451 τού
855 2381 1029 2452 Ἰουδαίων

59 2490 183 2564 ἔθνους
210 2487 306 2573 μέχρι
335 2489 393 2572 τῆς
423 2486 483 2554 τού
524 2485 806 2573 προσδοκωμένου
843 2490 1028 2572 παρουσίας

57 2581 292 2674 ἀποφαίνεται,
312 2583 535 2656 διαλιπόντων
563 2586 600 2655 δὲ
622 2590 690 2655 τῶν
723 2581 803 2676 παρ’
832 2581 946 2666 αὐτοῖς
971 2581 1028 2672 ἆρ-

15 2718 44 2758 25
59 2683 188 2775 χόντων
205 2691 414 2774 παρέσεσθαι
432 2686 490 2757 τόν
508 2685 812 2778 προφητευόμενον.
832 2684 1029 2758 35.Ἰούδαν

59 2787 97 2856 δὲ
116 2791 181 2858 νῦν
203 2785 245 2858 ού
263 2789 323 2878 τῆν
347 2788 460 2877 φυλῆν
485 2787 655 2879 ὀνομάζει,
669 2788 742 2858 ἄλλ’
771 2791 843 2859 ἐπεὶ
858 2787 941 2858 κατό
953 2820 1029 2860 τινα

55 2897 300 2979 προσωνυμίαν
315 2894 351 2960 ἐν
368 2906 437 2971 τοῖς
461 2890 543 2979 μετὰ
560 2895 664 2961 ταῦτα
688 2889 819 2980 χρόνοις
843 2888 909 2959 όπό
933 2899 1026 2977 βασι-

56 2995 151 3080 λικῆς
169 2997 280 3080 φυλῆς
293 2996 352 3080 τῆς
365 2990 476 3063 Ἰούδα
494 2992 530 3062 τό
549 2996 617 3062 ποῖν
630 2989 806 3062 Ἰουδαίων
819 2998 918 3072 ἔθνος
930 2997 1026 3081 ἐχρη-

54 3091 190 3183 μότιζεν
208 3088 253 3174 ῶς
271 3097 326 3164 καὶ
351 3105 399 3174 εἰς
424 3092 571 3183 σῆμερον
590 3091 774 3174 Ἰουδαίους
792 3089 1026 3180 ὀνομάζεσθαι,
1044 3128 1056 3163 ι

56 3193 194 3285 σφόδρα
218 3202 423 3285 θαυμαστῶς
456 3196 511 3264 καὶ
536 3199 748 3283 προφητικῶς
772 3191 809 3263 τό
836 3197 904 3262 πᾶν
928 3202 1027 3274 ἔθνος

129 3432 142 3478 1
162 3429 240 3483 Num.
256 3432 297 3492 24,
312 3432 335 3480 7.
441 3432 472 3479 17
487 3430 555 3480 Gen.
569 3430 610 3491 49,
626 3430 672 3479 10.

846 3510 921 3575 m*
