2326 3818
287 153 472 204 DEMONST.
490 153 624 204 EVANG.
643 153 691 203 IX.
713 154 752 203 10.
773 154 814 201 11.
979 149 1040 213 59ῖ

72 293 112 361 τά
130 290 229 361 λοιπὰ
248 293 285 360 δ“ε
302 292 362 362 τοῦ
380 298 495 378 λογίου
513 291 595 361 κατά
614 289 731 378 καιρὸν
746 293 782 358 ἐν
797 305 865 370 τοῖς
880 293 956 380 περὶ
975 298 1042 361 τῶν

74 396 280 481 ἐπαγγελιῶν
299 391 564 479 ἐξετασθήσεται.

325 659 404 733 Ἀπδ
422 665 482 732 του
500 666 779 752 Δευτερονομίου.

149 809 197 872 ΧΙ.
215 795 426 887 “Προφήτην
451 802 487 868 ἐκ
510 800 577 867 τῶν
602 793 761 884 ἀδελφῶν
784 817 846 865 σου
864 791 1042 882 ἀναστήσει
1061 838 1071 864 c

46 920 126 969 τσοι
149 896 263 989 κόριος
287 897 305 969 ὁ
328 897 408 984 θεός
433 921 513 986 σου,
544 893 588 980 ῶς
612 901 684 987 ἐμέ·
725 896 828 968 αὐτοῦ
853 895 1043 967 ἀκούσεσθε

72 1000 156 1072 κατά
174 1000 283 1072 πάντα
300 998 363 1071 ὅσα
380 998 492 1092 ᾐτήσω
511 999 600 1088 παρά
618 1009 739 1090 κυρίου
751 1003 812 1070 τοι]
824 1003 908 1070 θεού
926 1020 988 1069 σου
1008 1004 1043 1069 ἐν

72 1100 209 1193 Χωρήβ,
228 1109 268 1192 τῇ
287 1101 392 1194 ἡμέρᾳ
410 1110 467 1190 τῆς
487 1104 678 1189 ἐκκλησίας,
697 1105 867 1189 λέγοντες,
885 1098 925 1172 οό
943 1123 1043 1192 προσ-

70 1202 223 1291 θήσομεν
240 1202 381 1275 ἀκοῦσαι
402 1208 459 1292 τῆς
479 1209 593 1291 φωνῆς
611 1208 732 1291 κυρίου
755 1210 815 1272 τοῦ
833 1208 919 1272 θεοῦ
937 1202 1043 1292 ἡμῶν,

71 1307 128 1373 καλ
145 1303 182 1373 τὸ
200 1308 270 1395 πῦρ
289 1303 325 1375 τό
343 1309 427 1393 μέγα
444 1309 542 1375 τοῦτο
559 1302 621 1374 οὐκ
639 1302 792 1393 ὀψόμεθα
811 1311 876 1391 ἔτι,
900 1304 981 1373 οὐδὲ
998 1303 1043 1393 μή
1059 1331 1110 1384 [ατε]

34 1433 59 1473 10
73 1402 316 1494 ἀποθάνωμεν·
345 1409 401 1475 καλ
420 1405 492 1476 εἶπε
505 1403 620 1495 κόριος
631 1404 716 1495 πρός
734 1435 786 1494 με,
805 1404 917 1495 ὀρθῶς
935 1403 1044 1474 πάντα

71 1505 133 1578 ὅσα
153 1505 329 1596 ἐλάλησαν,
348 1505 524 1597 προφήτην
537 1510 573 1575 ἐκ
584 1512 653 1577 τῶν
666 1504 824 1596 ἀδελφῶν
838 1504 950 1577 αὐτῶν
964 1502 1043 1576 ἀνα-

72 1608 182 1697 στήσω
201 1607 314 1690 αάτολς
338 1605 449 1697 ῶσπερ
474 1608 529 1696 σδ,
553 1611 610 1678 καλ
630 1606 727 1679 δῶσω
750 1607 787 1678 τὸ
807 1607 895 1698 ρήμά
912 1636 977 1697 μου
997 1617 1044 1689 είς

71 1707 108 1781 τό
133 1708 237 1799 στόμα
264 1708 386 1798 αὐτοῦ,
413 1712 469 1781 καλ
486 1707 631 1798 ’λαλήσει
655 1706 767 1790 αὐτοῖς
798 1707 876 1779 καθ’
904 1708 922 1778 ό
945 1739 977 1779 τι
1001 1704 1043 1779 ἀν

73 1816 268 1902 ἐντείλωμαι
286 1809 396 1906 αὐτῷ,
415 1815 471 1882 καλ
488 1810 506 1882 ὁ
524 1809 704 1901 ἀνθρωπος
721 1808 757 1894 δς
777 1810 835 1882 ἐάν
853 1810 897 1901 μή
915 1806 1043 1901 ἀκούσῃ

33 1937 58 1978 15
72 1912 182 1984 πάντα
204 1912 266 1985 ὅσα
294 1914 352 1985 ε’διν
377 1913 505 2005 λαλήση
528 1909 546 1984 ὁ
570 1911 742 2004 προφήτης
768 1916 821 1984 ἐπὶ
843 1917 888 2008 τῶ
907 1909 1047 2002 ὀνόματί

71 2044 155 2104 μου,
175 2016 239 2104 ἐγώ
259 2015 424 2104 ἐκδικήσω
444 2020 476 2099 ἐξ
496 2013 633 2086 αὐτού.”
1058 2045 1072 2083 α

147 2121 177 2184 2.
196 2112 392 2204 Ἐπίστησον
416 2116 466 2187 ότι
492 2121 611 2205 μηδεὶς
634 2116 712 2206 παρ’
731 2113 896 2205 Ἑβραίοις
923 2128 1047 2188 Μωσεῖ

71 2214 301 2307 παραπλήσιος
320 2215 493 2305 προφήτης
519 2216 709 2305 ἐγήγερται,
735 2222 885 2288 τουτέστι
904 2224 1044 2304 νομοθέ-

71 2346 130 2406 της
155 2319 210 2386 καλ
236 2313 408 2404 εὐσεβείας
434 2315 628 2407 ἀνθρώποις
648 2318 839 2406 εἰσηγητής,
868 2314 1043 2406 ήμόνοςδ

33 2417 231 2509 εοήμέτερος,
247 2417 375 2507 σωτήρ,
393 2414 411 2487 ὁ
429 2415 570 2507 Χριστὸς
588 2425 648 2488 τοῦ
666 2421 760 2487 θεοῦ.
797 2415 880 2504 πρός
893 2422 979 2503 γοῦν
997 2423 1042 2510 τῶ
1084 2442 1086 2447 ·

70 2523 158 2590 τέλει
188 2528 246 2590 τοῦ
270 2527 540 2610 Δευτερονομίου
571 2523 699 2608 λέγεται
725 2513 810 2589 “ofin
841 2514 963 2606 ἀνέστη
995 2527 1042 2588 ἔτι

72 2620 245 2713 προφήτης
274 2625 311 2692 ἐν
330 2620 461 2714 Ἰσραήλ
486 2621 530 2705 ῶς
548 2618 715 2712 Μωσης”’
757 2623 812 2690 καὶ
843 2621 909 2709 μήν
928 2629 1043 2709 μυρίοι

71 2729 240 2814 προφῆται
253 2722 335 2814 μετά
348 2733 468 2796 τοῦτον
484 2724 675 2813 γεγόνασιν,
694 2721 777 2794 ἀλλά
791 2719 851 2813 οὐχ
870 2717 914 2804 ῶς
933 2719 1042 2805 αὐτός.

72 2830 101 2894 3.
121 2822 201 2896 ὅλον
219 2827 256 2896 δὲ
274 2829 372 2897 τοῦτο
391 2826 411 2916 ἡ
429 2830 489 2897 τοῦ
507 2834 593 2898 θεοῦ
606 2826 784 2916 ὑπόσχεσις
797 2829 1044 2915 ἐπαγγέλλεται,

32 2951 59 2992 ετ
73 2929 133 2997 ἕνα
155 2925 247 3015 τινά,
271 2923 346 3016 οὐχὶ
371 2929 409 2997 δὲ
431 2927 593 3016 πολλοὺς,
617 2930 673 2999 καλ
699 2924 816 3016 ὅμοιον
841 2925 1046 3015 ἀναστήσειν

71 3026 172 3121 αὐτῷ.
211 3034 309 3116 δηλοῖ
326 3028 364 3098 δέ
381 3033 500 3100 τοῦτον
519 3032 708 3119 νομοθέτην
721 3032 777 3099 καλ
795 3025 968 3116 εὐσεβείας
987 3028 1042 3097 ἀν-

70 3128 222 3221 θρῶπων
242 3127 463 3218 διδάσκαλον,
482 3127 551 3213 οἷος
570 3130 670 3221 μόνος
688 3129 706 3201 δ
725 3130 835 3219 σωτήρ
853 3134 910 3199 καὶ
928 3128 1044 3215 κόριος

71 3230 166 3320 ήμῶν
187 3226 311 3319 Ἰησοῶς
329 3232 471 3323 Χριστός
498 3235 554 3302 καὶ
571 3229 651 3305 οὐδὲ
674 3229 773 3313 ἀλλος
797 3228 1044 3318 ἀναδέδεικται,

139 3467 156 3514 4
173 3465 367 3528 Deut.18,1f>.
470 3468 503 3516 21
521 3467 606 3517 Deut.
619 3469 661 3529 34,
678 3468 700 3519 1.
