<?xml version="1.0" encoding="UTF-8"?>
<!DOCTYPE html PUBLIC "-//W3C//DTD XHTML 1.0 Transitional//EN"
    "http://www.w3.org/TR/xhtml1/DTD/xhtml1-transitional.dtd">
<html xmlns="http://www.w3.org/1999/xhtml" xml:lang="en" lang="en">
 <head>
  <title>
</title>
<meta http-equiv="Content-Type" content="text/html;charset=utf-8" />
  <meta name='ocr-system' content='tesseract 3.04.00' />
  <meta name='ocr-capabilities' content='ocr_page ocr_carea ocr_par ocr_line ocrx_word'/>
</head>
<body>
  <div class='ocr_page' id='page_1' title='image "./eusebiicaesarie01dindgoog/eusebiicaesarie01dindgoog_0446.png"; bbox 0 0 2326 3818; ppageno 0'>
   <div class='ocr_carea' id='block_1_1' title="bbox 361 139 1063 204">
    <p class='ocr_par' dir='ltr' id='par_1_1' title="bbox 361 139 1063 204">
     <span class='ocr_line' id='line_1_1' title="bbox 361 139 1063 204; baseline 0.024 -16"><span class='ocrx_word' id='word_1_1' title='bbox 361 139 820 194; x_wconf 70' lang='grc' dir='ltr'><strong><em>οευοαεν.ετεαο.ντιε</em></strong></span> <span class='ocrx_word' id='word_1_2' title='bbox 1000 141 1063 204; x_wconf 80' lang='lat'><strong><em>379</em></strong></span> 
     </span>
    </p>
   </div>
   <div class='ocr_carea' id='block_1_2' title="bbox 49 274 1097 3297">
    <p class='ocr_par' dir='ltr' id='par_1_2' title="bbox 49 274 1097 3297">
     <span class='ocr_line' id='line_1_2' title="bbox 93 274 1063 372; baseline -0.001 -22"><span class='ocrx_word' id='word_1_3' title='bbox 93 284 179 367; x_wconf 77' lang='grc' dir='ltr'><strong><em>γοῦν</em></strong></span> <span class='ocrx_word' id='word_1_4' title='bbox 202 274 312 358; x_wconf 88' lang='grc' dir='ltr'><strong><em>πάθος</em></strong></span> <span class='ocrx_word' id='word_1_5' title='bbox 338 275 445 348; x_wconf 82' lang='grc' dir='ltr'><strong><em>αὐτού</em></strong></span> <span class='ocrx_word' id='word_1_6' title='bbox 469 281 517 372; x_wconf 72' lang='grc' dir='ltr'><strong><em>τῷ</em></strong></span> <span class='ocrx_word' id='word_1_7' title='bbox 544 277 781 372; x_wconf 78' lang='grc' dir='ltr'><strong><em>παντὶκόσμιμ</em></strong></span> <span class='ocrx_word' id='word_1_8' title='bbox 810 288 975 369; x_wconf 85' lang='grc' dir='ltr'><strong><em>σωτηρίας</em></strong></span> <span class='ocrx_word' id='word_1_9' title='bbox 1005 288 1063 369; x_wconf 84' lang='grc' dir='ltr'><strong><em>τής</em></strong></span> 
     </span>
     <span class='ocr_line' id='line_1_3' title="bbox 92 375 1062 470; baseline 0.001 -19"><span class='ocrx_word' id='word_1_10' title='bbox 92 376 176 451; x_wconf 81' lang='grc' dir='ltr'><strong><em>κατά</em></strong></span> <span class='ocrx_word' id='word_1_11' title='bbox 193 375 279 450; x_wconf 87' lang='grc' dir='ltr'><strong><em>θεόν</em></strong></span> <span class='ocrx_word' id='word_1_12' title='bbox 301 380 357 449; x_wconf 82' lang='grc' dir='ltr'><strong><em>καὶ</em></strong></span> <span class='ocrx_word' id='word_1_13' title='bbox 382 382 495 462; x_wconf 78' lang='grc' dir='ltr'><em>ἐλέους</em></span> <span class='ocrx_word' id='word_1_14' title='bbox 512 381 653 470; x_wconf 75' lang='grc' dir='ltr'><strong><em>κατέστη</em></strong></span> <span class='ocrx_word' id='word_1_15' title='bbox 677 392 792 451; x_wconf 86' lang='grc' dir='ltr'><strong><em>αίτιον.</em></strong></span> <span class='ocrx_word' id='word_1_16' title='bbox 836 380 964 463; x_wconf 79' lang='grc' dir='ltr'><strong><em>τούτοις</em></strong></span> <span class='ocrx_word' id='word_1_17' title='bbox 990 385 1062 452; x_wconf 85' lang='grc' dir='ltr'><strong><em>έπι-</em></strong></span> 
     </span>
     <span class='ocr_line' id='line_1_4' title="bbox 91 477 1063 572; baseline 0.002 -21"><span class='ocrx_word' id='word_1_18' title='bbox 91 483 222 570; x_wconf 89' lang='grc' dir='ltr'><strong><em>λέγεται</em></strong></span> <span class='ocrx_word' id='word_1_19' title='bbox 241 478 284 549; x_wconf 82' lang='grc' dir='ltr'><strong><em>“ὁ</em></strong></span> <span class='ocrx_word' id='word_1_20' title='bbox 309 477 389 562; x_wconf 86' lang='grc' dir='ltr'><strong><em>θεός</em></strong></span> <span class='ocrx_word' id='word_1_21' title='bbox 413 478 479 551; x_wconf 87' lang='grc' dir='ltr'><strong><em>άπό</em></strong></span> <span class='ocrx_word' id='word_1_22' title='bbox 504 478 637 571; x_wconf 82' lang='grc' dir='ltr'><strong><em>Θαιμάν</em></strong></span> <span class='ocrx_word' id='word_1_23' title='bbox 659 479 761 570; x_wconf 80' lang='grc' dir='ltr'><strong><em>ήξει.”</em></strong></span> <span class='ocrx_word' id='word_1_24' title='bbox 807 478 843 551; x_wconf 85' lang='grc' dir='ltr'><strong><em>τό</em></strong></span> <span class='ocrx_word' id='word_1_25' title='bbox 869 483 906 552; x_wconf 73' lang='grc' dir='ltr'><strong><em>δὲ</em></strong></span> <span class='ocrx_word' id='word_1_26' title='bbox 931 482 1063 572; x_wconf 83' lang='grc' dir='ltr'><strong><em>Θαιμάν</em></strong></span> 
     </span>
     <span class='ocr_line' id='line_1_5' title="bbox 71 578 1097 673; baseline 0.003 -20"><span class='ocrx_word' id='word_1_27' title='bbox 71 578 77 587; x_wconf 66' lang='grc'><strong>’</strong></span> <span class='ocrx_word' id='word_1_28' title='bbox 89 579 379 672; x_wconf 69' lang='grc' dir='ltr'><strong><em>μεταλαμβάνεται</em></strong></span> <span class='ocrx_word' id='word_1_29' title='bbox 405 589 453 665; x_wconf 90' lang='grc' dir='ltr'><strong><em>είς</em></strong></span> <span class='ocrx_word' id='word_1_30' title='bbox 480 580 544 671; x_wconf 89' lang='grc' dir='ltr'><strong><em>τήν</em></strong></span> <span class='ocrx_word' id='word_1_31' title='bbox 564 581 706 654; x_wconf 75' lang='grc' dir='ltr'><strong><em>Ἐλλάδα</em></strong></span> <span class='ocrx_word' id='word_1_32' title='bbox 729 582 850 672; x_wconf 82' lang='grc' dir='ltr'><strong><em>φωνην</em></strong></span> <span class='ocrx_word' id='word_1_33' title='bbox 874 587 1059 673; x_wconf 79' lang='grc' dir='ltr'><strong><em>συντέλεια,</em></strong></span> <span class='ocrx_word' id='word_1_34' title='bbox 1084 617 1097 656; x_wconf 87' lang='lat' dir='ltr'>b</span> 
     </span>
     <span class='ocr_line' id='line_1_6' title="bbox 61 679 1062 775; baseline -0.001 -21"><span class='ocrx_word' id='word_1_35' title='bbox 61 703 78 754; x_wconf 78' lang='grc' dir='ltr'><strong><em>ἐ</em></strong></span> <span class='ocrx_word' id='word_1_36' title='bbox 92 679 137 766; x_wconf 77' lang='grc' dir='ltr'><strong><em>ὥς</em></strong></span> <span class='ocrx_word' id='word_1_37' title='bbox 162 686 269 773; x_wconf 73' lang='grc' dir='ltr'><strong><em>μηδὲν</em></strong></span> <span class='ocrx_word' id='word_1_38' title='bbox 295 687 468 775; x_wconf 72' lang='grc' dir='ltr'><strong><em>διαφέρειν</em></strong></span> <span class='ocrx_word' id='word_1_39' title='bbox 494 691 525 755; x_wconf 88' lang='grc' dir='ltr'><strong><em>εί</em></strong></span> <span class='ocrx_word' id='word_1_40' title='bbox 548 688 664 775; x_wconf 67' lang='grc' dir='ltr'><strong><em>σαφεῖς</em></strong></span> <span class='ocrx_word' id='word_1_41' title='bbox 694 686 823 774; x_wconf 75' lang='grc' dir='ltr'><strong><em>ἐλέγετο</em></strong></span> <span class='ocrx_word' id='word_1_42' title='bbox 841 679 882 754; x_wconf 76' lang='lat'><strong><em>“5</em></strong></span> <span class='ocrx_word' id='word_1_43' title='bbox 905 684 984 766; x_wconf 84' lang='grc' dir='ltr'><strong><em>θεὸς</em></strong></span> <span class='ocrx_word' id='word_1_44' title='bbox 1009 687 1062 754; x_wconf 80' lang='grc' dir='ltr'><strong><em>ἐπὶ</em></strong></span> 
     </span>
     <span class='ocr_line' id='line_1_7' title="bbox 91 781 1063 879; baseline -0.001 -23"><span class='ocrx_word' id='word_1_45' title='bbox 91 793 268 877; x_wconf 74' lang='grc' dir='ltr'><strong><em>συντελείᾳ</em></strong></span> <span class='ocrx_word' id='word_1_46' title='bbox 287 781 394 872; x_wconf 81' lang='grc' dir='ltr'><strong><em>ήξει.”</em></strong></span> <span class='ocrx_word' id='word_1_47' title='bbox 431 789 485 855; x_wconf 78' lang='grc' dir='ltr'><strong><em>ἐπὶ</em></strong></span> <span class='ocrx_word' id='word_1_48' title='bbox 501 782 567 877; x_wconf 82' lang='grc' dir='ltr'><strong><em>γάρ</em></strong></span> <span class='ocrx_word' id='word_1_49' title='bbox 584 793 761 879; x_wconf 83' lang='grc' dir='ltr'><strong><em>συντελείᾳ</em></strong></span> <span class='ocrx_word' id='word_1_50' title='bbox 782 791 843 856; x_wconf 83' lang='grc' dir='ltr'><strong><em>τοῦ</em></strong></span> <span class='ocrx_word' id='word_1_51' title='bbox 867 789 989 866; x_wconf 73' lang='grc' dir='ltr'><strong><em>αίοῖνος</em></strong></span> <span class='ocrx_word' id='word_1_52' title='bbox 1007 788 1063 855; x_wconf 79' lang='grc' dir='ltr'><strong><em>καί</em></strong></span> 
     </span>
     <span class='ocr_line' id='line_1_8' title="bbox 91 882 1061 979; baseline 0 -23"><span class='ocrx_word' id='word_1_53' title='bbox 91 891 128 957; x_wconf 84' lang='grc' dir='ltr'><strong><em>έν</em></strong></span> <span class='ocrx_word' id='word_1_54' title='bbox 150 903 224 967; x_wconf 80' lang='grc' dir='ltr'><strong><em>ταῖς</em></strong></span> <span class='ocrx_word' id='word_1_55' title='bbox 248 885 398 975; x_wconf 72' lang='grc' dir='ltr'><strong><em>ἐσχάταις</em></strong></span> <span class='ocrx_word' id='word_1_56' title='bbox 420 885 556 969; x_wconf 80' lang='grc' dir='ltr'><strong><em>ταύταις</em></strong></span> <span class='ocrx_word' id='word_1_57' title='bbox 578 886 715 979; x_wconf 79' lang='grc' dir='ltr'><strong><em>ἡμέραις</em></strong></span> <span class='ocrx_word' id='word_1_58' title='bbox 740 890 908 976; x_wconf 83' lang='grc' dir='ltr'><strong><em>έπέφανεν</em></strong></span> <span class='ocrx_word' id='word_1_59' title='bbox 937 886 1019 976; x_wconf 78' lang='grc' dir='ltr'><strong><em>ἡμῖν</em></strong></span> <span class='ocrx_word' id='word_1_60' title='bbox 1041 882 1061 975; x_wconf 85' lang='grc' dir='ltr'><strong><em>ή</em></strong></span> 
     </span>
     <span class='ocr_line' id='line_1_9' title="bbox 89 985 1061 1079; baseline 0.001 -22"><span class='ocrx_word' id='word_1_61' title='bbox 89 991 151 1057; x_wconf 81' lang='grc' dir='ltr'><strong><em>τοῦ</em></strong></span> <span class='ocrx_word' id='word_1_62' title='bbox 168 992 253 1058; x_wconf 85' lang='grc' dir='ltr'><strong><em>θεού</em></strong></span> <span class='ocrx_word' id='word_1_63' title='bbox 270 993 339 1058; x_wconf 82' lang='grc' dir='ltr'><strong><em>τῶν</em></strong></span> <span class='ocrx_word' id='word_1_64' title='bbox 361 985 451 1058; x_wconf 80' lang='grc' dir='ltr'><strong><em>ὅλων</em></strong></span> <span class='ocrx_word' id='word_1_65' title='bbox 475 987 530 1058; x_wconf 78' lang='grc' dir='ltr'><strong><em>διά</em></strong></span> <span class='ocrx_word' id='word_1_66' title='bbox 552 993 612 1059; x_wconf 85' lang='grc' dir='ltr'><strong><em>τού</em></strong></span> <span class='ocrx_word' id='word_1_67' title='bbox 639 996 787 1079; x_wconf 81' lang='grc' dir='ltr'><strong><em>σωτῆρος</em></strong></span> <span class='ocrx_word' id='word_1_68' title='bbox 811 985 906 1079; x_wconf 72' lang='grc' dir='ltr'><strong><em>ήμῶν</em></strong></span> <span class='ocrx_word' id='word_1_69' title='bbox 930 985 1061 1078; x_wconf 89' lang='grc' dir='ltr'><strong><em>εύεργε-</em></strong></span> 
     </span>
     <span class='ocr_line' id='line_1_10' title="bbox 90 1087 1062 1178; baseline 0.002 -20"><span class='ocrx_word' id='word_1_70' title='bbox 90 1095 156 1172; x_wconf 88' lang='grc' dir='ltr'><strong><em>σία.</em></strong></span> <span class='ocrx_word' id='word_1_71' title='bbox 188 1094 218 1158; x_wconf 87' lang='grc'><strong><em>9.</em></strong></span> <span class='ocrx_word' id='word_1_72' title='bbox 233 1087 316 1178; x_wconf 88' lang='grc' dir='ltr'><strong><em>τάχα</em></strong></span> <span class='ocrx_word' id='word_1_73' title='bbox 335 1091 374 1158; x_wconf 73' lang='grc' dir='ltr'><strong><em>δὲ</em></strong></span> <span class='ocrx_word' id='word_1_74' title='bbox 391 1093 447 1158; x_wconf 81' lang='grc' dir='ltr'><strong><em>καὶ</em></strong></span> <span class='ocrx_word' id='word_1_75' title='bbox 464 1089 527 1177; x_wconf 84' lang='grc' dir='ltr'><strong><em>τήν</em></strong></span> <span class='ocrx_word' id='word_1_76' title='bbox 545 1093 708 1177; x_wconf 75' lang='grc' dir='ltr'><strong><em>δευτέραν</em></strong></span> <span class='ocrx_word' id='word_1_77' title='bbox 725 1088 830 1159; x_wconf 82' lang='grc' dir='ltr'><strong><em>αὐτοῦ</em></strong></span> <span class='ocrx_word' id='word_1_78' title='bbox 849 1093 904 1160; x_wconf 82' lang='grc' dir='ltr'><strong><em>καὶ</em></strong></span> <span class='ocrx_word' id='word_1_79' title='bbox 923 1093 1062 1172; x_wconf 80' lang='grc' dir='ltr'><strong><em>ένθοξον</em></strong></span> 
     </span>
     <span class='ocr_line' id='line_1_11' title="bbox 49 1187 1060 1279; baseline 0 -19"><span class='ocrx_word' id='word_1_80' title='bbox 49 1221 78 1261; x_wconf 80' lang='grc' dir='ltr'><strong><em>ιο</em></strong></span> <span class='ocrx_word' id='word_1_81' title='bbox 93 1193 130 1258; x_wconf 82' lang='grc' dir='ltr'><strong><em>έν</em></strong></span> <span class='ocrx_word' id='word_1_82' title='bbox 146 1187 274 1270; x_wconf 82' lang='grc' dir='ltr'><strong><em>τούτοις</em></strong></span> <span class='ocrx_word' id='word_1_83' title='bbox 292 1187 408 1278; x_wconf 81' lang='grc' dir='ltr'><strong><em>άφιξιν</em></strong></span> <span class='ocrx_word' id='word_1_84' title='bbox 424 1196 593 1278; x_wconf 77' lang='grc' dir='ltr'><strong><em>θεσπίζει,</em></strong></span> <span class='ocrx_word' id='word_1_85' title='bbox 613 1188 697 1260; x_wconf 74' lang='grc' dir='ltr'><strong><em>ὥστε</em></strong></span> <span class='ocrx_word' id='word_1_86' title='bbox 720 1187 785 1259; x_wconf 87' lang='grc' dir='ltr'><strong><em>άπὸ</em></strong></span> <span class='ocrx_word' id='word_1_87' title='bbox 810 1193 922 1277; x_wconf 85' lang='grc' dir='ltr'><strong><em>ἑτέρας</em></strong></span> <span class='ocrx_word' id='word_1_88' title='bbox 946 1190 1060 1279; x_wconf 84' lang='grc' dir='ltr'><strong><em>άναγι·</em></strong></span> 
     </span>
     <span class='ocr_line' id='line_1_12' title="bbox 89 1286 1061 1381; baseline -0.001 -20"><span class='ocrx_word' id='word_1_89' title='bbox 89 1289 283 1361; x_wconf 80' lang='grc' dir='ltr'><strong><em>νύσκεσθαι</em></strong></span> <span class='ocrx_word' id='word_1_90' title='bbox 306 1287 409 1380; x_wconf 79' lang='grc' dir='ltr'><strong><em>ἀρχῆς</em></strong></span> <span class='ocrx_word' id='word_1_91' title='bbox 438 1289 478 1360; x_wconf 84' lang='grc' dir='ltr'><strong><em>τά</em></strong></span> <span class='ocrx_word' id='word_1_92' title='bbox 501 1289 565 1361; x_wconf 84' lang='grc' dir='ltr'><strong><em>άπὸ</em></strong></span> <span class='ocrx_word' id='word_1_93' title='bbox 589 1295 650 1360; x_wconf 82' lang='grc' dir='ltr'><strong><em>τού</em></strong></span> <span class='ocrx_word' id='word_1_94' title='bbox 674 1286 714 1359; x_wconf 85' lang='grc' dir='ltr'><strong><em>“ό</em></strong></span> <span class='ocrx_word' id='word_1_95' title='bbox 737 1289 816 1370; x_wconf 88' lang='grc' dir='ltr'><strong><em>θεὸς</em></strong></span> <span class='ocrx_word' id='word_1_96' title='bbox 840 1288 904 1360; x_wconf 84' lang='grc' dir='ltr'><strong><em>άπὸ</em></strong></span> <span class='ocrx_word' id='word_1_97' title='bbox 930 1290 1061 1381; x_wconf 84' lang='grc' dir='ltr'><strong><em>Θαιμάν</em></strong></span> 
     </span>
     <span class='ocr_line' id='line_1_13' title="bbox 90 1388 1061 1483; baseline -0.003 -21"><span class='ocrx_word' id='word_1_98' title='bbox 90 1388 200 1480; x_wconf 82' lang='grc' dir='ltr'><strong><em>ήξει,”</em></strong></span> <span class='ocrx_word' id='word_1_99' title='bbox 227 1390 272 1474; x_wconf 78' lang='grc' dir='ltr'><strong><em>ὡς</em></strong></span> <span class='ocrx_word' id='word_1_100' title='bbox 297 1395 351 1461; x_wconf 81' lang='grc' dir='ltr'><strong><em>ἐπὶ</em></strong></span> <span class='ocrx_word' id='word_1_101' title='bbox 377 1400 553 1483; x_wconf 79' lang='grc' dir='ltr'><strong><em>συντελείᾳ</em></strong></span> <span class='ocrx_word' id='word_1_102' title='bbox 578 1396 638 1462; x_wconf 82' lang='grc' dir='ltr'><strong><em>τοῦ</em></strong></span> <span class='ocrx_word' id='word_1_103' title='bbox 663 1395 784 1471; x_wconf 74' lang='grc' dir='ltr'><strong><em>αίεῐνος</em></strong></span> <span class='ocrx_word' id='word_1_104' title='bbox 801 1390 936 1478; x_wconf 81' lang='grc' dir='ltr'><strong><em>ἥξοντος</em></strong></span> <span class='ocrx_word' id='word_1_105' title='bbox 954 1391 1061 1460; x_wconf 83' lang='grc' dir='ltr'><strong><em>αύτοῦ</em></strong></span> 
     </span>
     <span class='ocr_line' id='line_1_14' title="bbox 89 1489 1059 1582; baseline -0.002 -20"><span class='ocrx_word' id='word_1_106' title='bbox 89 1491 155 1563; x_wconf 87' lang='grc' dir='ltr'><strong><em>οἰπό</em></strong></span> <span class='ocrx_word' id='word_1_107' title='bbox 173 1497 242 1564; x_wconf 75' lang='grc' dir='ltr'><strong><em>τῶν</em></strong></span> <span class='ocrx_word' id='word_1_108' title='bbox 259 1491 342 1563; x_wconf 86' lang='grc' dir='ltr'><strong><em>κατά</em></strong></span> <span class='ocrx_word' id='word_1_109' title='bbox 358 1490 400 1561; x_wconf 86' lang='grc' dir='ltr'><strong><em>τά</em></strong></span> <span class='ocrx_word' id='word_1_110' title='bbox 417 1491 512 1563; x_wconf 92' lang='grc' dir='ltr'><strong><em>νότια</em></strong></span> <span class='ocrx_word' id='word_1_111' title='bbox 529 1495 613 1582; x_wconf 93' lang='grc' dir='ltr'><strong><em>μέρη</em></strong></span> <span class='ocrx_word' id='word_1_112' title='bbox 630 1498 690 1562; x_wconf 86' lang='grc' dir='ltr'><strong><em>τοῦ</em></strong></span> <span class='ocrx_word' id='word_1_113' title='bbox 708 1489 869 1580; x_wconf 75' lang='grc' dir='ltr'><strong><em>ούρανοῦ·</em></strong></span> <span class='ocrx_word' id='word_1_114' title='bbox 896 1503 1059 1580; x_wconf 88' lang='grc' dir='ltr'><strong><em>μεταλαμ-</em></strong></span> 
     </span>
     <span class='ocr_line' id='line_1_15' title="bbox 90 1591 1084 1684; baseline 0.003 -21"><span class='ocrx_word' id='word_1_115' title='bbox 90 1593 227 1682; x_wconf 89' lang='grc' dir='ltr'><strong><em>βάνεται</em></strong></span> <span class='ocrx_word' id='word_1_116' title='bbox 253 1593 317 1683; x_wconf 86' lang='grc' dir='ltr'><strong><em>γάρ</em></strong></span> <span class='ocrx_word' id='word_1_117' title='bbox 344 1593 475 1684; x_wconf 81' lang='grc' dir='ltr'><strong><em>Θαιμάν</em></strong></span> <span class='ocrx_word' id='word_1_118' title='bbox 499 1601 546 1674; x_wconf 89' lang='grc' dir='ltr'><strong><em>είς</em></strong></span> <span class='ocrx_word' id='word_1_119' title='bbox 568 1592 628 1664; x_wconf 88' lang='grc' dir='ltr'><strong><em>τὸν</em></strong></span> <span class='ocrx_word' id='word_1_120' title='bbox 651 1592 759 1664; x_wconf 91' lang='grc' dir='ltr'><strong><em>νότον.</em></strong></span> <span class='ocrx_word' id='word_1_121' title='bbox 814 1599 863 1664; x_wconf 90' lang='lat'><strong><em>10.</em></strong></span> <span class='ocrx_word' id='word_1_122' title='bbox 898 1591 1015 1679; x_wconf 79' lang='grc' dir='ltr'><strong><em>διόπερ</em></strong></span> <span class='ocrx_word' id='word_1_123' title='bbox 1041 1592 1084 1666; x_wconf 72' lang='grc' dir='ltr'><strong><em>όε</em></strong></span> 
     </span>
     <span class='ocr_line' id='line_1_16' title="bbox 50 1689 1058 1786; baseline -0.001 -22"><span class='ocrx_word' id='word_1_124' title='bbox 50 1726 77 1764; x_wconf 84' lang='lat'><strong><em>15</em></strong></span> <span class='ocrx_word' id='word_1_125' title='bbox 92 1701 280 1766; x_wconf 79' lang='grc' dir='ltr'><strong><em>Θεοὸοτίων</em></strong></span> <span class='ocrx_word' id='word_1_126' title='bbox 297 1700 417 1767; x_wconf 83' lang='grc' dir='ltr'><strong><em>τούτου</em></strong></span> <span class='ocrx_word' id='word_1_127' title='bbox 435 1693 610 1786; x_wconf 84' lang='grc' dir='ltr'><strong><em>ἕρμηνεύει</em></strong></span> <span class='ocrx_word' id='word_1_128' title='bbox 626 1693 686 1765; x_wconf 84' lang='grc' dir='ltr'><strong><em>τόν</em></strong></span> <span class='ocrx_word' id='word_1_129' title='bbox 702 1692 826 1782; x_wconf 86' lang='grc' dir='ltr'><strong><em>τρόπον</em></strong></span> <span class='ocrx_word' id='word_1_130' title='bbox 838 1690 879 1764; x_wconf 71' lang='lat'><strong><em>“6</em></strong></span> <span class='ocrx_word' id='word_1_131' title='bbox 894 1692 973 1775; x_wconf 87' lang='grc' dir='ltr'><strong><em>θεός</em></strong></span> <span class='ocrx_word' id='word_1_132' title='bbox 993 1689 1058 1763; x_wconf 86' lang='grc' dir='ltr'><strong><em>άπό</em></strong></span> 
     </span>
     <span class='ocr_line' id='line_1_17' title="bbox 90 1791 1059 1886; baseline 0.002 -22"><span class='ocrx_word' id='word_1_133' title='bbox 90 1804 204 1865; x_wconf 90' lang='grc' dir='ltr'><strong><em>νοτίου</em></strong></span> <span class='ocrx_word' id='word_1_134' title='bbox 221 1795 324 1884; x_wconf 78' lang='grc' dir='ltr'><strong><em>ήξει.”</em></strong></span> <span class='ocrx_word' id='word_1_135' title='bbox 371 1797 408 1867; x_wconf 86' lang='grc' dir='ltr'><strong><em>τό</em></strong></span> <span class='ocrx_word' id='word_1_136' title='bbox 427 1797 464 1866; x_wconf 74' lang='grc' dir='ltr'><strong><em>δέ</em></strong></span> <span class='ocrx_word' id='word_1_137' title='bbox 482 1801 556 1885; x_wconf 79' lang='grc' dir='ltr'><strong><em>έξής</em></strong></span> <span class='ocrx_word' id='word_1_138' title='bbox 581 1799 757 1886; x_wconf 82' lang='grc' dir='ltr'><strong><em>εἰρημένον</em></strong></span> <span class='ocrx_word' id='word_1_139' title='bbox 775 1791 854 1865; x_wconf 67' lang='lat' dir='ltr'><strong><em>“nal</em></strong></span> <span class='ocrx_word' id='word_1_140' title='bbox 879 1792 1007 1884; x_wconf 82' lang='grc' dir='ltr'><strong><em>ὁάγιος</em></strong></span> <span class='ocrx_word' id='word_1_141' title='bbox 1026 1800 1059 1878; x_wconf 79' lang='grc' dir='ltr'><strong><em>ἐξ</em></strong></span> 
     </span>
     <span class='ocr_line' id='line_1_18' title="bbox 89 1893 1059 1989; baseline -0.002 -22"><span class='ocrx_word' id='word_1_142' title='bbox 89 1895 188 1988; x_wconf 83' lang='grc' dir='ltr'><strong><em>ὄρους</em></strong></span> <span class='ocrx_word' id='word_1_143' title='bbox 206 1906 400 1989; x_wconf 85' lang='grc' dir='ltr'><strong><em>κατασκίου,</em></strong></span> <span class='ocrx_word' id='word_1_144' title='bbox 416 1901 545 1988; x_wconf 79' lang='grc' dir='ltr'><strong><em>δασέος,</em></strong></span> <span class='ocrx_word' id='word_1_145' title='bbox 553 1896 572 1923; x_wconf 88' lang='grc'><strong><em>”</em></strong></span> <span class='ocrx_word' id='word_1_146' title='bbox 592 1897 737 1987; x_wconf 79' lang='grc' dir='ltr'><strong><em>νοήσεις,</em></strong></span> <span class='ocrx_word' id='word_1_147' title='bbox 752 1900 918 1983; x_wconf 81' lang='grc' dir='ltr'><strong><em>παραθεὶς</em></strong></span> <span class='ocrx_word' id='word_1_148' title='bbox 932 1896 989 1978; x_wconf 87' lang='grc' dir='ltr'><strong><em>τάς</em></strong></span> <span class='ocrx_word' id='word_1_149' title='bbox 1003 1893 1059 1966; x_wconf 83' lang='grc' dir='ltr'><strong><em>ού-</em></strong></span> 
     </span>
     <span class='ocr_line' id='line_1_19' title="bbox 89 1994 1060 2092; baseline 0 -24"><span class='ocrx_word' id='word_1_150' title='bbox 89 2027 153 2081; x_wconf 80' lang='grc' dir='ltr'><strong><em>τοις</em></strong></span> <span class='ocrx_word' id='word_1_151' title='bbox 173 1998 312 2089; x_wconf 79' lang='grc' dir='ltr'><strong><em>ἐχούσας</em></strong></span> <span class='ocrx_word' id='word_1_152' title='bbox 332 2004 369 2069; x_wconf 76' lang='grc' dir='ltr'><strong><em>ἐν</em></strong></span> <span class='ocrx_word' id='word_1_153' title='bbox 386 2005 433 2092; x_wconf 71' lang='grc' dir='ltr'><strong><em>τῷ</em></strong></span> <span class='ocrx_word' id='word_1_154' title='bbox 451 2008 600 2091; x_wconf 81' lang='grc' dir='ltr'><strong><em>Ζαχαρία</em></strong></span> <span class='ocrx_word' id='word_1_155' title='bbox 618 1999 734 2088; x_wconf 85' lang='grc' dir='ltr'><strong><em>φωνάς</em></strong></span> <span class='ocrx_word' id='word_1_156' title='bbox 747 1994 901 2089; x_wconf 57' lang='grc' dir='ltr'><strong><em>’Ἑώρακα</em></strong></span> <span class='ocrx_word' id='word_1_157' title='bbox 919 1997 980 2087; x_wconf 89' lang='grc' dir='ltr'><strong><em>τήν</em></strong></span> <span class='ocrx_word' id='word_1_158' title='bbox 998 1996 1060 2068; x_wconf 90' lang='grc' dir='ltr'><strong><em>νύ-</em></strong></span> 
     </span>
     <span class='ocr_line' id='line_1_20' title="bbox 90 2098 1058 2189; baseline 0.002 -21"><span class='ocrx_word' id='word_1_159' title='bbox 90 2127 167 2188; x_wconf 88' lang='grc' dir='ltr'><strong><em>κτα,</em></strong></span> <span class='ocrx_word' id='word_1_160' title='bbox 191 2103 247 2169; x_wconf 76' lang='grc' dir='ltr'><strong><em>καὶ</em></strong></span> <span class='ocrx_word' id='word_1_161' title='bbox 271 2098 347 2169; x_wconf 76' lang='grc' dir='ltr'><strong><em>ἰδού</em></strong></span> <span class='ocrx_word' id='word_1_162' title='bbox 371 2098 456 2189; x_wconf 87' lang='grc' dir='ltr'><strong><em>άνήρ</em></strong></span> <span class='ocrx_word' id='word_1_163' title='bbox 482 2098 686 2188; x_wconf 79' lang='grc' dir='ltr'><strong><em>έπιβεβηκεός</em></strong></span> <span class='ocrx_word' id='word_1_164' title='bbox 711 2103 764 2170; x_wconf 83' lang='grc' dir='ltr'><strong><em>ἐπὶ</em></strong></span> <span class='ocrx_word' id='word_1_165' title='bbox 788 2108 892 2173; x_wconf 80' lang='grc' dir='ltr'><strong><em>ἵππον</em></strong></span> <span class='ocrx_word' id='word_1_166' title='bbox 916 2100 1058 2189; x_wconf 88' lang='grc' dir='ltr'><strong><em>πυρρὸν,</em></strong></span> 
     </span>
     <span class='ocr_line' id='line_1_21' title="bbox 50 2192 1056 2288; baseline -0.002 -15"><span class='ocrx_word' id='word_1_167' title='bbox 50 2234 77 2273; x_wconf 78' lang='grc' dir='ltr'><strong><em>νο</em></strong></span> <span class='ocrx_word' id='word_1_168' title='bbox 90 2205 146 2270; x_wconf 82' lang='grc' dir='ltr'><strong><em>καὶ</em></strong></span> <span class='ocrx_word' id='word_1_169' title='bbox 164 2192 260 2280; x_wconf 79' lang='grc' dir='ltr'><strong><em>οὗτος</em></strong></span> <span class='ocrx_word' id='word_1_170' title='bbox 279 2199 423 2287; x_wconf 79' lang='grc' dir='ltr'><strong><em>εἱστήκει</em></strong></span> <span class='ocrx_word' id='word_1_171' title='bbox 441 2199 505 2269; x_wconf 86' lang='grc' dir='ltr'><strong><em>άνά</em></strong></span> <span class='ocrx_word' id='word_1_172' title='bbox 521 2204 625 2288; x_wconf 91' lang='grc' dir='ltr'><strong><em>μέσον</em></strong></span> <span class='ocrx_word' id='word_1_173' title='bbox 641 2207 711 2270; x_wconf 79' lang='grc' dir='ltr'><strong><em>τῶν</em></strong></span> <span class='ocrx_word' id='word_1_174' title='bbox 733 2199 840 2286; x_wconf 87' lang='grc' dir='ltr'><strong><em>όρέων</em></strong></span> <span class='ocrx_word' id='word_1_175' title='bbox 867 2207 934 2271; x_wconf 72' lang='grc' dir='ltr'><strong><em>τῶν</em></strong></span> <span class='ocrx_word' id='word_1_176' title='bbox 958 2232 1056 2271; x_wconf 89' lang='grc' dir='ltr'><strong><em>κατα-</em></strong></span> 
     </span>
     <span class='ocr_line' id='line_1_22' title="bbox 89 2297 1060 2388; baseline 0.001 -19"><span class='ocrx_word' id='word_1_177' title='bbox 89 2298 226 2369; x_wconf 89' lang='grc' dir='ltr'><strong><em>σκίων.”</em></strong></span> <span class='ocrx_word' id='word_1_178' title='bbox 275 2305 323 2368; x_wconf 85' lang='lat'><strong><em>11.</em></strong></span> <span class='ocrx_word' id='word_1_179' title='bbox 352 2305 471 2370; x_wconf 84' lang='grc' dir='ltr'><strong><em>τούτου</em></strong></span> <span class='ocrx_word' id='word_1_180' title='bbox 488 2307 572 2385; x_wconf 83' lang='grc' dir='ltr'><strong><em>γοῦν</em></strong></span> <span class='ocrx_word' id='word_1_181' title='bbox 595 2297 654 2369; x_wconf 87' lang='grc' dir='ltr'><strong><em>τόν</em></strong></span> <span class='ocrx_word' id='word_1_182' title='bbox 678 2300 899 2388; x_wconf 79' lang='grc' dir='ltr'><strong><em>ἐπιβεβηκότα</em></strong></span> <span class='ocrx_word' id='word_1_183' title='bbox 924 2306 978 2371; x_wconf 82' lang='grc' dir='ltr'><strong><em>ἐπὶ</em></strong></span> <span class='ocrx_word' id='word_1_184' title='bbox 1002 2309 1060 2370; x_wconf 75' lang='grc' dir='ltr'><strong><em>ἴπ-</em></strong></span> 
     </span>
     <span class='ocr_line' id='line_1_23' title="bbox 89 2398 1059 2488; baseline 0 -20"><span class='ocrx_word' id='word_1_185' title='bbox 89 2426 154 2468; x_wconf 92' lang='grc' dir='ltr'><strong><em>πον</em></strong></span> <span class='ocrx_word' id='word_1_186' title='bbox 173 2399 323 2488; x_wconf 84' lang='grc' dir='ltr'><strong><em>πυρρὸν,</em></strong></span> <span class='ocrx_word' id='word_1_187' title='bbox 349 2402 403 2469; x_wconf 84' lang='grc' dir='ltr'><strong><em>καὶ</em></strong></span> <span class='ocrx_word' id='word_1_188' title='bbox 429 2403 555 2469; x_wconf 79' lang='grc' dir='ltr'><strong><em>ἑστῶτα</em></strong></span> <span class='ocrx_word' id='word_1_189' title='bbox 578 2398 644 2468; x_wconf 82' lang='grc' dir='ltr'><strong><em>ἀνά</em></strong></span> <span class='ocrx_word' id='word_1_190' title='bbox 660 2403 766 2486; x_wconf 86' lang='grc' dir='ltr'><strong><em>μέσον</em></strong></span> <span class='ocrx_word' id='word_1_191' title='bbox 781 2404 849 2468; x_wconf 73' lang='grc' dir='ltr'><strong><em>τοῖν</em></strong></span> <span class='ocrx_word' id='word_1_192' title='bbox 866 2399 974 2484; x_wconf 82' lang='grc' dir='ltr'><strong><em>ὀρέων</em></strong></span> <span class='ocrx_word' id='word_1_193' title='bbox 991 2407 1059 2469; x_wconf 78' lang='grc' dir='ltr'><strong><em>τῶν</em></strong></span> 
     </span>
     <span class='ocr_line' id='line_1_24' title="bbox 89 2496 1059 2589; baseline 0 -21"><span class='ocrx_word' id='word_1_194' title='bbox 89 2506 295 2588; x_wconf 85' lang='grc' dir='ltr'><strong><em>κατασκίων,</em></strong></span> <span class='ocrx_word' id='word_1_195' title='bbox 314 2497 416 2571; x_wconf 81' lang='grc' dir='ltr'><strong><em>αὐτόν</em></strong></span> <span class='ocrx_word' id='word_1_196' title='bbox 434 2496 578 2589; x_wconf 82' lang='grc' dir='ltr'><strong><em>ἡγοῦμαι</em></strong></span> <span class='ocrx_word' id='word_1_197' title='bbox 597 2499 683 2569; x_wconf 83' lang='grc' dir='ltr'><strong><em>εἶναι</em></strong></span> <span class='ocrx_word' id='word_1_198' title='bbox 700 2497 761 2568; x_wconf 85' lang='grc' dir='ltr'><strong><em>τόν</em></strong></span> <span class='ocrx_word' id='word_1_199' title='bbox 778 2503 815 2567; x_wconf 78' lang='grc' dir='ltr'><strong><em>ἐν</em></strong></span> <span class='ocrx_word' id='word_1_200' title='bbox 833 2503 875 2587; x_wconf 78' lang='grc' dir='ltr'><strong><em>τῇ</em></strong></span> <span class='ocrx_word' id='word_1_201' title='bbox 890 2499 972 2587; x_wconf 85' lang='grc' dir='ltr'><strong><em>μετά</em></strong></span> <span class='ocrx_word' id='word_1_202' title='bbox 990 2517 1059 2589; x_wconf 80' lang='grc' dir='ltr'><strong><em>χεῖ-</em></strong></span> 
     </span>
     <span class='ocr_line' id='line_1_25' title="bbox 89 2599 1060 2694; baseline 0.001 -24"><span class='ocrx_word' id='word_1_203' title='bbox 89 2629 148 2687; x_wconf 89' lang='grc' dir='ltr'><strong><em>ρας</em></strong></span> <span class='ocrx_word' id='word_1_204' title='bbox 164 2599 370 2692; x_wconf 79' lang='grc' dir='ltr'><strong><em>δηλούμενον</em></strong></span> <span class='ocrx_word' id='word_1_205' title='bbox 383 2610 582 2694; x_wconf 80' lang='grc' dir='ltr'><strong><em>προφητεία,</em></strong></span> <span class='ocrx_word' id='word_1_206' title='bbox 594 2599 771 2692; x_wconf 79' lang='grc' dir='ltr'><strong><em>φασκούση</em></strong></span> <span class='ocrx_word' id='word_1_207' title='bbox 785 2599 844 2670; x_wconf 89' lang='grc' dir='ltr'><strong><em>τὸν</em></strong></span> <span class='ocrx_word' id='word_1_208' title='bbox 857 2599 953 2690; x_wconf 78' lang='grc' dir='ltr'><strong><em>ἅγιον</em></strong></span> <span class='ocrx_word' id='word_1_209' title='bbox 966 2599 1060 2690; x_wconf 80' lang='grc' dir='ltr'><strong><em>ἥξειν</em></strong></span> 
     </span>
     <span class='ocr_line' id='line_1_26' title="bbox 50 2700 1088 2793; baseline -0.002 -18"><span class='ocrx_word' id='word_1_210' title='bbox 50 2737 75 2775; x_wconf 78' lang='grc' dir='ltr'><strong><em>νε</em></strong></span> <span class='ocrx_word' id='word_1_211' title='bbox 91 2707 122 2786; x_wconf 81' lang='grc' dir='ltr'><strong><em>ἐξ</em></strong></span> <span class='ocrx_word' id='word_1_212' title='bbox 141 2701 241 2789; x_wconf 85' lang='grc' dir='ltr'><strong><em>όρους</em></strong></span> <span class='ocrx_word' id='word_1_213' title='bbox 259 2713 458 2793; x_wconf 89' lang='grc' dir='ltr'><strong><em>κατασκίου,</em></strong></span> <span class='ocrx_word' id='word_1_214' title='bbox 478 2708 605 2785; x_wconf 79' lang='grc' dir='ltr'><strong><em>δασέος.</em></strong></span> <span class='ocrx_word' id='word_1_215' title='bbox 652 2706 689 2774; x_wconf 88' lang='grc' dir='ltr'><strong><em>έν</em></strong></span> <span class='ocrx_word' id='word_1_216' title='bbox 713 2705 878 2791; x_wconf 80' lang='grc' dir='ltr'><strong><em>ἑκατέροις</em></strong></span> <span class='ocrx_word' id='word_1_217' title='bbox 896 2709 979 2792; x_wconf 85' lang='grc' dir='ltr'><strong><em>γοῦν</em></strong></span> <span class='ocrx_word' id='word_1_218' title='bbox 997 2700 1058 2790; x_wconf 87' lang='grc' dir='ltr'><strong><em>όρη</em></strong></span> <span class='ocrx_word' id='word_1_219' title='bbox 1074 2734 1088 2773; x_wconf 85' lang='lat' dir='ltr'>d</span> 
     </span>
     <span class='ocr_line' id='line_1_27' title="bbox 89 2802 1058 2894; baseline 0.002 -23"><span class='ocrx_word' id='word_1_220' title='bbox 89 2802 249 2874; x_wconf 84' lang='grc' dir='ltr'><strong><em>κατάσκια</em></strong></span> <span class='ocrx_word' id='word_1_221' title='bbox 267 2811 436 2894; x_wconf 86' lang='grc' dir='ltr'><strong><em>λέλεκται,</em></strong></span> <span class='ocrx_word' id='word_1_222' title='bbox 460 2809 516 2875; x_wconf 86' lang='grc' dir='ltr'><strong><em>καὶ</em></strong></span> <span class='ocrx_word' id='word_1_223' title='bbox 534 2805 678 2894; x_wconf 84' lang='grc' dir='ltr'><strong><em>ήγοῦμαι</em></strong></span> <span class='ocrx_word' id='word_1_224' title='bbox 696 2810 755 2874; x_wconf 82' lang='grc' dir='ltr'><strong><em>τοῦ</em></strong></span> <span class='ocrx_word' id='word_1_225' title='bbox 773 2812 981 2894; x_wconf 76' lang='grc' dir='ltr'><strong><em>παραδείσου</em></strong></span> <span class='ocrx_word' id='word_1_226' title='bbox 998 2810 1058 2875; x_wconf 83' lang='grc' dir='ltr'><strong><em>τοῦ</em></strong></span> 
     </span>
     <span class='ocr_line' id='line_1_28' title="bbox 88 2902 1058 2996; baseline 0.003 -23"><span class='ocrx_word' id='word_1_227' title='bbox 88 2911 173 2973; x_wconf 86' lang='grc' dir='ltr'><strong><em>θεοῦ</em></strong></span> <span class='ocrx_word' id='word_1_228' title='bbox 190 2904 384 2996; x_wconf 81' lang='grc' dir='ltr'><strong><em>τυγχάνειν,</em></strong></span> <span class='ocrx_word' id='word_1_229' title='bbox 408 2904 449 2978; x_wconf 80' lang='grc' dir='ltr'><strong><em>ὃν</em></strong></span> <span class='ocrx_word' id='word_1_230' title='bbox 473 2906 657 2996; x_wconf 78' lang='grc' dir='ltr'><strong><em>ἐφύτευσεν</em></strong></span> <span class='ocrx_word' id='word_1_231' title='bbox 675 2910 712 2974; x_wconf 78' lang='grc' dir='ltr'><strong><em>ἐν</em></strong></span> <span class='ocrx_word' id='word_1_232' title='bbox 727 2902 822 2994; x_wconf 52' lang='lat' dir='ltr'><strong><em>&#39;Em</em></strong></span> <span class='ocrx_word' id='word_1_233' title='bbox 840 2905 923 2976; x_wconf 86' lang='grc' dir='ltr'><strong><em>κατά</em></strong></span> <span class='ocrx_word' id='word_1_234' title='bbox 941 2906 1058 2976; x_wconf 83' lang='grc' dir='ltr'><strong><em>άνατο·</em></strong></span> 
     </span>
     <span class='ocr_line' id='line_1_29' title="bbox 89 3001 1058 3098; baseline 0.002 -25"><span class='ocrx_word' id='word_1_235' title='bbox 89 3005 165 3094; x_wconf 81' lang='grc' dir='ltr'><strong><em>λὰς,</em></strong></span> <span class='ocrx_word' id='word_1_236' title='bbox 190 3001 211 3093; x_wconf 85' lang='grc' dir='ltr'><strong><em>ή</em></strong></span> <span class='ocrx_word' id='word_1_237' title='bbox 236 3008 291 3074; x_wconf 80' lang='grc' dir='ltr'><strong><em>καὶ</em></strong></span> <span class='ocrx_word' id='word_1_238' title='bbox 315 3011 373 3095; x_wconf 85' lang='grc' dir='ltr'><strong><em>της</em></strong></span> <span class='ocrx_word' id='word_1_239' title='bbox 392 3012 596 3094; x_wconf 83' lang='grc' dir='ltr'><strong><em>ἐπουρανίου</em></strong></span> <span class='ocrx_word' id='word_1_240' title='bbox 621 3004 845 3095; x_wconf 76' lang='grc' dir='ltr'><strong><em>Ἰερουσαλήμ.</em></strong></span> <span class='ocrx_word' id='word_1_241' title='bbox 886 3003 970 3098; x_wconf 73' lang='grc' dir='ltr'><strong><em>“όρη</em></strong></span> <span class='ocrx_word' id='word_1_242' title='bbox 995 3007 1058 3095; x_wconf 83' lang='grc' dir='ltr'><strong><em>γάρ</em></strong></span> 
     </span>
     <span class='ocr_line' id='line_1_30' title="bbox 89 3103 1056 3201; baseline -0.002 -25"><span class='ocrx_word' id='word_1_243' title='bbox 89 3107 202 3201; x_wconf 76' lang='grc' dir='ltr'><strong><em>κύκλῳ</em></strong></span> <span class='ocrx_word' id='word_1_244' title='bbox 228 3103 347 3196; x_wconf 83' lang='grc' dir='ltr'><strong><em>αύτής,</em></strong></span> <span class='ocrx_word' id='word_1_245' title='bbox 371 3113 427 3178; x_wconf 84' lang='grc' dir='ltr'><strong><em>καὶ</em></strong></span> <span class='ocrx_word' id='word_1_246' title='bbox 451 3106 566 3197; x_wconf 92' lang='grc' dir='ltr'><strong><em>κύριος</em></strong></span> <span class='ocrx_word' id='word_1_247' title='bbox 590 3105 703 3199; x_wconf 79' lang='grc' dir='ltr'><strong><em>κύκλῳ</em></strong></span> <span class='ocrx_word' id='word_1_248' title='bbox 727 3113 787 3178; x_wconf 87' lang='grc' dir='ltr'><strong><em>τού</em></strong></span> <span class='ocrx_word' id='word_1_249' title='bbox 811 3112 896 3177; x_wconf 84' lang='grc' dir='ltr'><strong><em>λαού</em></strong></span> <span class='ocrx_word' id='word_1_250' title='bbox 919 3103 1056 3176; x_wconf 81' lang='grc' dir='ltr'><strong><em>αύτού,”</em></strong></span> 
     </span>
     <span class='ocr_line' id='line_1_31' title="bbox 49 3207 1058 3297; baseline -0.005 -15"><span class='ocrx_word' id='word_1_251' title='bbox 49 3214 140 3282; x_wconf 71' lang='grc'><strong>3012.</strong></span> <span class='ocrx_word' id='word_1_252' title='bbox 167 3213 271 3279; x_wconf 86' lang='grc' dir='ltr'><strong><em>ταῦτα</em></strong></span> <span class='ocrx_word' id='word_1_253' title='bbox 288 3214 372 3297; x_wconf 83' lang='grc' dir='ltr'><strong><em>γοῦν</em></strong></span> <span class='ocrx_word' id='word_1_254' title='bbox 390 3209 447 3279; x_wconf 79' lang='grc' dir='ltr'><strong><em>διὰ</em></strong></span> <span class='ocrx_word' id='word_1_255' title='bbox 471 3209 507 3280; x_wconf 89' lang='grc' dir='ltr'><strong><em>τὸ</em></strong></span> <span class='ocrx_word' id='word_1_256' title='bbox 530 3207 641 3297; x_wconf 84' lang='grc' dir='ltr'><strong><em>πλήρη</em></strong></span> <span class='ocrx_word' id='word_1_257' title='bbox 667 3208 845 3297; x_wconf 81' lang='grc' dir='ltr'><strong><em>τυγχάνειν</em></strong></span> <span class='ocrx_word' id='word_1_258' title='bbox 866 3215 974 3278; x_wconf 83' lang='grc' dir='ltr'><strong><em>θείων</em></strong></span> <span class='ocrx_word' id='word_1_259' title='bbox 1000 3212 1058 3277; x_wconf 77' lang='grc' dir='ltr'><strong><em>δυ-</em></strong></span> 
     </span>
    </p>
   </div>
   <div class='ocr_carea' id='block_1_3' title="bbox 160 3443 683 3507">
    <p class='ocr_par' dir='ltr' id='par_1_3' title="bbox 160 3443 683 3507">
     <span class='ocr_line' id='line_1_32' title="bbox 160 3443 683 3507; baseline 0.002 -15"><span class='ocrx_word' id='word_1_260' title='bbox 160 3443 371 3507; x_wconf 57' lang='grc' dir='ltr'><strong><em>απαηε</em></strong></span> <span class='ocrx_word' id='word_1_261' title='bbox 477 3443 683 3504; x_wconf 54' lang='grc' dir='ltr'><strong><em>υὴκπα</em></strong></span> 
     </span>
    </p>
   </div>
   <div class='ocr_carea' id='block_1_4' title="bbox 0 0 1168 3818">
    <p class='ocr_par' dir='ltr' id='par_1_4' title="bbox 0 0 1168 3818">
     <span class='ocr_line' id='line_1_33' title="bbox 0 0 1168 3818; baseline 0 2"><span class='ocrx_word' id='word_1_262' title='bbox 0 0 1168 3818; x_wconf 95' lang='lat' dir='ltr'><strong><em> </em></strong></span> 
     </span>
    </p>
   </div>
  </div>
 </body>
</html>
