2326 3818
138 121 200 185 228
546 121 696 172 υυειιυυ

137 270 235 351 τρίβη
255 269 300 342 εἰς
319 259 380 349 τήν
397 263 462 349 γήν
475 255 493 329 δ
507 257 721 331 ἀποστέλλων
733 257 816 350 πρὸς
829 258 938 331 πάντα
950 259 991 331 τδι
1010 268 1110 352 ἔθνη.

139 363 181 434 σύ
201 364 237 432 δέ
256 365 350 443 εἶπας
370 367 406 433 ἐν
423 367 463 452 τῇ
482 367 614 454 διανοίᾳ
632 383 706 450 σου,
726 368 773 443 εἰς
786 360 845 432 τὸν
862 358 1010 452 οὐρανόν
1026 360 1113 435 άνα·

138 463 299 555 βήσομαι,
325 462 436 536 ἐπάνω
460 467 528 535 των
552 460 685 553 ῶστρων
708 470 768 533 τοῦ
792 459 941 548 οὐρανοῦ
959 461 1112 553 θήσομαι

138 565 197 637 τὸν
221 564 349 657 θρόνον
372 593 447 656 μου.
488 561 699 653 ἀναβήσομαι
719 562 829 636 ἐπάνω
856 571 924 635 τῶν
941 570 1112 655 νεφελῶν,

138 677 254 758 ἔσομαι
276 667 388 757 ὅμοιος
411 669 458 759 τῷ
474 664 614 758 ὑψίστῳ.
661 671 726 735 νῦν
750 667 787 735 δὲ
812 672 858 747 εἰς
868 662 988 754 ’Ἅιδην
1006 695 1113 739 κατα·
1138 695 1152 737 ι

138 769 226 860 βήση
245 773 300 838 καί
320 774 367 847 εἰς
385 764 424 836 τά
442 767 581 855 θεμέλια
598 769 657 855 τής
674 762 770 855 γῆς.”

216 874 244 938 5.
266 866 367 957 Ὁμοῦ
392 865 434 955 δή
452 876 590 936 πλεῖστα
611 865 665 937 διά
683 866 810 938 τούτων
834 866 852 938 δ
871 866 968 957 λόγος
986 873 1114 960 ἐμφαί-

139 999 207 1055 νει,
237 967 299 1057 τήν
322 973 382 1038 τοῦ
407 970 616 1058 δηλουμένου
639 967 923 1059 φρενοβλάβειαν,
956 970 1017 1059 τήν
1043 967 1112 1043 άπδ

111 1108 122 1137 e
142 1077 209 1140 τῶν
227 1068 426 1159 κρειττόνων
445 1072 500 1141 ἐπὶ
516 1070 556 1141 τὰ
574 1078 674 1160 χείρω
692 1068 914 1159 κατάπτωσιν,
932 1070 1040 1160 τὸτῆς
1059 1076 1113 1142 ἐκ·

139 1170 295 1253 πτώσεως
312 1174 414 1252 τέλος.
457 1169 551 1243 δεινά
579 1173 617 1242 δὲ
635 1171 718 1242 κατὰ
734 1177 802 1243 τῶν
821 1176 933 1243 ἐθνῶν
950 1170 1112 1247 ἁπάντων
1126 1198 1152 1241 ιο

140 1269 320 1362 ἀπειλήσας
345 1276 472 1366 θατέρᾳ
490 1272 635 1361 ληπτοδς
658 1289 727 1355 τοῖς
746 1280 937 1363 προβολίοις
955 1272 1032 1356 τούς
1051 1272 1111 1347 ἄν·

74 1373 301 1464 [ιοιιθρῶπους
329 1371 466 1466 εὕρατο,
491 1373 667 1465 πρόχειρον
692 1376 747 1444 καί
772 1378 805 1458 ἐξ
828 1381 952 1457 οἰκείας
975 1373 1112 1466 γνῶμης

138 1477 200 1565 τήν
225 1479 278 1547 ἐπὶ
301 1476 337 1548 τὸ
362 1476 466 1547 κακὸν
491 1483 660 1565 ἔμπτωσιν
689 1471 736 1545 δι’
755 1473 973 1559 αὐτεξούσιον
991 1485 1114 1567 προαί-

139 1601 234 1668 ρεσιν
252 1581 482 1667 κεκτημένους.
509 1583 538 1646 6.
558 1584 645 1648 ἔσειε
663 1580 747 1664 δῆτα
764 1582 821 1667 τῆς
835 1575 900 1647 άπὸ
918 1581 986 1648 τῶν
1004 1607 1113 1668 κρειτ·

139 1679 248 1749 τόνων
266 1676 412 1760 στάσεως
429 1677 487 1760 τὰς
504 1675 628 1764 πόλεις,
646 1680 702 1747 καὶ
715 1693 783 1759 τοῖς
796 1684 855 1766 τῆς
873 1674 996 1766 ήδονής
1015 1683 1113 1750 δελέ-
1125 1701 1150 1745 ιι

141 1803 217 1850 ασιν
237 1783 290 1849 ἐπὶ
318 1783 385 1850 πᾶν
404 1778 493 1861 εἶδος
510 1776 716 1867 φαυλότητος
739 1775 796 1860 τάς
814 1785 881 1850 τῶν
898 1782 1032 1851 πολλῶν
1050 1809 1113 1851 κα-

140 1884 245 1952 τέσπα
264 1881 370 1970 ψυχάς
380 1936 388 1967 ,
407 1877 531 1951 οὐδένα
549 1907 584 1950 τε
601 1885 749 1969 μηχανῆς
768 1878 959 1952 καταλιπων
972 1879 1112 1972 τρόπον,

141 1980 264 2070 μάθοις
273 1984 349 2069 περὶ
363 1984 457 2050 θεῶν
470 1987 617 2071 αἰσχροῖς
632 1983 687 2051 καὶ
702 1978 904 2070 διηγήμασιν
917 1978 1113 2066 ἀκολάστοις

108 2108 121 2147 ι
142 2078 181 2151 τά
199 2091 281 2169 φίλα
299 2085 355 2151 καί
373 2079 455 2171 πρὸς
473 2077 601 2171 ἡδονήν
619 2087 687 2154 τῶν
704 2080 932 2172 ἁλισκομένων
952 2081 996 2153 δι’
1019 2087 1111 2155 ἐντέ-

141 2211 223 2273 χνου
242 2181 411 2273 δαιμόνων
424 2180 796 2275 άπάτηςπρουβάλλετο.
831 2189 858 2254 7.
877 2181 982 2275 ταύτῃ
996 2213 1031 2254 τε
1048 2185 1113 2273 τήν
1125 2207 1152 2247 2⁰

141 2288 342 2375 οἰκουμένην
372 2283 506 2357 ἅπασαν
538 2282 624 2356 ἑλῶν
653 2282 846 2374 ὑποχείριον
871 2301 1023 2374 συνεῖχε,
1055 2289 1113 2357 καὶ

141 2382 280 2477 ήφάνιζε
297 2385 336 2458 τά
354 2390 421 2458 τῶν
439 2392 552 2458 ἐθνῶν
569 2383 655 2476 ὅρια,
674 2383 756 2474 ὅπερ
774 2387 829 2456 καὶ
844 2385 997 2475 ποιήσειν
1013 2382 1114 2474 ήπεί-

140 2498 191 2559 λει
210 2487 313 2560 εἰπῶν
332 2486 468 2578 “ιίφελῶ
486 2485 562 2580 ὅρια
580 2492 709 2576 ἐθνῶν,
728 2490 784 2558 καί
802 2484 864 2575 τήν
882 2487 981 2578 ἰσχδν
999 2486 1113 2559 αὐτῶν

64 2645 67 2652 .
142 2588 379 2678 προνομεύοω,
404 2591 459 2658 καί
483 2596 584 2659 σείσω
608 2586 721 2671 πόλεις
747 2591 1021 2678 κατοικουμένας,
1054 2591 1112 2660 καί

142 2690 202 2778 τήν
225 2692 426 2777 οἰκουμένην
448 2687 531 2778 ὅλην
554 2688 783 2778 καταλήψομαι
806 2696 847 2779 τῇ
866 2693 950 2780 χειρὶ
969 2687 1013 2770 ῶς
1031 2711 1112 2763 νοσ-
1125 2710 1152 2754 8⁶

143 2787 252 2860 σιάν.”
280 2796 308 2860 8.
329 2796 433 2860 ἔνθεν
447 2786 511 2878 ήδη
529 2788 646 2861 λοιπδν
659 2789 795 2862 πάντων
809 2788 1003 2883 ιἰνθρῶπων
1015 2818 1114 2861 κατε-

143 2888 255 2979 κράτει
274 2888 400 2982 πλάνη,
420 2894 575 2980 δαίμονές
588 2919 624 2962 τε
637 2894 777 2980 πονηροὶ
793 2890 876 2963 κατά
889 2890 997 2963 πάντα
1009 2890 1114 2964 τόπον

143 2995 199 3062 καὶ
217 2991 315 3063 πόλιν
333 2995 389 3062 καὶ
407 2990 519 3082 χῶραν
531 2986 598 3061 ὑπὸ
611 2999 657 3085 τῶ
675 3000 787 3087 οἰκείφ
805 2989 941 3084 ἄρχοντι
959 2989 1114 3066 κατετάτ·

142 3114 253 3165 τουτο·
294 3097 350 3164 καί
381 3097 464 3183 δῆτα
494 3090 658 3182 δυνάμεσι
688 3101 841 3184 χθονίαις
871 3098 926 3167 καί
952 3108 1113 3180 πονηροῖς

143 3195 333 3284 πνεύμασιν
349 3192 423 3265 ἀντὶ
441 3199 509 3265 τῶν
532 3198 704 3286 προτέρων
721 3199 781 3266 τοῦ
805 3201 890 3269 θεοῦ
907 3200 1112 3281 λειτουργῶν
1126 3220 1155 3263 ιο

143 3293 243 3375 ὁπός
266 3302 334 3366 τῶν
357 3293 551 3386 αἰνθρῶπων
569 3303 641 3384 βίος
660 3297 950 3383 καταδεδούλωτο,
974 3291 1113 3368 πάντων

144 3392 277 3483 ἀθρόως
296 3398 351 3466 καί
371 3399 553 3487 ἐπιρρεπῶς
570 3416 639 3482 τοῖς
656 3403 713 3490 τῆς
732 3396 854 3490 ήδονής
872 3395 1021 3482 ὀλίσθοις
1040 3401 1113 3470 ἐπι-
