2326 3818
311 121 312 124 ¹
332 112 519 164 DEMONST.
537 111 672 164 EvANG.
691 113 713 161 1.
729 115 769 163 ιο.
998 110 1040 173 65

75 258 104 322 8.
124 254 222 322 τούτο
249 252 285 321 δὲ
310 246 391 320 αὐτὸ
415 253 544 339 Μωσῆς
567 247 749 320 λευκότατά
771 276 837 320 που
869 256 1039 340 διασαφεῖ,

76 356 185 441 λέγων
204 349 224 378 “
233 351 324 442 ψυχὴ
347 349 456 440 πάσης
479 350 600 439 σαρκὸς
622 347 704 441 αἷμα
734 349 839 422 αὐτοῦ
870 356 956 440 ἐστι,
986 355 1064 422 καὶο

78 452 142 541 ε’γῶ
168 456 300 524 δέδωκα
323 448 406 541 ὑμῖν
434 450 470 522 τό
495 449 576 542 αἷμα
606 455 660 522 ἐπὶ
689 456 750 523 τοῦ
783 460 1042 542 θυσιαστηρίου,

78 555 314 639 ἐξιλάσκεσθαι
332 557 408 643 περὶ
426 558 495 625 τῶν
512 549 683 646 ἁμαρτιῶν
701 548 811 644 ὑμῶν·
830 552 867 625 τό
885 552 948 643 γάρ
962 551 1043 644 αἷμα

50 656 189 728 εαύτῶν
207 656 283 727 άντὶ
301 659 409 746 ψυχῆς
430 654 623 739 ἐξιλάσεται.
651 654 706 725 διά
723 660 821 726 τοῦτο
840 666 957 745 εἴρηκα
974 674 1044 738 τοῖς

77 764 164 839 υίοῖς
189 756 339 848 Ἰσραὴλ,
371 764 462 828 πάσα
497 757 587 848 ψυχὴ
625 760 657 841 ἐξ
692 751 789 846 ὐμῶν
824 753 864 828 οὐ
901 756 1043 847 φάγεται

78 856 188 949 αἷμα.”

155 985 184 1049 9.
204 976 378 1104 Πρύσσχες
396 982 481 1066 γοῦν
499 980 662 1067 ἐπιμελῶς
681 980 717 1049 ἐν
739 976 868 1060 τούτοις
891 1006 981 1059 οπως
1001 990 1046 1048 εί·

78 1109 175 1169 ρηται
202 1077 239 1150 τδ
266 1076 355 1170 “ἐγῶ
375 1081 507 1150 δέδωκα
528 1074 615 1168 ὑμῖν
640 1082 693 1149 ἐπὶ
715 1083 776 1149 τοῦ
799 1088 1045 1168 θυσιαστηρίου

40 1203 65 1242 10
79 1181 312 1264 ἐξιλάσκεσθαι
342 1183 420 1272 περὶ
443 1184 511 1252 τῶν
534 1183 655 1271 ψυχῶν
676 1180 789 1270 ὑμῶν,
812 1178 849 1251 τὸ
873 1178 937 1270 γάρ
964 1179 1045 1271 αἷμα

78 1283 218 1353 ἀντὶ
177 1312 235 1372 της
264 1288 373 1373 ψυχης
407 1283 600 1366 ἐξιλάσεται.
654 1288 770 1370 σαφῶς
795 1281 859 1371 γάρ
883 1279 958 1352 άντὶ
989 1287 1046 1372 τῆς

78 1381 297 1474 ἀνθρωπίνης
326 1388 433 1474 ψυχης
468 1383 504 1453 τὸ
534 1386 602 1453 τῶν
643 1386 917 1473 σφαγιαζομένου
952 1383 1054 1476 ζῶον,

79 1483 161 1574 αἷμά
179 1510 283 1574 φησιν
298 1484 539 1568 ἐξιλάσκεσθαι,
576 1487 673 1555 τούτο
692 1485 730 1554 δὲ
751 1481 832 1555 αὐτὸ
851 1486 906 1554 καὶ
925 1483 943 1554 ὁ
968 1488 1045 1573 περὶ

79 1592 147 1657 τῶν
164 1591 298 1657 θυσιῶν
315 1584 415 1676 νόμος
438 1581 623 1672 ὑποβάλλει
644 1603 737 1658 νοεῖν
760 1591 806 1680 τῷ
830 1587 1067 1676 τεθεωρημὲΛ1
1088 1607 1095 1619 ·

40 1709 146 1771 15νως
171 1693 360 1759 σκοποῦντι.
410 1694 458 1758 10.
484 1687 594 1758 πάντα
624 1691 707 1777 γοῦν
735 1685 794 1758 τὸν
826 1686 956 1759 θύοντα
985 1685 1042 1770 τάς
1062 1717 1105 1768 με]

79 1809 192 1881 χεῖρας
217 1789 409 1878 ἐπιβάλλειν
432 1787 627 1879 προστάττει
656 1793 698 1880 τῇ
717 1793 852 1922 κεφαλῇ
874 1795 933 1860 τοῦ
959 1802 1046 1861 θυο-

79 1897 194 1982 μένου,
214 1900 447 1983 προσκομίζειν
466 1890 553 1961 δε
521 1921 558 1962 το
577 1895 660 1985 ζῶον
684 1896 730 1984 τῷ
757 1898 842 1982 ίερεί
861 1920 919 1980 της
943 1919 1044 1981 κεφα-

80 1998 140 2082 λης
165 1993 340 2084 ἐχόμενον,
372 1988 533 2064 ῶσανεὶ
514 2022 599 2081 υπερ
617 2023 676 2080 της
695 1996 817 2097 ἑαυτοῦ
839 1997 986 2120 κεφαλης
1009 1993 1046 2062 τὸ

83 2102 206 2185 ίερεῐον
233 2098 476 2220 προσφέροντα.
520 2098 609 2184 λέγει
643 2090 676 2164 δ’
709 2086 772 2166 οὐν
806 2093 858 2184 ἐφ’
904 2089 1049 2188 ἑκάστφ’

44 2216 70 2254 2⁰
80 2191 266 2284 “προσάξει
294 2194 375 2266 αὐτὸ
406 2205 520 2266 ἔναντι
549 2204 689 2284 κυρίου,
720 2199 776 2266 καὶ
809 2194 964 2284 ἐπιθησει
994 2196 1051 2276 τάς

82 2315 194 2387 χεῖρας
220 2295 324 2367 αὐτου
309 2295 456 2367 ἐπὶ
421 2326 482 2385 την
506 2294 657 2386 κεφαλην
675 2326 735 2367 του
721 2292 895 2388 δῶρου.”

161 2454 210 2518 11.
244 2450 311 2519 Καὶ
329 2445 434 2528 οὕτως
454 2445 507 2537 ἐφ’
530 2445 671 2518 ἑκάστου
689 2446 866 2537 τετήρηται
888 2447 1050 2537 θύματος,

83 2548 243 2640 οὐδεμιᾶς
262 2556 387 2631 θυσίας
405 2545 514 2630 άλλως
533 2546 792 2639 άναφερομίνης.
831 2546 876 2619 δι’
898 2540 945 2619 ῶν
963 2548 980 2618 ὁ
1000 2547 1052 2618 λό-

84 2681 141 2742 γος
166 2660 370 2742 παρίστησιν
394 2648 444 2721 ὅτι
471 2648 512 2740 δὴ
536 2647 702 2741 άντίψυχα
725 2655 783 2740 της
808 2648 920 2722 αὐτῶν
945 2656 1053 2740 ψυχῆς

44 2774 72 2815 25
85 2753 271 2843 προσήγετο
289 2750 328 2822 τά
348 2753 617 2846 ζῳοθυτούμενα·
637 2748 654 2822 ὁ
674 2754 712 2823 δὲ
729 2758 796 2823 τῶν
814 2751 946 2842 άλόγων
961 2753 1054 2846 ζῴων

84 2856 120 2924 τὸ
147 2852 228 2944 αἷμα
246 2853 309 2943 τὴν
332 2853 444 2944 ψυχὴν
468 2855 554 2926 εἶναι
578 2854 712 2939 διδάξας
734 2853 891 2945 οὐδαμῶς
921 2859 1053 2944 λογικῆς
1067 2885 1108 2936 οτι

85 2958 141 3026 καλ
160 2960 280 3048 νοερᾶς
299 2955 415 3037 οὐσίας
441 2954 563 3046 ὁμοίως
586 2972 656 3037 τοίς
689 2955 882 3045 άνθρῶττοις
906 2961 1055 3046 μετέχειν

83 3054 167 3128 αὐτά
186 3066 400 3147 παρίστησιν,
420 3057 508 3129 εἶναι
524 3055 588 3148 γάρ
614 3056 726 3129 αὐτῶν
749 3056 810 3148 την
834 3058 997 3130 σύστασιν
1021 3063 1054 3140 ἐξ

85 3158 167 3249 ὕλης
195 3162 252 3229 καὶ
277 3159 458 3250 σωμάτων,
482 3175 552 3239 τοϊς
584 3157 649 3229 άπὸ
673 3164 733 3249 γῆς
759 3159 969 3249 βλαστημασι
998 3161 1053 3227 καὶ

154 3428 279 3480 2Levit.
299 3428 340 3489 17,
362 3430 400 3477 11.
506 3429 538 3478 20
557 3427 648 3477 Levit.
668 3431 692 3489 3,
714 3429 737 3475 1.

140 3527 284 3563 ταοτετυε
303 3527 347 3565 111.
