2326 3818
321 111 510 164 DEMONST.
529 110 663 165 Ενεαο.
681 110 715 159 x.
735 112 760 164 ο.
961 106 1023 169 689

32 258 216 342 ’τυροῦσαι
239 254 317 338 περὶ
342 255 440 340 ἐμοῦ,
464 248 585 338 ἑκάστη
611 253 696 332 λέξει
723 253 783 318 τοῦ
807 251 946 336 Ψαλμοῦ
964 247 1023 316 τὸν

54 358 138 425 νοῦν
156 351 369 442 έμβαθῦνας,
393 349 455 439 τήν
479 349 602 441 άκριβή
621 350 775 422 διάνοιαν
797 353 963 440 θηρεῦσαι
981 342 1023 418 άν

54 461 112 543 της
132 459 168 525 ἰν
186 470 254 536 τοῖς
273 456 458 542 εἰρημένοις
477 448 647 541 άληθείας.

439 737 641 746 ——-—--—-

56 1013 286 1103 Fraqmentum
311 1011 391 1080 libre·
404 1008 483 1078 XV.
508 1011 626 1079 editum
644 1009 685 1078 ab
704 1008 742 1076 Α.
761 1007 857 1079 Maio
881 1012 913 1078 ιἰι
932 1008 1026 1077 δανί-

30 1141 43 1180 5
49 1123 186 1206 plorum
203 1121 345 1182 ναίοντα
369 1136 451 1183 κονιι
471 1111 663 1181 θοίἰιιίιοκτ
687 1111 782 1180 Rom.
804 1117 894 1181 1825.
915 1115 975 1181 vol.
996 1112 1024 1180 I.

49 1229 144 1308 μανι.
162 1223 192 1286 2.
205 1240 245 1308 γ.
267 1221 336 1287 173.
361 1239 406 1284 αι·
423 1218 652 1285 commentario
669 1216 717 1284 νιί
733 1216 904 1283 Danielem
922 1218 952 1294 2,
973 1221 1024 1284 31.

131 1366 328 1457 Ἀναγκαῖον
347 1367 548 1458 ἐλογισάμην
561 1363 732 1456 Εῦσεβίου
749 1372 809 1438 τοῦ
823 1376 1027 1454 Καισαρείας

55 1474 116 1541 τοῦ
134 1473 272 1558 ἐπίκλην
281 1478 465 1559 Παμφίλου
483 1471 701 1559 παραθέσθαι
718 1466 832 1558 φωνάς
851 1472 1027 1558 εἰρημένας

58 1576 94 1641 ἐν
118 1569 403 1664 πεντεκαιδεκάτῳ
426 1569 517 1664 τόμφ
541 1576 599 1659 τής
624 1569 854 1659 Εῦαγγελικης
875 1567 1027 1641 Ἀποδεί-

18 1696 44 1736 10
58 1679 153 1756 ξεως·
182 1664 279 1753 οὗτος
297 1670 360 1760 γάρ
378 1676 489 1742 πᾶσαν
510 1674 688 1760 ἐκθέμενος
706 1670 768 1759 τήν
785 1669 904 1759 ὅρασιν
922 1670 1027 1752 οὕτως

56 1782 143 1861 φησί
158 1769 339 1862 ’Ἣγοῦμαι
359 1780 462 1845 ταῦτα
481 1775 587 1862 μηδὲν
606 1775 780 1863 διαφέρειν
795 1778 854 1859 τῆς
871 1777 931 1843 τοῦ
948 1800 1027 1857 προ-

56 1874 165 1964 φήτου
178 1882 340 1965 θεωρίας·
368 1869 413 1956 ῦς
430 1873 493 1963 γάρ
511 1873 529 1944 6
547 1873 719 1964 προφήτης
743 1872 920 1944 θάλασσαν
940 1874 1028 1960 ἑώρα

56 1973 222 2066 μεγάλην,
241 1974 348 2057 οῦτως
361 1973 378 2045 6
393 1974 551 2063 βασιλεῦς
566 1972 679 2046 εἰκόνα
692 1973 836 2062 πολλήν·
856 1978 912 2044 καὶ
926 1974 1028 2045 πάλιν

57 2073 102 2158 ως
115 2072 134 2146 6
147 2075 321 2168 προφήτης
341 2075 429 2161 ἑτέρα
444 2075 479 2147 δ’
493 2085 610 2167 θηρία,
629 2074 714 2167 άπερ
730 2075 924 2166 ἑρμηνεύων
936 2081 1028 2165 μετέ-

19 2199 43 2239 15
56 2186 160 2266 βαλεν
185 2186 231 2261 εἰς
256 2177 292 2248 δ’
316 2184 506 2264 βασιλείας,
531 2176 637 2257 οὕτως
660 2176 678 2245 6
704 2177 862 2261 βασιλεῦς
889 2177 947 2259 τάς
974 2176 1029 2247 διά

57 2284 115 2349 τοῦ
131 2283 258 2369 χρυσοῦ
276 2281 332 2349 καὶ
346 2274 497 2366 άργῦρου
512 2281 568 2349 καὶ
581 2283 707 2367 χαλκοῦ
720 2281 777 2348 καὶ
795 2276 936 2365 σιδήρου
953 2283 1030 2348 τέσ-

57 2404 161 2471 σαρας
179 2387 352 2467 βασιλείας
369 2378 535 2471 ᾐνίττετο·
564 2383 620 2451 καὶ
638 2370 739 2460 αὖθις
758 2377 801 2459 ὡς
819 2377 836 2449 6
856 2379 1030 2469 προφήτης

56 2489 124 2552 τῶν
153 2486 214 2553 τοῦ
243 2477 387 2552 ὑστάτου
417 2487 542 2571 θηρίου
571 2479 722 2571 κεράτων
753 2482 833 2550 δέκα
863 2487 1030 2571 διαίρεσιν

58 2580 165 2673 ἑτέρα,
190 2585 245 2652 καὶ
269 2590 344 2670 τρία
363 2586 485 2670 κέρατα
507 2579 567 2670 ὑφ’
591 2581 666 2664 ἑνὸς
690 2578 952 2672 συντριβόμενα,
972 2586 1029 2652 καὶ

18 2681 73 2751 206
92 2685 250 2768 βασιλεῦς
268 2681 427 2764 ὡσαύτως
439 2685 500 2754 ’ἐπὶ
516 2688 584 2754 τῶν
601 2690 803 2755 τελευταίων
825 2688 882 2771 τῆς
900 2681 1029 2765 εἰκόνος

55 2788 154 2872 μέρος
172 2816 200 2856 τι
221 2791 383 2873 σιδηροῦν
400 2788 456 2856 καὶ
469 2788 567 2875 μέρος
579 2780 778 2873 όστράκινον
797 2783 951 2872 ἐθεώρει·
972 2790 1028 2856 καὶ

58 2889 110 2955 ἐπὶ
130 2884 258 2969 τούτοις
281 2885 326 2968 άς
351 2885 369 2955 6
393 2885 564 2976 προφήτης
581 2885 665 2975 μετά
683 2884 745 2974 τήν
770 2889 838 2956 των
856 2884 1031 2975 τεσσάρων

56 2992 236 3073 βασιλειῶν
250 2985 369 3077 ὅρασιν
383 2985 470 3078 ἑώρα
484 2986 561 3057 υίδν
574 2983 760 3074 άνθροόπου
773 2986 835 3075 τήν
848 2987 932 3057 κατά
945 2987 1029 3057 πάν-

56 3116 124 3158 των
141 3087 248 3180 ἀρχήν
265 3091 321 3158 καὶ
341 3092 495 3172 ἐξουσίαν
513 3092 569 3159 καὶ
585 3095 762 3177 βασιλείαν
787 3087 1027 3177 παρειληφότα,

19 3207 44 3248 25
58 3187 163 3271 οὕτως
181 3193 237 3260 καὶ
254 3187 272 3260 6
291 3186 450 3279 βασιλεῦς
467 3196 569 3261 λίθον
586 3197 809 3276 συντρίβοντα
835 3188 897 3276 τήν
916 3188 1029 3260 εἰκόνα

59 3294 170 3361 πᾶσαν
202 3293 257 3362 καὶ
289 3289 468 3381 γινόμενον
498 3298 545 3374 εἰς
575 3291 652 3381 όρος
683 3293 767 3380 μέγα
790 3293 847 3360 καὶ
877 3294 1029 3381 πληροῦν

58 3389 234 3465 θάλασσαν
254 3391 362 3487 ἐδόκει
379 3391 478 3483 ὁράν·
506 3395 562 3462 καὶ
581 3391 730 3474 εἰκότως·
757 3399 880 3480 ἔπρεπε
900 3390 1028 3485 γάρτῷ

88 3499 91 3505 ’
110 3522 248 3558 susumus
268 3524 314 3559 111.
803 3505 852 3565 ΛΑ
