2326 3818
105 133 168 198 524
513 133 661 183 ευεσοιι

79 276 240 364 ισμίνων
258 272 340 343 κατὰ
363 270 421 343 τόν
445 276 506 342 τού
522 269 673 360 Γαβριὴλ
698 269 856 361 χρησμόν.
899 274 950 339 43.
971 273 1077 340 ταῦτα

108 377 145 446 δὲ
163 374 271 445 πάντα
295 377 615 464 συμπεραιουμὲνων
639 380 707 442 τῶν
726 370 954 461 ἑβδομήκοντα
981 373 1077 457 ἑβδο-

107 476 226 568 μάδωυ
242 480 334 558 τέλος
350 475 539 566 ἐλάμβανεν
553 473 615 545 ούκ
628 473 745 544 ἄλλοτε
758 469 779 564 ή
795 476 846 542 ἐπὶ
860 476 928 543 των
945 471 1078 562 χρόνων

107 586 165 668 τῆς
188 585 247 649 τού
272 585 419 667 σωτῆρος
443 576 544 667 ήμῶν
561 581 767 665 ἐπιφανείας.
821 573 936 663 ἐπειδή
960 583 1079 646 τοίνυν
1103 632 1106 639 .

107 676 210 751 ταῦθῖ
235 678 342 760 οὕτως
367 687 504 749 ἔσεσθαι
527 673 796 768 ὁπροδηλωθείς
819 673 958 764 ἅγγελος
976 705 1104 763 κεφα-ι

108 787 259 862 λαιωδώς
285 783 437 863 ἐθέσπιζε
460 786 506 871 τῷ
523 777 695 870 προφήτῃ,
722 769 823 858 αὖθις
843 776 1081 866 ἐπαναλαμβά-

107 912 159 955 νει
177 881 235 952 τόν
253 883 331 972 περὶ
348 884 416 951 των
433 879 660 970 ἑβδομήκοντα
680 878 878 969 ἑβδομάδων
897 877 1007 968 λόγον,
1028 886 1086 949 δι-·

108 984 245 1055 δάσκωυ
262 978 345 1051 κατά
358 985 456 1070 μέρος
469 985 592 1052 ἕκαστα
610 978 755 1068 ἀκριβῶς
773 977 857 1050 ὅθεν
868 977 1081 1071 ἀπάρχεσθαι

109 1092 164 1155 δεί
186 1089 244 1171 τής
268 1090 335 1153 τῶν
360 1081 490 1173 χρόνων
513 1081 793 1173 άπαριθμήσεως,
818 1084 874 1152 καί
897 1090 972 1152 τίνα
997 1079 1080 1152 κατά

109 1183 185 1267 τούς
203 1188 429 1275 δηλουμένους
443 1183 579 1275 καιροὺς
593 1183 827 1273 ἀπαντήσεται.
863 1189 914 1254 44.
933 1188 1024 1270 λέγει
1043 1181 1073 1253 δ’
1091 1212 1114 1254 ιο
1145 1180 1148 1187 ’

109 1278 172 1357 οὖν
185 1282 263 1357 “uoci
282 1286 395 1377 χυάση
414 1290 470 1357 καί
495 1285 652 1376 συνήσεις
677 1284 743 1356 άπὸ
764 1283 881 1368 ἐξόδου
900 1283 1003 1374 λόγου
1020 1288 1081 1355 τού

109 1386 347 1480 άποκριθήυαι,
362 1393 416 1458 καὶ
431 1393 491 1459 τοῦ
504 1392 720 1477 οἰκοδομήσαι
735 1382 964 1476 Ἰερουσαλήμ,
980 1390 1080 1474 ἑβδο-

42 1518 94 1570 [ιω]
108 1490 210 1582 μάδες
231 1489 311 1561 ἑπτά
330 1494 386 1561 καὶ
405 1489 589 1580 ἑβδομάδος
604 1487 838 1578 ἑξηκονταδύο,
858 1490 912 1558 καί
932 1492 1080 1577 ἐπιστρέ-

43 1620 95 1671 αω)
111 1609 183 1682 ψει,
209 1595 265 1662 καὶ
289 1590 591 1683 οἰκοδομηθήσεται
614 1602 756 1662 πλατεῖα
781 1593 836 1660 καί
859 1587 998 1678 τείχος.”
1044 1593 1080 1661 ἐν

110 1691 160 1776 οἷς
180 1702 273 1765 δοκεῖ
294 1725 350 1783 μοι
368 1699 475 1775 καλῶς
494 1702 582 1784 ἔχειν
600 1696 655 1763 καὶ
673 1691 734 1781 τήν
758 1697 818 1762 τοῦ
836 1691 900 1781 πρὸ
917 1689 1014 1781 ήμῶν
1032 1701 1080 1774 εἰς
1095 1720 1119 1763 ιι

110 1795 186 1879 τούς
204 1795 326 1876 τόπους
344 1805 494 1886 θεωρίαν
511 1794 556 1885 μή
576 1792 855 1886 ἀποκρύψασθαι,
875 1804 1082 1882 παραθεῖναι

112 1899 149 1968 δὲ
173 1901 228 1967 καί
252 1896 377 1985 ταύτην
393 1896 437 1977 ὡς
454 1904 583 1967 οἰκείαν
600 1913 668 1977 τοίς
694 1898 948 1984 ἐντευξομένοις.
985 1894 1082 1966 κοινὰ

111 2004 196 2087 χούν
219 2003 327 2079 καλῶς
352 2009 479 2087 εἰρηται
502 1995 542 2067 τά
565 2003 633 2067 τῶν
651 2004 769 2086 φίλων.
811 2002 862 2067 45.
882 1999 938 2066 καί
967 1996 1081 2087 ἐπειδή

111 2097 273 2189 προσήκει
287 2103 498 2188 συμχρήσθαι
508 2100 570 2187 μὲν
585 2098 880 2189 εύμνωμονούντας
890 2114 958 2178 τοίς
973 2102 1081 2181 καλῶς
1154 2112 1157 2121 “

111 2197 175 2290 ὑφ’
197 2202 319 2290 ἑτέρων
339 2203 541 2291 εἰρημένοις,
559 2200 604 2291 μή
622 2199 689 2290 μήν
706 2197 903 2290 άποστερείν
920 2200 997 2283 τοὺς
1015 2228 1081 2270 πα·
1094 2231 1121 2274 m

111 2306 207 2394 τέρας
225 2308 293 2372 τῶν
313 2302 475 2392 ἐκγόνων,
499 2304 584 2393 μηδὲ
601 2301 679 2384 τούς
697 2300 849 2392 πρώτους
867 2299 995 2390 φύντας
1013 2306 1082 2372 των

54 2447 57 2451 <
112 2412 246 2475 οἰκείων
264 2404 479 2495 σπερμάτων,
503 2404 560 2485 τὰς
579 2401 683 2475 αύτοῦ
708 2402 947 2494 παραθήσομαι
965 2407 1079 2486 λέξεις.

111 2512 161 2577 46.
182 2512 341 2596 φέρονται
360 2508 397 2577 δὲ
417 2496 514 2576 αύται
530 2503 732 2594 Ἀφρικανοῦ
749 2509 785 2576 έν
798 2509 845 2597 τῷ
858 2509 995 2598 πέμπτῳ
1013 2509 1082 2576 των

83 2613 397 2698 εΧρονογραφιῶυ,
416 2611 535 2676 τοῦτον
553 2614 686 2695 ἔχουσαι
704 2608 763 2679 τὸν
780 2605 920 2698 τρόπον·

184 2705 251 2778 “‘H
263 2709 326 2796 μὲν
344 2699 406 2778 ούυ
424 2707 587 2796 περικοπή
605 2705 691 2778 ούτω
706 2735 776 2789 πως
791 2717 912 2797 ἔχουσα
925 2707 1032 2779 πολλά
1045 2737 1082 2780 τε
1094 2738 1121 2780 ει

113 2812 168 2877 καί
192 2805 362 2896 παράδοξα
387 2816 556 2898 σημαίνει·
583 2814 647 2880 νύν
672 2810 709 2880 δὲ
728 2801 776 2881 οἷν
796 2817 890 2900 χρεία
909 2812 985 2899 περὶ
1003 2808 1083 2892 τούς
1132 2804 1137 2821 ’

112 2906 252 2997 χρόνους
275 2913 329 2980 καί
347 2908 387 2982 τά
404 2908 532 2993 τούτοις
550 2919 767 2984 συντείνοντα
790 2909 966 2999 τὸνλόγον
984 2938 1083 3000 ποιη-

112 3007 252 3099 σόμεθα.
288 3017 338 3082 47.
359 3011 409 3083 ότι
431 3014 493 3103 μὲν
518 3005 580 3085 ούν
607 3017 683 3104 περὶ
701 3017 758 3102 τῆς
776 3017 836 3084 τού
854 3020 1001 3102 Χριστού
1019 3039 1081 3082 πα-

113 3119 250 3202 ρουσίας
268 3117 396 3203 λέγεται
413 3121 517 3186 ταῦτα
534 3113 615 3206 μετά
638 3114 828 3205 ἑβδομάδας
852 3113 1082 3234 ἑβδομήκοντα

113 3215 289 3302 μέλλοντος
304 3221 555 3342 ἐπιφαίνεσθαι
579 3221 691 3307 δήλου.
734 3215 842 3287 ἐπὶ
806 3245 868 3307 γαρ
893 3219 953 3287 τού
976 3219 1080 3304 σωτή-
1093 3248 1121 3290 οο

113 3342 188 3404 9⁰9,
213 3312 233 3404 ἢ
251 3316 316 3389 άπὸ
333 3318 469 3406 τούτου,
497 3318 537 3389 τά
554 3348 590 3390 τε
607 3315 857 3408 παραπτώματα
882 3321 1082 3388 παλαιοῦται

112 3443 130 3485 κ
206 3412 397 3510 ίύιμαρτίαι
415 3425 668 3490 σνντελούνται
696 3417 752 3490 διιί
773 3418 863 3490 δὲ
827 3449 888 3511 την
905 3416 1028 3509 ἄφεσιν
1045 3424 1085 3489 αι
