2326 3818
304 111 492 166 ωωωοαεο.
506 112 641 168 Eme.
660 112 712 164 111.
731 115 757 164 ο.
889 67 892 72 ’
962 112 1028 177 143

136 257 185 322 15.
203 249 315 323 Πάλιν
323 253 453 340 Μωσῆς
467 251 523 321 διά
533 251 635 341 μέσης
641 244 705 340 ’τῆς
716 249 890 341 θαλάσσης
904 256 1027 341 διῆλθε

55 357 112 424 καὶ
129 352 189 425 τὸν
205 351 288 424 λαδν
305 349 498 442 ὦδῆγησεν·
525 355 616 442 λέγει
633 349 667 422 δ’
686 342 750 424 οὖν
766 348 787 441 ῆ
806 353 918 442 γραφῆ
930 352 1022 437 “385'-

55 482 144 526 τεινε
162 458 292 543 Μωσῆς
307 451 371 542 τῆν
387 469 482 544 χεῖρα
495 449 600 525 αύτοῦ
614 457 669 524 ἐπὶ
685 451 748 542 τῆν
761 452 949 542 θάλασσαν,
967 458 1023 526 καὶ

55 555 209 645 ύκῆγαγε
233 553 349 647 κύριος
375 552 439 644 τῆν
459 553 638 628 θάλασσαν
666 551 779 648 άνέμῳ
808 552 895 649 νότῳ
923 563 1023 651 βιαίῳ

28 655 139 746 τὸλην
155 654 217 746 τῆν
234 654 374 748 ῆμέραν,
391 659 448 728 καὶ
466 661 624 747 ἐποίησεν
635 656 698 746 τῆν
710 654 889 728 θάλασσαν
905 655 1021 747 ξηράν,
1036 691 1052 730 ο

54 762 112 830 καὶ
143 761 284 849 ἐσχίσθη
313 756 351 830 τό
377 756 490 851 ὕδωρ,
514 761 570 830 καὶ
595 765 739 848 διῆλθον
761 763 796 829 οἱ
811 759 880 829 νέοὶ
893 755 1023 848 Ἰσραῆλ

56 858 113 931 διά
130 862 232 950 μέσης
249 866 307 949 τῆς
324 859 500 950 θαλάσσης
512 859 597 932 κατά
612 859 650 931 τὸ
668 859 780 952 ξηρὸν,
799 862 855 931 καὶ
873 858 910 929 τό
928 856 1022 949 ὕδωρ

54 960 170 1045 αὐτοῖς
187 976 296 1052 τεῖχος
314 967 351 1034 ἐκ
371 965 493 1046 δεξιῶν
509 965 566 1032 καὶ
582 977 690 1052 τεῖχος
709 965 742 1045 ἐξ
760 957 979 1050 εύωνύμων.”

132 1070 182 1134 16.
202 1062 373 1146 Ὡσαύτως
391 1065 428 1134 δὲ
446 1066 502 1134 καὶ
519 1071 646 1152 μᾶλλον
663 1066 951 1153 θεοτρεπέστερον
961 1059 1023 1151 ’1η-

16 1194 42 1235 10
55 1173 134 1248 σούς
152 1163 169 1236 ὁ
188 1163 331 1256 Χριστός
346 1168 407 1236 τού
429 1168 516 1236 θεοῦ
534 1167 665 1252 ἐτιὶτῆς
681 1162 855 1254 θαλάσσης
881 1192 1024 1256 περιτα-

54 1265 156 1356 τῆσας
187 1269 243 1336 καὶ
270 1266 328 1338 τὸν
350 1268 482 1355 Πέτρον
512 1274 645 1355 βαίνειν
668 1261 722 1336 ἐπ’
748 1262 851 1354 αύτῆς
878 1270 1021 1353 ἐποίησε.

55 1370 238 1457 γέγραπται
261 1364 295 1437 δ’
320 1358 383 1439 οὖν
401 1365 563 1460 “τετάρτη
595 1367 633 1436 δὲ
656 1370 793 1456 φνλακῆ
822 1371 880 1455 τῆς
904 1365 1025 1448 νυκτός

55 1460 162 1557 ῆλθεν
179 1466 338 1558 δἸησοῦς
355 1467 438 1558 πρὸς
457 1465 580 1549 αύτούς
597 1472 790 1560 περιπατῶν
809 1468 864 1537 ἐπὶ
881 1470 940 1554 τῆς
956 1480 1023 1537 θα-

57 1568 190 1659 λάσσης.
239 1571 294 1640 καὶ
325 1568 454 1651 ἰδόντες
478 1565 582 1640 αύτδν
608 1574 856 1660 περιπατοῦντα
888 1570 942 1639 ἐπὶ
965 1572 1023 1658 τῆς

17 1699 43 1740 15
56 1670 229 1761 θαλάσσης
256 1667 525 1763 έταράχθησαν.”
562 1677 611 1742 17.
630 1673 686 1741 καὶ
709 1666 782 1761 μετ’
806 1669 903 1759 ὀλίγα
917 1665 1024 1741 “duo-

55 1777 186 1862 κριθεὶς
210 1774 247 1843 δὲ
275 1769 367 1868 αύτῷ
388 1771 407 1843 ὁ
432 1775 560 1865 Πέτρος
589 1773 701 1860 εἶπεν,
723 1769 840 1864 κύριε,
865 1779 897 1843 εί
918 1769 962 1841 σύ
982 1775 1024 1861 εί,

55 1873 216 1947 κέλευσόν
229 1904 270 1965 με
283 1880 400 1947 ἐλθεῖν
411 1873 494 1966 πρὸς
507 1875 545 1946 σὲ
557 1877 612 1946 ἐπὶ
629 1871 669 1945 τά
680 1870 798 1945 ὕδατα.
822 1874 841 1945 ὁ
860 1874 899 1944 δὲ
917 1873 1023 1962 εἶπεν,

57 1980 151 2048 ἐλθέ·
170 1979 227 2047 καὶ
244 1976 390 2065 καταβάς
403 1973 469 2047 άπὸ
483 1981 544 2049 τοῦ
556 1983 676 2047 πλοίου
682 1977 810 2068 Πέτρος
823 1973 1024 2067 περιεπάτη-

57 2099 116 2149 σεν
134 2081 187 2149 ἐπὶ
205 2076 245 2148 τά
262 2074 403 2149 ύδατα.”

18 2205 43 2246 ιο
135 2183 184 2248 18.
203 2177 314 2249 Πάλιν
333 2183 461 2270 Μωσῆς
483 2177 595 2274 ἀνέμῳ
618 2177 705 2274 νότῳ
729 2188 828 2272 βιαίῳ
847 2183 946 2267 ἔπηξε
962 2176 1024 2266 τῆν

56 2277 242 2350 θάλασσαν.
278 2283 368 2368 λέγει
385 2276 419 2350 δ’
444 2270 508 2351 οὖν
525 2276 546 2369 ῆ
564 2279 678 2371 γραφῆ
696 2279 862 2364 “ἐξέτεινε
882 2282 918 2350 δὲ
937 2291 1023 2351 Μω-

57 2384 117 2469 σῆς
133 2379 195 2470 τῆν
208 2396 303 2469 χεῖρα
316 2382 370 2452 ἐπὶ
383 2381 447 2470 τῆν
464 2379 652 2468 θάλασσαν,
670 2382 726 2451 καλ
739 2375 892 2470 δτῆγαγε
910 2379 1024 2470 κύριος
1039 2410 1086 2461 (93)

56 2481 118 2570 τῆν
140 2479 319 2553 θάλασσαν
348 2477 460 2577 άνέμῳ
489 2479 576 2576 νότῳ
606 2477 740 2575 βιαίῳ.”
789 2483 846 2551 καλ
873 2484 1023 2571 ἐπιφέρει

51 2582 184 2673 δ’έπάγη
200 2581 241 2655 τά
257 2582 389 2675 κύματα
407 2588 445 2655 ἐν
461 2587 552 2679 μέσῳ
571 2589 628 2673 τῆς
645 2579 851 2673 θαλάσσης.”

18 2713 43 2754 ω
134 2692 184 2756 19.
204 2683 374 2769 Ὡσαύτως
398 2687 437 2758 δὲ
460 2690 516 2757 καλ
538 2685 626 2757 πολύ
648 2683 846 2778 κρειττόνως
872 2684 889 2755 ὁ
914 2683 1024 2777 σωτῆρ

57 2785 152 2876 ῆμῶν
171 2791 346 2879 ἐπετίμησε
363 2791 410 2882 τῷ
426 2786 538 2882 άνέμῳ
556 2791 613 2859 καὶ
629 2793 670 2880 τῆ
687 2785 861 2879 θαλάσση,
880 2791 937 2861 καὶ
956 2790 1025 2876 έγέ·

57 2915 133 2958 νετο
150 2887 279 2978 γαλῆνη
296 2887 431 2981 μεγάλη.
468 2888 570 2961 πάλιν
587 2891 740 2972 Μωσέως
757 2887 823 2959 άπὸ
841 2895 901 2959 τοῦ
924 2887 1025 2980 ὄρους

57 2986 228 3072 κατιόντος
249 2989 286 3062 τό
312 2990 493 3084 πρόσωπον
516 2995 641 3083 ἑωρᾶτο
667 2989 796 3081 τιλῆρης
821 2988 927 3079 δόξης.
968 2993 1025 3078 γέ-

56 3120 201 3183 γραπται
227 3088 258 3162 δ’
284 3082 347 3164 οὖν
365 3091 602 3181 “καταβαίνων
621 3090 652 3162 δ’
674 3089 773 3174 αὐτὸς
792 3096 829 3162 ἐκ
848 3095 909 3162 τού
925 3089 1026 3180 όρονς

126 3360 141 3408 2
159 3358 248 3413 Exod.
262 3360 303 3422 14,
316 3362 359 3415 21.
441 3362 472 3410 12
489 3359 590 3410 Matth.
605 3360 645 3423 14,
658 3359 700 3409 25.
781 3357 814 3406 24
832 3355 934 3405 Matth.
944 3355 1036 3418 m.

58 3427 92 3476 29
110 3426 195 3476 Exod.
209 3428 251 3488 34,
265 3429 306 3478 29.
