2326 3818
323 140 660 198 DEMONST.'EVANG.
679 144 727 193 IX.
746 146 769 194 5.
960 141 1021 205 577

54 295 112 374 τῆς
127 284 252 376 ἐρήμου
266 283 493 410 κηρῦσσουσα,
511 313 532 372 η
545 300 614 364 τοῖς
629 280 932 369 ἐκπορευομένοις”
914 292 1022 371 οχλοις

55 385 325 486 βαπτισθῆναι
307 383 368 456 υπ’
372 383 518 512 μῦτοῦ,
525 379 570 464 ῦς
590 387 739 472 ἑρπετοῖς
759 381 882 503 ἐρήμου
900 383 1022 473 τυγχά-

55 511 184 577 νουσιν,
199 483 400 568 οίκειως
338 517 383 558 τω
402 484 605 576 γεννήματα
620 488 788 609 ἐχιδνῶν,
787 491 837 565 τίς
849 479 1024 566 ὑπέδειξεν

55 585 138 711 ῦμιν
155 607 280 678 φυνειν
297 587 362 660 άπὸ
373 596 430 677 τῆς
441 586 628 760 μελλούσης
646 582 776 674 ὀργῦς;’
780 581 909 655 ’πάλιν
927 616 962 655 τε
981 589 1024 654 αὐ

30 691 113 771 στάς
132 691 265 773 σκολιάς
291 690 398 781 ψυχάς
423 698 470 773 είς
494 688 631 771 εὐθείας
656 686 764 757 καὶ
730 715 787 766 τας
805 695 1024 810 τραχείαςς
978 695 1024 767 είς

54 790 154 874 ὁδοῦς
171 801 262 873 λείας
279 792 568 883 μετασκευάζουσα
582 797 707 881 ἔφασκε
719 804 788 870 τοῖς
802 784 937 870 αὐτοῖς
953 816 1024 858 ποι-

55 893 156 982 ήσατε
182 885 245 966 οῦν
271 894 420 982 ααρποῦς
443 891 556 977 ἀξίους
578 899 637 981 τῆς
660 887 869 982 μετανοίας.”
914 896 943 959 4.
969 893 1022 959 καλ

56 995 160 1066 ταῦτά
185 1025 223 1085 γε
247 1006 456 1067 συνετελεῐτο
474 991 848 1083 προπαρασκευάζοντος
869 989 1025 1064 Ἰωάννου

57 1097 133 1177 τοῦς
151 1096 336 1186 ὀψομένους
353 1097 415 1185 τὴν
433 1096 535 1180 δόξαν
548 1103 680 1184 κυρίου,
699 1098 754 1163 ιιαὶ
767 1093 803 1164 τὸ
818 1093 1027 1183 καλούμενον

19 1225 44 1264 ιο
57 1199 223 1287 σωτήριον
239 1206 299 1269 τοῦ
317 1203 414 1324 θερῦ,
432 1195 495 1268 οῦκ
513 1195 615 1268 άλλον
633 1195 714 1266 ὅντα
731 1201 791 1265 τοῦ
804 1201 962 1285 Χριστοῦ,
983 1192 1027 1276 ῦς

58 1297 234 1388 ἐμαρτύρει
248 1298 375 1388 λέγων
377 1298 506 1388 ἐγω
470 1327 532 1388 μεν
545 1328 631 1388 νμας
643 1296 743 1366 υδατι
757 1305 916 1385 βαπτίζω,
935 1306 1024 1386 έ-ρχε
1039 1325 1095 1374 (ιιι)

56 1429 110 1469 ται
122 1395 190 1469 δὲὸ
171 1400 415 1490 ίοσχυρότερός
429 1429 494 1489 μου
507 1396 614 1471 ὀπίσω
604 1427 718 1523 μου,
724 1389 765 1468 οῦ
778 1395 841 1468 οῦκ
856 1402 922 1486 είμὶ
935 1397 1026 1480 άξιος

56 1500 96 1571 τά
126 1500 326 1623 ὑποδήματα
356 1500 538 1590 βαστάσαι,
570 1498 669 1581 αὐτὸς
699 1495 785 1589 ῦμῦς
811 1503 1007 1588 βαπτίσει’
990 1528 1027 1569 εν

57 1601 220 1691 πνεύματι
238 1599 322 1696 άγίω
341 1606 397 1673 καὶ
415 1599 530 1689 πυρί.”
556 1607 585 1671 5.
604 1598 640 1682 ῦς
658 1605 714 1671 καὶ
730 1598 858 1671 ίδάν
825 1629 884 1670 τον
897 1600 1027 1690 Ἰησοῦν

19 1730 44 1769 15
59 1703 237 1794 ἐρχόμενον
250 1702 469 1795 άνεφάῦησεν
482 1699 557 1774 “ίδὲ
570 1699 587 1772 ὁ
601 1700 704 1790 άμνός
717 1709 777 1773 τοῦ
790 1705 875 1773 θεοῦ
889 1698 906 1772 ὁ
921 1714 1028 1788 αἴρων

56 1806 119 1894 τὴν
141 1804 306 1895 ἁμαρτίαν
329 1811 389 1876 τοῦ
414 1803 550 1894 κόσμον.
597 1795 692 1887 οῦτός
718 1808 786 1873 ἐστι
804 1808 881 1892 περὶ
899 1795 939 1874 οῦ
964 1803 1027 1890 ἐγώ

58 1907 166 1996 είπον,
179 1907 286 1979 ὀπίσω
300 1938 365 1997 μου
380 1914 509 1998 ἔρχεται
526 1904 624 1996 ἀνὴρ,
641 1902 677 1986 ῦς
690 1908 881 1995 ἔμπροσθέν
894 1935 959 1995 μου
974 1907 1025 1992 ηέ-
1043 1933 1096 1985 μετι

57 2007 168 2096 γονε.”
198 2010 257 2080 τόν
275 2008 378 2080 αὐτὸν
397 2010 434 2078 δὲ
453 2010 539 2078 εἶναι
556 2006 597 2079 τό,
611 2005 776 2095 σωτήριον
793 2013 852 2077 τοῦ
870 2011 955 2078 θεοῦ
973 2011 1028 2076 καλ

58 2105 75 2177 ὁ
94 2110 240 2197 Συμεὼν
259 2110 500 2199 έμαρτῦρησεν,
519 2106 555 2189 ὃς
573 2108 688 2196 λαβὼν
707 2113 760 2178 ἐπὶ
778 2125 851 2190 ταῖς
870 2108 1029 2197 ἀγκάλαις

20 2238 45 2276 νο
58 2211 182 2298 βρέφος
200 2207 280 2280 ὄντα
297 2209 355 2280 τόν
368 2209 499 2298 Ἰησοῦν
517 2217 580 2297 ἔφη
594 2205 683 2278 “νῦν
696 2206 853 2291 άπολῦεις
872 2211 930 2279 τὸν
952 2217 1030 2280 δοῦ-

58 2308 118 2378 λόν
136 2332 216 2397 σου,
236 2314 396 2396 δέσποτα,
416 2310 499 2379 κατά
516 2309 552 2379 τὸ
571 2308 659 2398 ῥῆμά
678 2331 751 2396 σου,
773 2314 809 2378 ἐν
832 2309 960 2400 εἰρήνη,
979 2310 1029 2379 ὅτι

60 2411 152 2481 εἶδον
170 2417 205 2480 oc
219 2411 392 2500 ὀφθαλμοί
408 2438 473 2498 μου
491 2408 527 2480 τὸ
544 2407 708 2496 σωτήριόν
720 2433 793 2496 σου,
812 2406 831 2479 ὃ
849 2409 1029 2498 ἡτοίμασας

59 2511 142 2582 κατά
160 2511 340 2598 πρόσωπον
361 2510 498 2583 πάντων
520 2514 589 2581 τῶν
606 2517 716 2598 λαῶν,
741 2513 813 2600 φῶς
838 2518 884 2592 είς
902 2509 1058 2581 άποαά-ο

60 2624 163 2695 λυινιν
182 2611 326 2685 ἐθνων.”
363 2621 392 2684 6.
412 2610 463 2696 οἷς
480 2611 621 2706 συνᾴδει
633 2615 689 2681 καὶ
702 2611 720 2682 ὁ
734 2611 907 2702 προφήτης
926 2612 1030 2684 είπων

21 2712 134 2799 τε“ιιαλ
157 2714 273 2797 ὄψεται
297 2721 387 2786 πῦσα
411 2714 492 2804 σάρξ
517 2715 554 2786 τὸ
574 2712 738 2803 σωτήριον
761 2718 822 2784 τοῦ
839 2714 956 2785 θεοῦ.”
994 2715 1030 2786 τὸ

59 2817 123 2906 γάρ
141 2822 231 2887 πάσα
249 2817 329 2909 σάρξ
347 2817 422 2888 ἀντὶ
441 2817 578 2889 πάντων
597 2827 726 2940 είρητμι
749 2820 817 2886 των
843 2822 963 2888 ἐθνῶν.
1002 2825 1029 2886 λ’.

59 2918 149 3000 ὅπως
167 2920 205 2989 δε
221 2923 326 2989 ταῦτα
344 2923 459 3000 τέλους
478 2927 574 3008 ἔτυχε
587 2916 696 2987 καὶ
661 2947 701 2986 τα
716 2918 852 3006 ἔθνη
819 2918 1031 3051 τονΧριστρν

61 3025 189 3108 ἐπέγνω
207 3050 267 3090 του
256 3024 371 3090 θεοῦ
388 3049 492 3109 μακρε
505 3050 526 3090 ν
544 3049 584 3090 ον
574 3016 659 3089 ’δελ
675 3017 793 3108 λόγων
837 3025 892 3090 καὶ
912 3020 951 3090 τά
969 3023 1031 3108 μὲν

61 3122 144 3210 ῥητά
170 3129 289 3193 τοῦτον
316 3126 498 3210 ἐπληροῦτο
529 3121 588 3191 τὸν
614 3119 753 3210 τρόπον·
804 3133 837 3190 τί
867 3120 898 3190 δ’
926 3113 968 3207 ἦν
994 3119 1030 3188 τὸ

22 3234 168 3295 ωαίτιον
186 3227 246 3294 τοῦ
263 3222 308 3313 μὴ
328 3229 365 3295 ἐν
383 3221 515 3311 πόλεσι,
539 3219 619 3312 μηδ’
644 3219 696 3292 ἐπ’
717 3218 819 3309 αῦτης
837 3228 894 3311 τῆς
908 3221 1031 3307 Ιερου-

60 3375 264 3382 ...u—m-——n—-aa

129 3458 162 3509 15
178 3457 224 3509 Jo.
236 3460 261 3521 1,
273 3459 316 3509 λθ.
419 3458 455 3509 20
471 3456 637 3520 Luam.

111 3555 250 3595 ιιτεεειοι
268 3556 316 3595 111-
