2326 3818
361 134 546 186 DEMONST.
564 135 696 189 EVANG.
712 136 761 187 VI.
779 140 819 186 15,
1004 136 1066 199 377

95 271 212 344 αὐτοῦ.
255 269 320 362 πρό
338 271 520 360 προσώπου
538 269 643 342 αὐτοῦ
670 273 934 364 προπορεύσεται
959 275 1066 364 λόγος,

96 375 155 444 καὶ
174 372 378 456 ἐξελεύσεται
396 380 443 454 είς
461 370 594 443 πεδία.”
1084 387 1098 426 ¹¹

173 479 203 544 2.
227 472 434 554 Ἐπακοάσας
462 473 500 543 δέ
524 470 624 555 αὐτὸς
648 476 772 544 ἑαυτοῦ
779 527 788 560 ,
807 482 934 563 μᾶλλον
954 478 990 544 δέ
1007 483 1066 547 τοῦ

98 578 297 664 ἐμπνέοντος
320 577 377 644 καὶ
402 580 654 658 ἐνθεσπίζοντος
679 578 716 644 ἐν
740 572 833 667 αὐτῷ
849 584 949 645 θείου
967 576 1067 648 πυεά-

69 705 215 766 οματος,
239 676 257 746 5
284 676 370 766 ίερός
394 674 567 767 προφήτης
591 678 668 765 περὶ
690 678 754 745 τοιῐ
770 680 1067 764 προφητευομένου

96 775 265 868 φήσαντος
282 776 333 847 ὅτι
352 773 551 867 “ἐρχόμενος
569 775 657 865 ήξει,
675 778 731 846 καὶ
750 774 790 846 οὐ
810 774 855 866 μή
873 784 1030 867 χρονίση,
1049 773 1068 845 5

97 880 136 949 δέ
161 885 289 959 δίκαιος
314 882 351 948 ἐκ
373 877 515 959 πίστεως
538 907 604 969 μου
629 877 761 966 ζήσεται
770 874 802 966 ‚'’
828 877 1008 959 πιστεύσας
1032 907 1068 947 τε

97 975 142 1062 ὥς
167 987 295 1060 δίκαιος
318 985 364 1072 τῷ
388 984 542 1074 χρησμῷ,
575 979 630 1048 διά
653 982 721 1048 των
744 977 826 1066 μετά
849 978 961 1068 χεῖράς
985 1002 1068 1067 φησι

91 1076 221 1169 “ιιάριε,
241 1079 419 1167 είσαιιήιιοα
437 1081 498 1168 τήν
516 1077 621 1166 άιιοήν
633 1100 695 1148 σου
713 1081 769 1147 καὶ
795 1079 989 1168 ἐφοβήθηυ”
1010 1083 1066 1150 παὶ

56 1212 81 1252 ιο
95 1180 136 1251 τά
161 1185 251 1268 ἑξῆς,
283 1178 327 1248 δι’
355 1171 403 1250 ὦν
426 1183 541 1269 σαφῶς
565 1177 650 1249 θεὸν
673 1186 721 1260 είς
744 1176 946 1268 ἀνθρώπους
976 1179 1069 1270 ήξειν

96 1284 321 1369 καταγγέλλει.
365 1288 415 1361 τίς
433 1282 472 1349 δὲ
489 1274 532 1350 άν
549 1271 645 1360 οὗτος
663 1289 715 1368 εἴη
736 1275 754 1349 5
783 1281 884 1350 πάλαι
908 1282 1067 1371 γνωριζό-

97 1409 215 1469 μευος,
233 1379 377 1470 ὕστερον
401 1384 440 1450 δέ
455 1407 536 1450 ποτε
559 1386 597 1451 ἐν
620 1386 666 1474 τῷ
692 1384 832 1469 ἐγγίζειν
849 1381 889 1451 τά
908 1392 963 1469 ἐτη
982 1412 1067 1470 γνω-

98 1480 327 1570 σθησόμενος,
351 1483 407 1550 καὶ
430 1479 514 1552 κατά
538 1481 597 1552 τὸν
623 1482 919 1572 προφητευόμευον
947 1482 1067 1573 χρόνον

96 1581 441 1672 άναδειχθησόμενος,
459 1578 481 1671 ἢ
498 1579 516 1652 5
535 1579 634 1664 αὐτὸς
653 1586 779 1664 ἐκεῖνος
797 1583 814 1653 5
833 1588 1065 1675 προδηλωθελς
1081 1591 1136 1643 (ῗῖθ

56 1713 82 1752 τι
98 1682 253 1772 δεύτερος
271 1688 339 1754 τῶν
356 1681 446 1754 ὅλων
462 1683 587 1772 κάριος,
605 1679 623 1754 5
641 1686 697 1754 καὶ
721 1690 762 1774 τῇ
785 1685 967 1773 προρρήσει
990 1683 1065 1755 άιιο-

96 1785 231 1866 λοάθως
257 1786 311 1855 ἐπὶ
334 1795 510 1878 συντελείᾳ
535 1789 603 1856 των
627 1785 762 1855 αίάνων
789 1794 836 1866 είς
869 1786 1067 1868 ἐξάκουστον

95 1891 198 1957 πάσιν
215 1885 408 1975 ἀνθρώποις
426 1895 624 1977 κηρυχθείς;
651 1885 771 1956 τούτου
791 1886 832 1974 δή
850 1877 969 1955 οὖντά
988 1887 1067 1956 ἀυά-

95 2015 226 2078 γραπτα
245 1992 282 2058 ἐν
299 2004 368 2069 τοῖς
387 1993 487 2077 ίεροϊς
506 1985 713 2075 εὐαγγελίοις
732 1996 829 2076 ἔργα,
848 1988 910 2075 τὴν
929 1992 965 2059 ἐκ
983 2015 1065 2079 παρ-

95 2091 201 2158 θένου
234 2088 388 2177 δηλονότι
410 2079 453 2157 οὗ
479 2087 640 2177 ἀνείληφε
666 2087 811 2176 σκήνους
835 2094 985 2178 γένεσιν,
1010 2095 1065 2160 καὶ

57 2185 162 2271 νο“οδς
180 2193 217 2260 ἐν
234 2192 348 2280 μορφῇ
364 2196 450 2259 θεοῦ
468 2188 631 2279 ὑπάρχων
644 2189 704 2278 οὐχ
725 2185 900 2279 άρπαγμόν
919 2190 1066 2277 ἡγήσοιτο

94 2287 132 2360 τδ
151 2289 237 2360 εἶναι
256 2301 311 2360 ίσα
329 2297 413 2380 θεῷ,
432 2288 516 2360 άλλά
536 2283 657 2360 ἑαυτὸν
676 2293 817 2360 ἐπένευσε
835 2289 970 2380 μορφήν
990 2291 1065 2360 δοά-

97 2401 157 2461 λον
175 2388 322 2479 λαβάν,”
342 2390 400 2471 τάς
414 2419 450 2459 τε
469 2396 738 2471 ἐπιτελεσθείσας
757 2389 847 2482 αὐτῷ
867 2400 913 2470 εἰς
932 2390 1065 2477 άνθριδ-

96 2517 180 2572 πους
197 2495 477 2582 παραδοξοποιίας
495 2496 550 2562 καί
568 2492 609 2562 τά
627 2490 700 2562 κατ’
724 2487 829 2558 αὐτοῦ
846 2519 884 2577 γε
908 2500 1065 2578 τετολμη-

94 2594 180 2680 μένα
202 2597 248 2685 τῷ
268 2588 440 2663 Ἰουδαίων
468 2601 561 2664 ἔθνει
585 2610 653 2674 τοῖς
676 2595 733 2681 τής
752 2596 859 2680 ψυχῆς
877 2588 1093 2680 δφθαλμολςὺ

57 2719 83 2759 τε
96 2690 292 2784 προλαβιδν,
311 2692 352 2763 τά
369 2723 405 2763 τε
422 2697 586 2782 με’λλοντα
605 2692 841 2783 συμβήσεσθαι
859 2698 1065 2782 κεκαθαρμέ-

96 2823 170 2876 ναις
197 2811 269 2875 ταῖς
300 2801 463 2877 διανοίαις
492 2793 583 2884 παρά
612 2800 671 2864 τοῦ
708 2793 926 2875 διδάσκοντος
962 2793 1065 2865 αὐτὸν

96 2901 196 2965 θείου
213 2894 402 2985 πνεάματος
426 2894 564 2984 μαθων,
591 2897 746 2982 ἐκστῆναι
770 2893 787 2962 5
812 2896 984 2984 προφήτης
1011 2899 1064 2964 ἐπὶ

95 3013 164 3078 τοῖς
193 2995 391 3067 άκουσθεῐσι
418 3000 473 3066 καὶ
500 3000 716 3083 πεφοβῆσθαι
746 2990 903 3084 ὁμολογεῖ
924 2996 1065 3084 φάσκων

90 3093 221 3186 “ιιάριε,
241 3096 421 3185 είσακήιιοα
430 3098 492 3184 τήν
507 3096 612 3185 άκοήυ
622 3117 695 3183 σου,
715 3099 770 3164 καὶ
789 3096 981 3184 ἐφοβήθην
1003 3095 1065 3162 τιν’-

54 3223 79 3263 εο
95 3226 157 3287 ριε,
176 3197 361 3286 κατενόησα
378 3199 419 3268 τά
438 3205 517 3286 ἐργα
536 3220 616 3284 σου,
635 3199 691 3265 καὶ
710 3193 875 3283 ἐξέστην.”
912 3200 941 3264 3.
961 3193 979 3263 5
998 3216 1064 3263 σω-

94 3357 298 3364 -—---—

163 3433 196 3481 20
214 3431 284 3484 Phil.
298 3433 322 3494 τ,
336 3433 361 3482 ε.
