2326 3818
257 181 261 185 ι
337 113 524 166 οοΜοοων.
542 115 675 168 ονενο.
694 116 731 171 11.
751 113 790 181 3.]
968 116 1027 180 107

55 262 150 346 ρίου,
169 255 224 322 καὶ
248 251 337 335 οἶκος
355 254 415 322 τοῦ
432 259 516 323 θεοῦ
535 251 586 323 ἐπ’
613 251 726 344 ἀκρωυ
744 259 811 326 τῶν
828 253 951 348 ὀρέων,
971 260 1027 330 καί
1039 282 1082 331 (ευ

56 351 276 444 ὑψωθήσεται
299 351 458 443 ὑπεράνω
483 357 550 425 τῶν
568 360 720 444 βουνοῦν,
740 359 795 426 καί
814 351 951 446 ἥξουσιν
971 356 1023 428 ἐπ’

58 453 139 527 αῦτδ
157 454 266 527 πάντα
284 453 322 524 τά
348 463 451 544 ἔθνη,
477 459 533 526 καὶ
560 454 781 548 πορεύσονται
805 466 890 548 ε”θνη
909 460 1026 549 πολλὰ,

57 561 114 629 καὶ
132 561 284 650 ἐροῦσιν,
304 560 401 628 δεῦτε
414 559 470 628 καὶ
485 554 664 648 ἀναβοῦμευ
683 566 730 640 είς
748 558 784 630 τὸ
803 556 878 649 ὅρος
892 569 1026 652 κυρίου,

29 663 114 731 εκαὶ
133 665 180 742 είς
198 657 256 731 τδν
274 659 367 730 οἷκον
384 665 443 728 τοῦ
461 665 545 731 θεοῦ
560 657 712 748 Ἰακοίβ.”

134 767 183 832 68.
204 764 271 834 Καὶ
294 764 372 849 περὶ
397 762 460 849 μὲν
482 764 550 832 τοῦυ
576 765 688 833 ἐθυοῦν
712 759 871 834 ἁπάντων
890 768 1027 834 τοιαῦτα

56 868 224 948 θεσπίζει·
258 866 334 954 περὶ
360 863 397 932 δὲ
421 866 488 933 τοὸυ
508 861 682 935 Ἰουδαίων
707 867 780 954 ἕξής
803 860 857 936 οἷα
883 867 1026 954 ἐπιλέγει

56 963 158 1037 ἀκουε
172 960 322 1055 ’ἀνῆκεν
351 962 415 1055 γάρ
445 965 503 1035 τὸν
534 965 616 1037 λαὸν
639 963 742 1037 αὐτοῦ
766 965 824 1038 τὸν
847 966 940 1038 οἶκον
968 971 1029 1039 τοῦ

56 1072 141 1139 θεοῦ
154 1063 285 1155 Ἰακώβ,
304 1063 354 1136 ὅτι
374 1066 565 1156 ἐνεπλήσθη
584 1065 629 1149 οδς
647 1066 682 1137 τὸ
701 1063 760 1136 ἀπ’
780 1064 917 1159 ἀρχήςή
935 1070 1027 1159 χώρα

18 1197 43 1237 ιο
57 1164 170 1240 αῦτων
188 1170 433 1258 κληδονισμοῦν,
453 1163 496 1250 ως
510 1163 530 1258 ή
544 1174 612 1239 τῶν
622 1166 834 1259 ἀλλοφύλων,
853 1173 909 1240 καὶ
927 1174 1028 1241 τέκνα

57 1269 164 1342 πολλά
193 1265 368 1359 ἀλλόφυλα
397 1267 543 1358 ἐγενήθη
573 1269 695 1352 αῦτοίς.
750 1276 801 1340 69.
835 1270 1027 1362 ἐνεπλήσθη

56 1370 120 1464 γάρ
146 1370 166 1461 ή
191 1370 282 1462 χώρα
306 1369 420 1441 αὐτῶν
442 1366 606 1460 ἀργυρίου
630 1373 685 1441 καὶ
704 1379 862 1461 χρυσίου,
889 1376 944 1443 καί
964 1372 1026 1442 οὐκ
1042 1395 1055 1433 υ

56 1465 99 1563 ήν
116 1469 258 1563 ἀριθμὸς
276 1475 345 1542 τοῖν
362 1475 547 1560 θησαυρῶν
565 1468 705 1561 αῦτῶυ,”
725 1475 781 1542 καὶ
799 1471 839 1542 τά
858 1475 932 1563 ἑξής
949 1472 1028 1544 τοῦ-

57 1604 125 1646 των
135 1572 216 1644 ὄντα
229 1571 310 1644 ὅντα
323 1579 438 1662 πλείω,
454 1569 504 1654 οἷς
519 1574 669 1665 ἐπιφέρει
678 1568 757 1644 “mxl
771 1575 1028 1665 προσεκύνησαν

18 1701 44 1742 ιε
58 1673 107 1759 οἷς
135 1678 296 1765 ἐποίησαν
314 1681 349 1746 οί
364 1673 522 1746 δάκτυλοι
540 1672 663 1763 αὐτῶν,
682 1678 737 1747 καί
751 1684 876 1760 ἔκυψεν
893 1674 1027 1768 άνθρω-

57 1806 134 1867 πος,
153 1780 208 1848 καὶ
229 1775 451 1868 ἐταπεινώθη,
470 1780 526 1847 καλ
544 1774 584 1849 οῦ
602 1777 647 1869 μή
673 1775 785 1868 ἀνήσω
805 1774 945 1867 αὐτοῦς,
971 1783 1027 1849 καί

57 1884 122 1952 νῦν
141 1883 311 1951 είσέλθετε
330 1887 376 1961 είς
390 1879 447 1962 τὰς
465 1884 598 1971 πέτρας,
618 1882 673 1950 καὶ
691 1875 883 1972 κράπτεσθε
901 1886 947 1963 είς
965 1880 1028 1968 τήν

57 1989 122 2071 γῆν
133 1980 197 2052 ἀπὸ
210 1979 391 2070 προσώπου
405 1987 465 2052 τοῦ
479 1981 589 2071 φόβου
604 1990 736 2073 κυρίου,
755 1984 810 2052 καί
824 1977 888 2052 ἀπὸ
897 1979 1028 2073 προσά-

58 2091 191 2173 ποντής
206 2083 302 2173 δόξης
316 2083 431 2172 αὐτοῦ,
449 2080 529 2154 ὅταν
543 2081 670 2175 ἀναστῇ
687 2089 835 2173 θραῦσαι
853 2082 915 2173 τήν
933 2079 1025 2174 γήν.”

16 2212 45 2254 εο
136 2191 184 2255 70.
211 2181 273 2255 Δι’
301 2175 349 2254 οῦν
373 2189 489 2274 σαφοῦς
512 2181 698 2256 ἀνάστασίν
722 2216 797 2256 τινα
823 2189 883 2256 τοῦ
906 2194 1026 2274 κυρίου

59 2285 209 2358 διδάσκει
234 2291 391 2374 ἔσεσθαι,
417 2291 453 2356 ἐν
477 2276 500 2375 ή
522 2283 806 2375 θρανοθήοεσθαι
830 2290 941 2357 πᾶσαν
965 2287 1052 2374 τήνε

58 2395 122 2479 γήν
149 2394 208 2457 τοῦ
229 2384 403 2457 Ἰουδαίων
427 2394 559 2467 ἔθνους.
610 2392 658 2456 71.
684 2389 759 2477 περὶ
786 2385 898 2457 αῦτοῦυ
922 2385 984 2475 γάρ
1008 2387 1026 2456 ὁ

58 2496 122 2572 πᾶς
140 2479 182 2577 ήυ
201 2485 314 2577 λόγος,
334 2485 445 2580 ὥσπερ
463 2491 520 2558 καλ
538 2490 628 2576 ἑξῆς,
654 2483 701 2558 δι’
721 2477 765 2558 οῦ
780 2508 885 2577 φησιν
898 2482 1027 2577 “ήμε’ρα

59 2589 122 2681 γάρ
141 2596 261 2680 κυρίου
278 2588 433 2679 Σαβαοδθ
450 2592 504 2660 ἐπὶ
523 2588 630 2661 πάντα
648 2584 813 2680 ῦβριστήν
830 2593 884 2659 καὶ
903 2587 1027 2679 ὑπερή-

18 2720 187 2782 εεφανον,
213 2694 268 2762 καὶ
295 2695 347 2763 ἐπὶ
372 2690 481 2763 πάντα
504 2689 636 2782 ῦψηλδυ
663 2695 718 2762 καὶ
745 2688 945 2783 μετέωρου,”
971 2695 1026 2762 καὶ

58 2793 98 2864 τά
116 2791 244 2875 τούτοις
262 2792 443 2865 ἀκόλουθα.
490 2797 526 2864 ἐν
543 2793 647 2886 ταῦτη
665 2798 845 2885 τοιγαροῦν
863 2797 904 2884 τή
921 2791 1027 2887 ήμέρηι

59 2896 117 2984 τής
135 2891 347 2977 ἀναστάσεως
365 2899 424 2966 τοῦ
443 2903 579 2987 κυρίου,
605 2893 645 2967 τά
665 2893 747 2965 κατά
764 2899 833 2966 τοῦν
852 2898 1029 2987 ἐπαιρομέ-

59 3026 130 3069 νων
147 2994 230 3067 κατά
252 3003 309 3087 τῆς
334 2994 490 3086 γνώσεως
518 3004 577 3067 τοῦ
606 3001 691 3067 θεοῦ
721 2995 972 3090 προαγορεῦσας
992 3001 1028 3067 ἐν

60 3096 145 3190 αὐτῇ
169 3095 292 3188 ταύτῃ,
317 3099 419 3188 φησὶ,
442 3101 483 3189 τή
500 3093 620 3190 ἡμέρη·
649 3093 890 3189 “ῦψοιθήσεται
914 3096 1028 3184 κύριος

20 3228 47 3268 εο
62 3205 98 3270 ἐν
116 3204 155 3291 τῆ
172 3197 279 3292 ήμέρη
298 3205 427 3290 ἐκείνη,
446 3202 502 3269 καὶ
519 3196 559 3270 τά
577 3205 787 3291 χειροποίητα
801 3197 908 3271 πάντα
927 3228 1028 3269 κατα·
1102 3288 1108 3300 ·

61 3298 249 3391 κραίνουσιν
264 3304 509 3390 είσενέγκαντες
525 3308 571 3383 είς
584 3300 624 3371 τά
639 3297 820 3390 σπήλαια·”
844 3307 892 3371 72.
909 3330 1028 3390 μονου-

60 3405 135 3493 ουχὶ
154 3407 267 3493 δηλοῦν
289 3401 350 3493 τήν
370 3399 586 3495 ἀποστροφήν
607 3407 675 3473 τῶν
694 3402 871 3494 είδάλωυ,
891 3399 937 3492 ῦηυ
958 3399 1046 3470 ἀπε-
1063 3426 1083 3462 ο
