2326 3818
137 137 200 202 532
548 132 699 185 ωυευιιιι

107 289 213 359 ολους
238 271 370 356 ἐπιστάς
388 291 456 356 τοῖς
470 269 707 365 Ἱεροσολύμοις
725 273 917 363 Πομπήιος,
933 269 1104 361 Ῥωμαίων

135 369 316 471 στρατηγὸς
334 375 393 466 ών,
414 382 504 466 αίρεῑ
514 376 576 465 μὲν
589 384 763 467 πολιορκίᾳ
775 374 837 464 τὴν
850 373 960 463 πόλιν,
978 383 1105 464 μιαίνει

76 481 77 484 “
137 482 174 552 δὲ
197 477 236 553 τύ
254 479 349 569 ἀχια,
373 482 468 569 μέχρι
486 481 555 547 τών
572 476 707 547 ἀδύτων
724 480 785 547 τοῦ
798 482 895 567 ,ίεροῦ
913 476 1103 564 προελθών.

136 590 185 655 76.
205 584 261 654 καὶ
279 587 383 652 ταῦτα
401 587 580 667 συμβαίνει
598 585 692 660 ἔτους
704 575 838 668 πρώτου
850 583 908 667 τῆς
926 581 1105 672 ἑκατοστῆς

136 686 382 775 ἑβδομηκοστῆς
410 678 525 767 ἐνάτης
540 677 777 768 Ὀλυμπιάδος,
803 679 885 768 μετά
908 679 1129 768 τετρακόσιαῡ

137 785 335 873 ἐνενήκοντα
353 785 452 852 πέντε
470 788 526 869 ἑτη
544 809 601 899 της
615 779 732 870 Κύρου
750 779 977 870 βασιλείας,“
955 809 1027 870 ητις
1044 779 1106 871 ἥρ-

137 892 211 971 ξατο
232 888 286 955 ἐπὶ
303 889 360 971 τῆς
378 886 602 969 πεντηκοστῆς
624 885 772 970 πέμπτης
787 878 1017 1007 Ὀλυμπιάδος.
1056 889 1105 952 77.

136 988 210 1057 τότε
230 983 262 1054 δ’
282 976 344 1055 οὖν
362 983 379 1053 ὁ
398 981 572 1072 Πομπηιος
586 980 672 1053 ἑλών
689 980 771 1053 κατά
785 982 903 1073 κράτος
916 981 979 1071 τὴν
986 982 1106 1074 Ἰερου-

137 1086 263 1176 σαλὴμ,
294 1086 354 1156 τδν
382 1088 625 1208 προειρημένον
649 1082 907 1174 Ἀριστόβουλον
938 1089 1107 1206 ἐκπέμψρις

110 1192 275 1277 οδεσμιον
293 1190 347 1257 ἐπὶ
361 1181 501 1274 Ῥώμης,
524 1190 570 1278 τῷ
587 1183 706 1255 τούτου
727 1183 866 1278 ἀδελφῷ
880 1182 1027 1280 Υρκανῷ
1045 1215 1107 1274 την
1119 1204 1141 1245 1⁰

137 1286 391 1380 ἀρχιερωσύνην
408 1291 637 1376 παραδίδωσι,
655 1284 691 1355 τό
709 1313 745 1356 τε
763 1290 830 1356 πᾶν
849 1293 948 1368 ἔθνος
968 1291 1001 1370 ἐξ
1021 1292 1109 1358 ἐκεί·

137 1421 199 1463 νου
224 1391 382 1470 ύποτελδς
402 1384 572 1477 Ῥωμαίοις
601 1385 831 1474 κατεστήσατο.
883 1393 932 1458 78.
959 1385 1041 1476 μεθ’
1069 1387 1109 1460 δν

133 1492 284 1582 Ἡρώδης
315 1488 332 1561 ὃ
355 1489 574 1581 Ἀντιπάτρου
605 1505 682 1570 παῖς
705 1485 864 1579 Ὑρκανὸν
887 1486 1019 1560 ἀνελών
1046 1489 1110 1579 την

79 1653 80 1656 ¹
137 1599 204 1665 τών
219 1592 394 1666 Ἰουδαίων
412 1600 586 1679 βασιλείαν
609 1588 674 1661 ύπδ
700 1597 758 1678 της
773 1586 941 1678 Ῥωμαίων
961 1592 1112 1681 συνκλη-

137 1725 197 1766 του
224 1700 348 1785 βουλῆς
372 1698 599 1785 ἐγχειρίζεται,
624 1690 753 1779 πρώτός
777 1720 813 1762 τε
836 1687 937 1773 αύτδς
957 1696 989 1775 ἐξ
1007 1690 1146 1764 ἀλλο-15

138 1796 250 1886 φύλου
273 1799 392 1884 μένους
411 1794 580 1883 βασιλεύει
599 1798 659 1864 τοῦ
678 1802 817 1882 ἔθνους,
835 1791 978 1882 τὴντῶν
996 1793 1112 1884 ἀρχιε-

138 1902 225 1984 ρέων
243 1897 326 1968 κατά
344 1894 402 1966 τδυ
421 1898 573 1977 Μωσέως
591 1893 695 1982 νόμον
714 1901 915 1984 διαφθείρας
932 1895 1036 1979 τάξιν.
1058 1902 1109 1968 79.

138 1995 156 2068 ὁ
174 2000 236 2086 μὲν
254 1998 317 2087 γὰρ
335 2009 429 2077 θεῖος
446 1994 545 2084 νόμος
565 1993 620 2065 διά
637 2002 715 2083 βίου
733 2000 888 2085 ίερᾶσθαι
904 2002 949 2091 τῷ
962 2005 1035 2091 θεῷ
1053 1999 1115 2070 τὸν

139 2096 298 2168 ἀνωτάτω
317 2095 511 2188 προστάττει
529 2097 698 2188 ἀρχιερέα
727 2097 745 2166 ὁ
765 2096 796 2168 δ’
813 2097 964 2188 Ἡρώδης
982 2098 1024 2169 ού
1042 2117 1115 2182 τοῖς

140 2195 204 2269 ἀπὸ
222 2203 341 2289 χίαους
359 2196 437 2268 οὐδ’
458 2196 507 2282 οἷς
525 2206 695 2293 προσηκον
718 2189 761 2288 ἦν
779 2196 943 2270 ἀπεδίδου
960 2200 1023 2288 τὴν
1041 2211 1112 2271 λει·
1126 2221 1151 2262 2⁰

141 2311 318 2427 τουρχίαν,
345 2298 606 2391 ἀπεξενωμένοις
631 2304 670 2372 δε
685 2325 752 2371 τισι
769 2304 825 2372 καὶ
849 2299 1035 2391 ἀλλοτρίοις
1052 2311 1115 2392 τῆς

140 2410 207 2475 τών
226 2402 409 2525 ἀρχιερέων
435 2410 610 2495 διαδοχης,
633 2433 690 2473 και
678 2402 786 2474 ούδδ
804 2402 935 2484 τούτοις
942 2410 1114 2526 διαρκρίς,

73 2534 126 2587 (ωτι
140 2505 221 2596 πρὸς
235 2504 394 2627 βραχύν
388 2508 429 2574 δέ
443 2534 518 2628 τινρι
536 2509 591 2576 καὶ
609 2509 872 2595 περιωρισμὲνον
882 2503 1030 2627 χρόνον,
1049 2503 1114 2575 ἀλ-

138 2618 212 2678 λοτε
230 2605 341 2688 ἀλλοις
358 2605 420 2694 την
436 2635 536 2695 τιμην
553 2604 898 2695 ἀντιδωρούμενος,”
871 2628 955 2677 ωστε
972 2604 1030 2689 τάς
1047 2609 1113 2696 μευ

139 2706 271 2794 πρώτας
290 2707 371 2776 ἑπτά
390 2707 578 2796 ἑβδομάδας
596 2704 783 2796 ἀπδΚύρου
801 2710 857 2777 καί
876 2710 930 2777 ε’πί
949 2719 1112 2798 Δαρεῖον,
1125 2740 1151 2782 ετ

139 2807 197 2886 τάς
229 2807 266 2877 δὲ
296 2805 413 2890 λοιπάς
437 2806 595 2897 ἑξήκοντα
621 2806 681 2879 δύο
707 2807 771 2878 ἀπὸ
795 2819 944 2900 Δαρείου
972 2812 1029 2879 καὶ
1054 2814 1112 2881 ἐπὶ

140 2907 317 2997 Πομπήιον
347 2908 405 2980 τόν
432 2906 599 3000 Ῥωμαίων
631 2907 815 3000 στρατηγὸν
850 2919 1111 3002 περιορίζεσθαι.

140 3015 189 3079 80.
209 3013 265 3080 καὶ
282 3013 365 3081 κατδι
378 3020 493 3102 τρίτην
508 3014 546 3082 δὲ
557 3019 708 3104 θεωρίαν
721 3009 831 3102 εύροις
845 3009 887 3082 ἀν
900 3010 1008 3094 άλλως
1022 3011 1112 3084 ἀπα·

140 3111 363 3202 ριθμούμενος
389 3112 466 3194 τούς
493 3112 632 3204 χρόνους
658 3118 726 3184 τών
754 3113 836 3184 ἑπτά
863 3116 919 3185 καὶ
947 3113 1110 3202 ἑξήκοντα
1138 3171 1141 3174 «

139 3213 200 3284 δύο
221 3213 435 3304 ἑβδομάδων,
459 3225 496 3284 αί
511 3223 744 3287 συντείνουσιν
763 3223 810 3297 είς
835 3223 891 3304 ἔτη
909 3215 1109 3304 τετρακόσια
1123 3243 1150 3287 εο

75 3340 128 3390 [ιιι]
142 3310 346 3403 ὀγδοήκοντα
361 3326 446 3407 τρία,
466 3315 518 3387 ἐπ’
539 3313 642 3388 αύτδν
655 3314 853 3406 Αύγονστον
866 3319 922 3387 καὶ
937 3319 991 3387 ἐπὶ
1006 3312 1111 3408 Ἡρώ-

76 3451 82 3494 1
117 3441 131 3482 ε
145 3418 208 3502 δην
225 3415 284 3486 τὸν
301 3421 434 3506 πρώτον
453 3422 485 3501 ἐξ
504 3417 696 3508 ἀλλοφύλου
713 3422 831 3507 μένους
850 3417 1111 3511 βασιλεύσαντα,
