2326 3818
355 105 541 158 DEMONST.
554 106 691 160 EVANG.
710 109 748 159 11.
766 111 791 159 3.
1015 105 1057 169 89

358 243 412 330 κζῖ
444 243 525 317 Ἀπὸ
542 248 604 316 τοῦ
629 253 789 336 Μιχαίου.
1071 275 1113 325 (τι)

89 376 257 458 Κατηγορία
270 374 327 429 τῶν
345 368 441 443 σἰργιῦν
453 375 510 456 τῶν
519 369 731 460 τοῦ,Ἰουδι,ιίων
744 372 859 455 ἔθνους,
873 375 924 428 καλ
937 369 1059 444 δήλωσις

90 438 255 512 ἒρημωσεως
268 443 320 511 τῆς
331 446 531 511 μητροπολεως
541 443 646 507 αυτῶν,
660 441 818 510 επιφανειιί
830 461 860 497 τε
870 445 996 511 Χριστοῦ
1008 444 1059 497 καλ

91 513 174 566 οίκου
186 511 261 564 θεοῦ
274 511 326 576 τῆς
339 504 493 578 ἐκκλησίας
512 504 620 577 αύτοῦ,
634 505 721 579 λόγου
738 528 768 564 τε
782 511 832 564 καλ
848 506 938 578 νόμον
956 509 1059 579 πρόσο-

64 593 77 632 5
273 556 334 645 δος,
352 577 472 633 καὶτῶν
485 572 731 647 ἐθνῶνᾶπύντων
744 576 875 647 δήλωσις.

176 681 228 759 7.“
236 683 420 758 Ἀκούσατε
439 684 1058 776 δὴταύταοίὴγούμενοιοἴκουΊακσῦβ,

92 791 148 860 καλ
172 794 207 860 ολ
227 787 421 859 κατάλοιποι
445 797 541 858 οίκον
561 785 709 877 Ἰσραὴλ,
730 792 764 858 οί
797 787 1059 878 βδελυσσόμενοι

91 898 206 983 κρίμα,
224 893 281 960 καὶ
298 889 407 960 πάντα
424 887 464 959 τοῦ
481 888 570 977 ὀρθὰ
590 893 863 979 διαστρέφοντες,
881 896 916 960 ολ
931 896 1058 961 οἰκοδο-

92 997 234 1083 μοῦντες
257 989 353 1063 Σιιδν
383 996 420 1061 ἐν
450 997 566 1080 αἵμασι
602 995 659 1062 καὶ
677 990 892 1082 Ἰερουσαλὴμ
922 996 958 1062 ἐν
988 989 1059 1062 νἰδι·

54 1118 80 1159 10
92 1101 188 1174 κίαις.
233 1098 269 1163 ολ
283 1090 463 1182 ἡγούμενοι
480 1090 583 1182 αὐτῆς
600 1090 682 1182 μετὰ
702 1092 821 1181 δούρων
839 1103 984 1183 ἔκρινον,
1002 1097 1088 1164 καλῑ)

92 1200 128 1268 οἱ
151 1201 250 1283 ἱερεῖς
273 1192 378 1283 αύτης
410 1195 491 1283 μετὰ
521 1200 648 1283 μισθοῦ
676 1193 916 1284 ἀπεκρίναντο,
942 1198 997 1265 καὶ
1028 1203 1064 1267 σί

92 1304 262 1387 προφῆται
280 1292 383 1385 αὐτῆς
399 1294 482 1384 μετὰ
499 1294 663 1384 ἀργυρίου
682 1296 913 1385 ἐμαντεύοντο,
932 1304 988 1367 καλ
1007 1300 1061 1368 ἐπὶ

91 1399 152 1470 τῦυ
165 1397 284 1487 κύριον
303 1395 564 1485 ίπανεπαύοντο,
583 1403 746 1486 λέγοντες,
761 1395 835 1487 ούχλ
853 1395 967 1484 κύριος
979 1397 1057 1488 μεθ’

93 1496 306 1591 ἡμῶύέστινς
325 1498 419 1589 ούμὴ
427 1503 554 1590 ἐπέλθῃ
570 1497 622 1588 ἐφ’
644 1495 728 1589 ἡμᾶς
742 1499 836 1569 κακοῦ.
857 1506 885 1569 8.
896 1499 951 1568 διὰ
962 1507 1061 1571 τοῦτο

54 1623 80 1663 1⁵
94 1598 142 1673 δι’
161 1600 248 1691 ὑμᾶς
265 1599 360 1672 Σιοῦν
378 1600 422 1683 ὡς
439 1597 539 1690 ἆγρδς
556 1598 853 1690 νἰροτριαθησεται,
872 1607 928 1672 καλ
942 1601 1060 1690 Ἰερου-

95 1703 204 1793 σαλημ
236 1699 281 1785 σῦς
309 1701 590 1792 ὀπωρυφυλύκιον
616 1710 724 1793 ἔσται,
749 1706 805 1773 καὶ
831 1701 867 1774 τὸ
896 1701 972 1790 ὅρος
1002 1709 1062 1775 τοῦ

93 1817 191 1878 οίιιου
209 1813 256 1887 είς
269 1802 371 1885 ῦλσος
389 1811 529 1893 δρυμοῦ.
562 1808 618 1874 καὶ
637 1812 728 1876 ἔσται
753 1801 807 1876 ἐπ’
828 1803 969 1893 ἐσχάτου
993 1811 1062 1876 τῶν

93 1902 230 1998 ἡμεροῦν
249 1907 393 1996 ἐμφανὲς
410 1906 448 1977 τὸ
465 1904 543 1997 ὄρος
560 1915 692 1994 κυρίου,
712 1912 844 1996 ἕτοιμον
862 1909 913 1977 ἐπὶ
933 1906 991 1988 τὰς
1005 1936 1062 1977 κο-

96 2008 206 2097 ρυφὰς
241 2015 311 2079 τῶν
341 2005 463 2095 ὀρέων·
491 2010 548 2078 καλ
578 2008 882 2097 μετεωρισθησεται
901 2004 1059 2096 ὑπεράνω

58 2127 85 2168 20
97 2112 166 2179 τῶν
182 2114 329 2198 βουνῶν,
354 2113 410 2180 καὶ
427 2108 635 2181 σπεύσουσιν
654 2106 707 2180 ἐπ’
727 2107 808 2181 αὐτὸ
826 2115 912 2193 λαοὶ,
931 2115 986 2180 καὶ
1004 2139 1062 2181 πο-

97 2208 274 2299 ρεύσονται
288 2219 374 2300 ἔθνη
391 2209 497 2282 πολλοὶ
515 2214 571 2282 καὶ
591 2215 719 2298 ἐροῦσι,
740 2215 837 2283 δεῦτε
854 2216 910 2282 καὶ
928 2209 1087 2300 dvali&-c

96 2338 160 2400 μεν
179 2319 226 2395 είς
242 2309 279 2383 τῦ
296 2310 374 2401 ’ὄρος
397 2320 535 2402 κυρίου,
555 2317 610 2382 καλ
629 2320 676 2394 είς
699 2311 758 2384 τὸν
781 2313 874 2383 οἷκον
897 2317 957 2382 τοῦ
979 2317 1065 2384 θεοῦ

80 2409 230 2502 ’Ἰακώβ,
248 2417 305 2485 καλ
321 2418 490 2498 δείξουσιν
508 2409 588 2503 ἡμῖν
605 2410 666 2502 τὴν
683 2411 765 2485 ὁδόυ
783 2411 903 2501 αὐτοῦ,
928 2416 983 2483 καλ
1002 2441 1064 2484 πο-

97 2513 288 2610 ρευσόμεθα
307 2519 344 2587 ἐν
361 2533 433 2598 ταῖς
446 2524 573 2603 τρίβοις
592 2510 710 2606 αύτού,
736 2514 785 2586 ὅτι
814 2520 850 2586 ἐκ
875 2512 969 2586 Σιών
994 2518 1064 2599 ἐξε-

57 2656 84 2696 25
98 2616 252 2689 λεύσεται
270 2615 382 2708 νόμος,
401 2620 457 2687 καὶ
475 2615 572 2706 λόγος
589 2626 709 2708 κυρίου
722 2621 754 2703 ἐξ
767 2614 1013 2708 “Ιερυυσαλήμ.”

352 2802 412 2894 κη’.
446 2799 525 2875 'Aua
544 2808 604 2876 τοῦ
630 2813 808 2896 Ζαχαρίου.

95 2930 226 3002 Δήλωσις
238 2933 304 3001 περὶ
316 2933 439 3000 Χριστοῦ
451 2938 625 3000 παρουσίας,
644 2935 694 2988 καλ
711 2935 762 3001 τῆς
780 2934 836 2987 τῶν
845 2927 996 2988 Ἰουδαίων
1013 2952 1065 2986 πο-

97 3002 217 3070 λεμικῆς
235 3003 420 3068 παρασκευῆς
437 2993 572 3069 ὄλεθρος,
588 2997 684 3056 ἐθνῶν
700 3019 731 3055 τε
749 2998 847 3069 εἰρήνη
864 3001 914 3054 καλ
933 3002 1065 3068 βασιλεία

237 3071 339 3137 κυρίου
351 3067 433 3137 μέχρι
446 3072 503 3124 τῶν
514 3067 645 3135 περάτων
657 3070 708 3135 τῆς
720 3065 902 3136 οἰκουμένης.

56 3215 84 3255 ω
175 3173 227 3246 9“
236 3185 342 3267 Χαῖρε
359 3176 507 3269 σφόδρα,
531 3174 679 3269 θύγατερ
693 3175 804 3265 Σιοῦν,
823 3173 980 3264 κήρυσσε,
999 3172 1081 3245 θύω

97 3307 198 3368 γατερ
213 3272 444 3369 Ἰερουσαλῂμ,
464 3275 540 3349 ἰδοῦ
565 3276 584 3346 ὁ
601 3276 760 3366 βασιλεύς
778 3297 841 3348 σου
860 3281 992 3368 ἔρχεταί
1014 3300 1072 3344 σοι

167 3429 182 3476 6
201 3429 265 3477 Mic.
285 3431 310 3491 3,
329 3430 352 3478 9.
458 3429 491 3479 30
503 3426 588 3478 Zach.
607 3429 632 3494 9,
652 3429 679 3483 9.
