2326 3818
355 107 541 161 ουΜονεν.
559 106 692 162 EVANG.
710 108 732 158 1.
751 111 776 159 9.
1013 107 1054 170 61

87 253 120 332 ἐξ
140 243 268 336 αὐτῶν,
300 242 344 329 ῶς
372 243 439 336 άμα
466 255 547 340 σίτῳ
570 243 719 336 καλάμης
736 244 958 336 ὑποφυείσης,
977 243 1051 316 ἀλλ’

86 347 181 420 ούπω
204 348 281 431 τοὺς
300 356 499 439 σπείροντας
518 350 694 436 αἰτιατέον,
712 347 793 418 οὐδὲ
810 347 888 431 τούς
905 341 1055 438 ἀναθρε-

88 453 272 541 ψαμένους·
293 451 363 520 ἐπεὶ
382 453 438 520 καὶ
456 454 525 520 τῶν
537 453 600 520 τού
616 453 764 538 σωτῆρος
777 455 940 539 μαθητῶν
957 462 1055 541 ίσμευ

87 552 181 635 τινάς
200 556 233 634 ἐξ
252 550 471 636 αύτεξουσίου
481 556 695 641 παρατροπῆς
712 548 977 641 ἀποσφαλέντας.
1003 558 1052 623 14.

61 681 75 722 5
88 652 109 742 ἡ
120 654 184 744 μὲν
200 645 264 724 οὖν
276 661 366 724 αίτία
376 658 434 744 τῆς
447 660 516 724 τῶν
528 652 631 723 πάλαι
642 656 815 742 θεοφιλῶν
827 651 963 741 ἀνδρῶν
980 679 1055 722 παι·

90 762 241 838 δοποιίας
264 754 455 847 ἀνείρηται,
494 752 537 845 ἣν
563 753 676 826 οὐκέτι
713 751 770 845 ἐφ’
806 753 902 844 ἡμῶν
941 753 1055 845 χῶραν

91 865 179 948 ἔχειν
198 865 252 930 δεῖ
267 859 389 948 λέγειν,
408 854 463 928 ὅτε
482 858 547 928 σύν
564 865 635 951 θεῷ
661 856 717 927 διὰ
741 860 799 946 τῆς
821 860 883 927 του
907 862 1055 947 σωτῆρος

87 955 183 1050 ἡμῶν
202 959 418 1050 εὖαγγελικῆς
438 966 654 1042 διδασκαλίας
668 967 772 1049 μυρία
785 965 870 1048 ἔθνη
884 961 939 1029 καὶ
954 956 1055 1040 λαούς
1073 985 1112 1038 [τε]

87 1060 170 1132 κατά
188 1091 223 1132 τε
242 1061 354 1144 πόλεις
372 1065 428 1132 καλ
445 1061 555 1151 χώρας
572 1064 629 1131 καὶ
648 1059 772 1149 ἀγρούς
790 1059 950 1147 πάρεστιν
974 1058 1083 1151 ἡμίνο

49 1161 277 1253 10Σόφθαλμοίς
294 1159 379 1255 δράν
396 1162 586 1234 σπεύδοντα
609 1160 693 1233 κατά
715 1163 752 1233 τὸ
772 1159 870 1252 αύτδ,
895 1165 951 1232 καὶ
975 1186 1055 1232 συν-

86 1268 245 1354 τρέχοντα
270 1268 324 1335 ἐπὶ
341 1264 402 1352 τὴν
420 1264 503 1335 κατά
521 1262 606 1335 θεδυ
623 1263 774 1354 μάθησιν
796 1269 855 1352 τῆς
882 1264 1056 1354 εὐαγγελι-

88 1368 147 1453 κῆς
173 1371 405 1448 διδασκαλίας·
431 1363 481 1448 οἷς
508 1365 679 1455 ἀγαπητὸν
708 1363 880 1436 δύνασθαι
904 1369 1057 1454 ἐξαρκεῖν
1132 1435 1139 1448 ,

88 1464 166 1548 τούς
185 1466 407 1548 διδασκάλους
438 1470 495 1537 καὶ
518 1465 666 1556 κήρυκας
696 1472 756 1537 τοῦ
781 1469 839 1557 τῆς
857 1474 1056 1553 θεοσεβείας

89 1566 203 1656 λόγου,
222 1566 358 1639 πάντων
375 1566 645 1658 ἀπολελυμένους
662 1571 731 1638 τῶν
747 1571 808 1639 τοῦ
825 1575 903 1656 βίου,
923 1573 1057 1658 δεσμῶν

50 1696 76 1736 15
89 1672 226 1741 καὶτῶν
237 1677 496 1761 πολυμερίμυων
505 1677 708 1761 φροντίδων.
730 1675 778 1740 15.
787 1669 930 1760 μάλιστα
943 1668 975 1739 δ’
994 1661 1057 1740 ούν

89 1770 219 1855 τούτοις
243 1770 433 1862 ἀναγκαίως
455 1776 562 1843 τανύυ
587 1771 643 1842 διά
665 1769 727 1860 την
753 1774 828 1862 περὶ
853 1771 894 1841 τδι
919 1779 1056 1861 κρείττω

57 1878 59 1882 ’
88 1872 213 1964 σχολὴν
230 1873 251 1964 ἡ
269 1878 338 1945 τῶν
357 1873 473 1965 γάμων
499 1872 710 1965 ἀναχῶρησις
733 1871 975 1961 σπουδάζεται,
1000 1871 1057 1943 άτε

90 1979 167 2066 περὶ
185 1974 247 2065 τὴν
265 1984 387 2048 ἔνθεον
405 1979 460 2046 καὶ
478 1973 627 2066 ἀσαρκον
651 1982 870 2046 παιδοποιίαν
893 1971 1058 2064 ἀσχολου-

90 2081 220 2167 μένοις,
244 2074 305 2167 ούχ
324 2077 397 2158 ἑνὸς
415 2076 498 2148 οὐδὲ
527 2084 624 2149 δυεῖν
646 2085 795 2166 παίδων,
820 2073 896 2147 ἀλλ’
924 2074 1057 2165 ἀθρόως

51 2186 215 2267 εομυρίου
239 2178 391 2266 πλήθους
419 2179 480 2268 τὴν
510 2186 771 2270 παιδοτροφίαν,
796 2182 853 2249 καὶ
882 2177 945 2267 την
975 2177 1058 2247 κατὰ

89 2276 175 2349 θεὸν
193 2287 384 2368 παίδευσιν,
403 2285 462 2367 τῆς
478 2307 515 2350 τε
534 2279 635 2369 άλλης
653 2279 787 2370 ἀγωγῆς
811 2284 871 2351 τοῦ
887 2288 972 2369 ’βίον
996 2277 1058 2367 τὴν

92 2384 281 2470 ἐπιμέλειαν
296 2378 585 2470 ἀναδεδεγμένοις.
618 2387 666 2450 16.
682 2383 736 2452 ἐπὶ
748 2380 877 2463 τούτοις
889 2380 1015 2450 ἅπασιν
1028 2391 1063 2450 εί

90 2513 139 2566 τις
157 2479 306 2574 ἀκριβῶςΙ
322 2480 461 2567 ἐξετάζοι
479 2481 557 2565 τούς
575 2486 644 2554 τῶν
661 2487 814 2552 παλαιῶν
838 2488 953 2570 βίους,
980 2483 1057 2571 περὶ

91 2576 139 2657 ῶν
156 2585 217 2656 τδυ
234 2585 336 2674 λόγον
352 2584 553 2675 ποιούμεθα,
567 2593 664 2674 γνοίη
683 2578 726 2655 ἀν
743 2580 864 2665 αύτούς
884 2587 922 2654 ἐν
938 2579 1055 2672 ἀρχαίς
1070 2607 1111 2658 (33)

52 2688 152 2777 εὸμὲν
170 2692 228 2776 της
246 2685 377 2775 ἡλικίας
400 2689 739 2777 παιδοποιουμένους,
764 2693 891 2757 θάττον
916 2686 952 2755 δὲ
975 2682 1059 2756 ἀνα-

92 2788 230 2878 σχόντας
256 2792 312 2859 καὶ
335 2785 646 2879 ἀποπεπαυμένους.
700 2791 882 2879 γέγραπται
912 2786 975 2877 γάρ
1008 2784 1058 2856 ὅτι

93 2886 318 2980 εύηρὲστησεν
340 2887 443 2980 Ἐυῶχ
474 2898 520 2986 τῷ
549 2895 622 2985 θεῷ
650 2889 732 2980 μετά
754 2888 792 2961 τὸ
816 2895 977 2978 γεννῆσαι
1000 2886 1059 2958 τδν

92 2991 326 3064 Μαθουσαλά·
361 2991 507 3082 ἀκριβῶς
530 2989 618 3063 οὕτω
636 2996 693 3081 τῆς
727 2997 860 3084 γραφῆς
888 2988 968 3079 μετά
997 2989 1059 3076 τὴν

91 3099 152 3164 τοῦ
170 3091 287 3175 παιδὸς
305 3098 464 3184 γέννησιν
483 3091 741 3183 εύηρεστηκέναι
759 3101 805 3188 τῷ
823 3096 896 3186 θεῷ
920 3090 979 3162 τὸν
998 3096 1059 3179 δη-

50 3230 79 3270 εο
94 3194 261 3286 λούμενον
279 3197 474 3286 ίστορούσης
484 3250 494 3284 ,
512 3199 568 3265 καὶ
586 3194 699 3268 ούκίτι
723 3200 756 3279 ἐξ
782 3201 912 3266 ἐκείνου
936 3198 1059 3272 παῖδας

92 3295 184 3391 αὐτῷ
203 3301 362 3387 γενέσθαι
375 3295 617 3389 μαρτυρούσης.
645 3303 693 3367 17.
708 3298 764 3366 καὶ
783 3299 863 3368 Νῶε
876 3296 914 3365 δὲ
926 3291 1059 3383 ἀνθρω-

93 3416 194 3497 Ἶο
213 3417 326 3510 aest—5,
345 3450 386 3500 εν.
