2326 3818
149 115 213 178 244
556 111 705 162 Ευευεη

146 258 208 344 μὲν
231 245 293 324 οὖν
318 250 552 342 προχειρότερα
575 246 618 320 άν
637 262 709 339 εἴη,
733 249 846 341 πόρρω
870 276 908 339 γε
930 248 999 339 μήν
1016 263 1126 323 καθε-

147 361 256 427 στῶτα
268 359 325 443 τῆς
340 355 461 425 ἐνθέου
474 356 530 422 καὶ
541 355 774 441 μεγαλοφυοῦς
786 356 847 423 τού
855 348 1031 442 προφήτου
1046 359 1126 425 δια-

147 466 250 539 νοίας.
287 464 315 527 8,
333 455 351 526 ὁ
370 455 433 545 γάρ
451 485 502 526 τοι
519 451 708 543 θαυμάσιος
727 457 852 534 ἐκεῖνος
870 456 926 523 καὶ
951 455 1055 542 μέγας
1076 452 1126 541 ὥς

148 556 284 647 άληθῶς
304 556 502 647 ἱεροφάντης
520 559 631 626 πᾶσαν
648 552 759 643 γεάδη
777 557 833 624 καὶ
851 553 1045 643 σωματικήν
1063 554 1125 629 οὐ·

147 668 226 737 σίαν
237 659 395 749 ἐνμόναις
411 661 508 739 είδοδς
516 673 588 737 ταῖς
601 655 751 744 ποιότησι
765 659 1034 746 διακεκριμένην,
1042 656 1124 731 κατ’
1139 688 1153 729 ε

149 754 1122 849 ούδένατρόπονέτέραντήςἑτέραςπρουτίμησεν,τάπάντ’

150 864 247 945 είδως
260 867 337 952 μιᾶς
353 858 434 930 ὅντα
449 868 569 947 ἔκγονα
582 855 665 946 ύλης
680 856 803 928 οὔποτε
819 858 976 948 ἑστώσης,
991 857 1075 930 οὐδέ
1089 892 1125 933 τι

117 1005 127 1031 ε
147 969 288 1052 βέβαιον
303 966 336 1024 ²¹1
353 965 395 1052 τή
412 959 515 1047 φύσει
534 958 684 1049 ἐχούσης,
702 959 755 1030 άεὶ
774 961 811 1030 δέ
830 958 969 1050 ῥεούσης
987 964 1043 1031 καὶ
1064 967 1124 1035 ἐπὶ

147 1063 209 1152 τήν
227 1071 355 1133 οίκείαν
372 1059 509 1153 φθοράν
527 1062 750 1151 ἐπειγομένης.
776 1059 902 1132 οὔκουν
914 1061 950 1132 τὸ
965 1057 1032 1150 ήδύ
1050 1069 1125 1136 τοῖν

129 1163 311 1254 ισωμάτων
336 1169 457 1252 είλετο,
489 1159 566 1234 οὐδ’
593 1161 674 1234 αύτό
698 1162 777 1232 καθ’
807 1159 887 1233 αύτό
913 1162 1158 1259 προύκρινεν,

147 1262 190 1336 άν
207 1266 243 1336 τὸ
261 1263 326 1339 άπό
344 1270 412 1336 των
430 1263 625 1354 αἰσθήσεων
642 1267 821 1355 προσηνές·
854 1268 955 1354 χαμαὶ
978 1265 1042 1356 γάρ
1062 1271 1122 1339 καὶ

149 1371 202 1443 ἐπὶ
221 1366 384 1457 σωμάτων
400 1364 530 1457 ήδονήν
539 1363 705 1454 πεσούσης
719 1365 810 1437 τοῦτ’
830 1361 873 1435 άν
891 1377 942 1455 είη
953 1364 989 1436 τό
1008 1365 1123 1453 πάθος

147 1475 263 1560 ψυχῆς.
290 1477 318 1539 9.
330 1480 444 1558 μυρίοι
462 1473 545 1558 γοῦν
558 1472 626 1538 τῶν
643 1465 682 1537 τά
697 1464 1122 1561 σάματατεθηλυμμένωυ,

148 1575 309 1659 ἐμπαθεῖς
327 1569 436 1650 άλλως
455 1573 509 1640 καὶ
527 1567 721 1655 άκόλαστοι,
745 1568 864 1659 μύρων
881 1572 937 1638 καὶ
955 1577 1123 1643 ποικίλων

147 1679 352 1763 περιεργίαις
377 1671 562 1760 χρώμενοι,
586 1670 694 1758 πάσης
719 1674 856 1759 αἰσχράς
883 1673 938 1739 καὶ
956 1670 1122 1762 ῥυπάσης
1136 1706 1157 1742 1.

149 1777 318 1860 δυσωδίας
334 1773 392 1853 τὰς
410 1769 519 1861 ψυχάς
534 1774 758 1860 ἐπιφέρονται,
778 1766 822 1851 ως
836 1778 978 1860 ἔμπαλιν
990 1777 1024 1842 οἱ
1040 1785 1122 1845 θεο-

148 1884 274 1963 φιλεῖς,
298 1873 418 1963 άρετής
438 1873 650 1962 ἐμπνέοντες,
675 1870 738 1960 τήν
756 1871 842 1941 πολύ
860 1880 1032 1962 κρείττονα
1049 1879 1123 1947 τῶν

94 2050 97 2055 ,
121 1973 213 2051 οάρτό
239 1980 298 2063 γής
323 1973 509 2062 άρωμάτων
526 1971 588 2061 τήν
605 1970 670 2042 άπὸ
689 1972 910 2063 σωφροσύνης
928 1977 984 2043 καὶ
1009 1981 1120 2047 δικαι-

148 2074 273 2163 οσύνης
291 2079 347 2145 καὶ
371 2071 477 2163 πάσης
496 2077 669 2162 εὐσεβείας
692 2072 942 2163 ἀναδιδομένην
969 2073 1122 2147 εὐωδίαν

80 2205 133 2256 [110]
151 2175 347 2266 ωταγόμενοι
371 2172 432 2264 τήν
455 2181 522 2247 τῶν
542 2170 670 2246 ύλικων
688 2173 851 2264 σωμάτων
862 2172 980 2265 Χὀδμήν
1006 2180 1042 2247 ἐν
1060 2174 1120 2248 ού·
1135 2208 1161 2248 κο

92 2281 223 2359 (μηδενὶ
245 2281 412 2348 τέθεινται
436 2277 534 2371 λόγῳ.
579 2284 627 2347 10.
652 2280 756 2347 ταῦτα
781 2268 844 2347 οὖν
868 2269 906 2347 εὖ
930 2275 1018 2366 μάλα
1038 2283 1120 2350 διει-
1150 2278 1157 2285 ’

148 2378 262 2470 ληφεδς
292 2375 309 2450 ό
334 2379 507 2469 προφήτης
536 2377 654 2468 μύρων
676 2379 739 2468 μέν
767 2373 788 2465 ή
812 2382 868 2448 καὶ
893 2378 1119 2469 θυμιαμάτων

148 2479 311 2572 οὐδεμίαν
328 2485 585 2572 προηγουμένην
603 2484 744 2550 έποιεῑτο
767 2486 949 2569 φροντίδα,
974 2481 1120 2569 κρειττό-

147 2612 219 2653 νων
246 2586 283 2654 δέ
309 2587 366 2653 καὶ
391 2589 498 2651 θείων
524 2580 671 2668 είκόνας,
699 2575 743 2660 άς
771 2585 851 2669 ένήν
870 2580 1032 2669 δυνατὸν,
1061 2580 1119 2653 διά

147 2683 312 2773 σωμάτων
334 2700 403 2762 τοῖς
427 2682 537 2770 μόνως
554 2677 660 2762 οὕτως
678 2683 732 2751 καὶ
751 2679 827 2751 οὐδ’
853 2679 960 2764 άλλως
978 2679 1018 2752 τά
1035 2695 1119 2755 θεία
1130 2712 1159 2754 25

147 2790 229 2864 ολιις
247 2814 283 2855 τε
300 2783 490 2873 μανθάνειν
507 2788 701 2870 παρεδίδου.
729 2787 778 2852 11.
798 2781 849 2853 ὅτι
864 2781 905 2873 δή
923 2780 1015 2855 τοῦτ’
1035 2781 1118 2856 αύτό

148 2882 204 2969 αδδ
227 2880 245 2953 ό
272 2898 366 2966 θεῖος
391 2881 637 2975 άναγέγραπται
668 2881 806 2974 είρηκάς
834 2883 979 2974 χρησμός
1007 2883 1119 2974 φήσας

27 2986 33 3000 ’
142 2983 228 3074 “ό’ρα
253 2985 401 3076 ποιήσεις
426 2985 535 3058 πάντα
558 2984 640 3056 κατά
658 2985 717 3057 τόν
739 2984 842 3056 τόπον
860 2985 918 3056 τόν
940 2988 1118 3075 δειχθέντα

148 3108 200 3157 σοι
220 3092 257 3159 έν
279 3094 325 3183 τῷ
348 3085 454 3177 όρει,”
497 3088 648 3177 σύμβολα
667 3092 847 3178 τοιγαροῦν
865 3090 1005 3176 ἑτέρων,
1030 3085 1117 3178 άπερ

80 3222 133 3272 (σε)
148 3188 273 3273 τύπους
287 3202 410 3262 είωθεν
421 3187 604 3280 ὀνομάζειν,
619 3192 778 3261 έπιτελων
790 3188 853 3278 τήν
867 3184 923 3258 διά
937 3192 999 3259 τού
1007 3186 1117 3280 μύρου
1131 3219 1157 3259 οο

135 3318 351 3364 εὶς-ἡ

161 3417 465 3486 Μωωωωω.
