2326 3818
349 128 537 184 οεΜοΝεν.
555 128 690 184 ατεκο.
709 129 773 186 v11.
789 134 813 185 3.
1002 130 1064 195 477

84 274 141 362 τῷ
158 272 273 356 Δαβὶὸ
291 264 430 338 αίάνιον
446 264 576 358 θρόνον
593 262 611 336 ὁ
626 267 749 356 ’σωτήρ
759 271 815 338 καὶ
837 267 952 361 κ’ῦριος
969 267 1066 360 ήμῶν

90 369 216 458 Ἰησοῦς
237 365 256 438 ὁ
274 365 415 459 Χριστὸς
437 372 499 438 τοῦ
521 371 608 439 θεοῦ
629 371 686 449 καὶ
702 365 785 440 οὐδὲ
809 366 909 452 ἄλλος
923 369 1089 462 ἄνθρακ’-ε

84 496 169 542 πων
186 467 389 564 ἀπείληφεν,
410 471 524 540 ἱκαναὶ
540 467 775 548 πιστώσασθαι
799 476 838 540 αί
852 497 1065 562 προπαρατε-

93 584 208 642 θεῖσαι
225 577 417 662 μαρτυρίαι,
435 568 458 659 ή
474 598 511 641 τε
527 571 589 642 τοῦ
601 567 752 661 Γαβριὴλ
769 569 861 659 καλή
878 576 938 642 τοῦ
957 583 1064 662 Ζαχα-

66 679 190 764 ερίον,
216 669 262 742 δι’
289 663 337 743 ὧν
359 674 423 743 καλ-
440 672 636 744 συνίσταται
662 675 698 742 ἐκ
715 675 901 763 σπέρματος
918 673 1065 761 γεγονώς

93 777 209 861 Δαβὶὸ
238 771 322 843 κατὰ
352 771 470 864 σάρκα.
521 779 570 844 18.
589 781 657 844 τίνι
688 775 725 844 δὲ
750 771 838 868 λόγῳ
861 771 920 845 τὸν
941 771 1064 862 Ἰωσήφ

91 877 353 963 γενεαλογοῦσιν
365 880 401 944 οί
412 877 496 965 ίεροὶ
510 871 754 969 εῦαγγελισταὶ,
771 883 898 967 καίπερ
913 873 958 966 μή
971 872 1065 956 ὄντος

93 971 155 1046 τοῦ
171 980 320 1067 σωτῆρος
333 971 429 1065 ήμῦν
443 980 476 1059 ἐξ
490 973 606 1065 αὐτοῦ,
625 974 697 1045 ἀλλ’
720 980 753 1060 ἐξ
766 975 866 1065 ἁγίου
878 975 1065 1065 πνεύματος
1097 1058 1100 1063 ,

83 1080 151 1146 ’καὶ
173 1085 232 1166 τῆς
255 1076 352 1166 ἁγίας
375 1079 567 1167 παρθένον,
597 1075 687 1158 ὅπως
710 1105 746 1147 τε
771 1080 826 1147 καὶ
852 1076 937 1166 αῦτη
961 1073 982 1164 ή
1005 1081 1066 1149 τοῦ

44 1203 82 1242 -ιο
95 1185 216 1268 κυρίου
234 1176 342 1269 μήτηρ
359 1174 424 1247 άπὸ
442 1181 562 1265 γένους
579 1181 635 1247 καὶ
653 1180 838 1268 σπέρματος
862 1175 1066 1249 ἀποδείκνυ-

80 1303 147 1347 ’ται
166 1279 252 1348 εἶναι
269 1280 405 1366 Δαβὶὸ,
424 1281 461 1348 ἐν
476 1281 525 1372 τῷ
542 1277 663 1376 πρώτῳ
680 1284 748 1350 τῦν
767 1287 814 1362 είς
831 1277 894 1368 τήν
911 1276 1093 1368 ymmo-d

92 1387 173 1466 γίαν
189 1384 250 1449 τοῦ
267 1381 418 1468 σωτήρος
434 1377 532 1469 ήμῦν
550 1377 749 1468 ζητημάτων.
759 1381 822 1450 καὶ.
833 1376 1064 1450 λύσεων-διει-

94 1478 255 1568 ληφότος,
281 1478 332 1550 ἐπ’
361 1483 475 1551 ἐκεῖνα
491 1477 569 1562 τοῦς
582 1478 794 1577 φιλομαθεῖς
810 1479 1062 1571 άναπέμπομεν,

94 1577 148 1669 ἐφ’
170 1584 287 1672 ἑτέραν
304 1577 573 1671 ήμᾶςῦπόθεσιν
591 1588 845 1672 κατεπείγοντος
862 1587 922 1653 τοῦ
940 1580 1064 1671 παρόν-

56 1702 80 1743 15
93 1710 149 1763 τος
167 1687 296 1772 καιροῦ.
315 1721 318 1729 ·
789 1680 792 1686 ¹

413 1930 492 2007 Ἀπὸ
515 1943 654 2024 Ψαλμοῦ
672 1933 738 2006 ου’.
831 1938 835 1956 ²

166 2080 225 2156 “‘0
244 2086 323 2166 θεὸς
345 2085 383 2155 τὸ
406 2091 508 2174 κρίμα
532 2109 594 2156 σου
611 2091 657 2180 τῷ
676 2094 810 2174 βασιλεῖ
827 2086 901 2176 δὸς,
926 2089 983 2156 καὶ
1003 2086 1064 2175 τήν

95 2185 314 2275 δικαιοσύνην
331 2207 394 2256 σου
411 2190 459 2280 τῷ
475 2191 539 2279 υίρὸ
553 2191 615 2257 τοῦ
626 2185 820 2275 βασιλέως.”
849 2194 898 2258 19.
918 2191 974 2257 καὶ
990 2191 1063 2274 ἑξής
1077 2218 1131 2269 (ειη

94 2289 238 2374 ἐπιλέγει
256 2283 337 2356 “καλ
361 2304 616 2374 συμπαραμενεῖ
636 2292 683 2381 ’τῷ
709 2285 813 2380 ἡλίῳ,
836 2290 893 2357 καὶ
917 2287 982 2377 πρὸ
1007 2294 1065 2377 τής

54 2410 80 2450 νο
93 2385 251 2477 σελήνης,
275 2391 392 2479 γενεάς
415 2393 559 2475 γενεῶν,
584 2386 806 2475 καταβήσεται
833 2383 878 2468 ῦς
894 2386 990 2468 ὑετὸς
1010 2391 1064 2457 ἐπὶ

93 2487 199 2559 πόκου
228 2491 286 2558 καὶ
319 2483 399 2558 ῦσεὶ
430 2485 588 2575 σταγόνες
617 2485 794 2572 στάζουσαι
824 2491 878 2557 ἐπὶ
900 2486 963 2576 τήν
988 2492 1062 2576 γήν.

92 2587 249 2660 άνατελεῖ
265 2593 302 2660 ἐν
318 2606 391 2672 ταῖς
406 2586 545 2679 ήμέραις
562 2586 667 2661 αὐτοῦ
686 2587 894 2678 δικαιοσύνη,
912 2592 969 2658 καὶ
983 2596 1065 2678 πλή-

93 2703 156 2772 θος
170 2689 316 2782 εἰρήνης,
336 2695 397 2773 ἕως
410 2680 452 2761 οῦ
465 2687 694 2782 άνταναιρεθή
706 2686 728 2780 ή
742 2689 878 2780 σελήνη,
892 2694 949 2761 καὶ
963 2720 1064 2761 κατα·
1078 2722 1130 2772 [κη

93 2791 264 2878 κυριεύσει
278 2788 343 2862 άπὸ
356 2791 530 2881 θαλάσσης
544 2797 605 2875 ἕως
618 2791 803 2882 θαλάσσης,
816 2795 873 2862 καὶ
886 2788 951 2862 άπὸ
964 2819 1063 2862 ποτα-

53 2894 159 2978 ετμοῦ
189 2895 250 2972 ἕως
280 2892 435 2980 περάτων
464 2896 523 2980 τής
546 2890 778 2982 οίκουμένης.”
826 2899 878 2963 20.
903 2897 959 2963 καὶ
982 2893 1064 2982 μετὰ

80 2993 218 3083 ,βραχέα
242 2996 347 3080 φησὶν
366 2988 661 3084 “ῦπεραρθήσεται
683 2990 771 3082 ὑπὲρ
797 2992 857 3064 τὸν
874 3001 1026 3082 Λίβανον
1044 2993 1090 3063 ὁι

92 3091 218 3183 καρπὸς
243 3088 356 3164 αῦτοῦ.
400 3100 491 3164 ἔσται
514 3093 551 3164 τὸ
574 3092 681 3184 ὄνομα
706 3089 811 3164 αῦτοῦ
838 3090 1062 3182 εῦλογημένον

92 3200 140 3275 είς
163 3193 239 3276 τοὺς
265 3198 405 3285 αίῦνας,
437 3194 501 3286 πρὸ
524 3203 584 3266 τοῦ
606 3195 704 3286 ήλίον
729 3202 882 3285 διαμενεῖ
902 3193 939 3264 τὸ
954 3192 1062 3283 ὄνομα

42 3440 45 3445 ·
162 3430 194 3478 ιι
212 3430 352 3493 Ps.71,1.
