2326 3818
264 159 268 165 ·
328 121 515 174 DEMONST.
533 121 667 173 EVANG.
687 122 719 170 V.
733 123 842 172 26-28.
994 119 1056 184 347

90 259 267 350 λεγόμενος
284 258 399 347 κάρτος
418 262 589 348 ἐπιτιμῶν,
606 254 681 329 ἄλλ’
702 261 817 349 ἑτέρου
836 259 1058 350 μνημονεύων

90 369 220 451 κυρίου.
254 359 298 431 δι’
317 352 365 431 τόν
374 359 520 449 ἡγοῦμαι
532 365 647 448 σαφῶς
661 367 888 450 παρίστασθαι
905 360 967 449 τὴν
980 364 1057 450 περὶ

89 467 157 533 τάν
176 461 236 532 δύο
254 470 399 553 κυρίων,
417 465 478 533 τοῦ
495 457 618 551 πατρός
635 463 691 531 καὶ
708 466 794 531 θεοῦ
811 468 880 532 τῶν
895 458 984 531 ὅλων
1001 465 1056 532 καὶ

89 568 150 634 τοῦ
166 561 249 652 μετά
265 562 324 635 τόν
341 566 468 653 πατέρα
484 562 547 651 τὴν
559 559 643 631 κατά
656 559 791 632 πάντων
804 566 872 633 τάν
885 566 1057 651 γεννητῶν

62 671 230 755 εκυρείαν
248 667 304 734 καὶ
322 671 520 735 δεσποτείαν
539 662 764 752 διειληφότος,
783 659 962 746 ἀπόδειξιν.

391 912 470 988 Ἀπὸ
489 921 549 986 τοῦ
567 924 756 1006 Μαλαχίου.
1071 939 1084 978 b

82 1044 134 1108 ίλς
146 1041 267 1114 άγγελον
286 1041 434 1124 διαθήκης
451 1041 501 1098 τὸν
500 1039 652 1127 Χριστόγ,
671 1040 721 1097 τόν
739 1039 829 1098 αὐτόν
841 1041 874 1099 δε
887 1045 937 1098 καλ
956 1041 1058 1110 κόριον

331 1110 345 1166 ὁ
359 1107 563 1180 παντοκράτωρ
577 1106 648 1172 θεὸς
660 1104 809 1166 άποκαλεῖ.

179 1250 305 1310 XXVlll.
335 1230 446 1307 “'1505
478 1232 766 1318 ἐξαποστέλλω
732 1264 791 1306 του
815 1233 957 1323 άγγελόν
980 1267 1057 1325 μου,

49 1366 76 1405 10
90 1340 146 1407 καὶ
164 1340 377 1424 ἐπιβλέψεται
399 1333 481 1406 ὁδόν
504 1333 568 1426 πρδ
587 1333 767 1425 προσώπου
784 1364 867 1424 μου,
897 1339 954 1406 καὶ
973 1341 1057 1420 ἐξαί-

89 1466 177 1526 φνης
193 1435 265 1526 ἥξει
283 1445 331 1520 είς
348 1435 406 1507 τόν
424 1434 507 1507 ναόν
524 1435 656 1527 κύριος,
674 1433 715 1506 δν
731 1435 827 1525 ὑμεῖς
846 1445 982 1525 ζητεῖτε,
1001 1440 1057 1506 καὶ

87 1535 105 1609 5
124 1536 262 1627 ἅγγελος
279 1545 338 1627 τῆς
357 1536 534 1627 διαθήκης,
552 1535 592 1607 ὃν
604 1535 700 1626 ὑμεῖς
717 1541 843 1609 θέλετε.
878 1538 953 1608 ίδού
967 1545 1082 1628 ἔρχεο

88 1669 159 1769 ται,
191 1643 279 1728 λέγει
310 1638 426 1729 κάρτος
449 1635 705 1729 παντοκράτωρ,
736 1642 857 1708 καλί
821 1647 872 1720 τίς
896 1634 1058 1729 ὑπομενεῖ

88 1741 217 1830 ἡμέραν
235 1739 368 1812 εἰσόδου
387 1736 531 1826 αὐτου;”

50 1870 76 1911 ιε
164 1848 194 1914 2.
211 1839 330 1932 ’Όμοια
353 1844 409 1913 καὶ
432 1845 535 1913 ταῦτα
552 1857 622 1924 τοῖς
639 1843 819 1930 προτέροις.
861 1842 975 1931 κύριος
993 1814 1057 1930 γάρ

88 1941 218 2026 αὐτόςὸ
236 1943 317 2026 θεός
329 1942 347 2014 ὁ
361 1941 598 2032 παντοκράτωρ
610 1938 703 2032 ηξειν
717 1945 866 2032 φησλνί
835 1970 850 2012 ε
865 1971 881 2023 ς
899 1940 957 2012 τόν
975 1940 1058 2014 ναόν

88 2042 192 2115 αὑτοῦ
209 2044 343 2135 κόριον,
362 2048 440 2135 περὶ
458 2048 574 2135 ἑτέρου
592 2047 717 2132 λέγων·
747 2050 845 2133 δηλοῖ
862 2041 939 2114 δέ”
917 2073 982 2133 αρα
999 2042 1058 2114 τόν

88 2145 172 2216 θεὸν
189 2144 298 2233 λόγον.
335 2145 416 2234 μετὰ
438 2148 536 2215 τοῦτο
560 2145 599 2219 δὲ
616 2148 672 2215 καὶ
690 2141 832 2233 άγγελον
857 2151 916 2233 τῆς
935 2145 1058 2234 διαθη-

89 2275 148 2334 κης
172 2244 342 2334 ὀνομάζει,
365 2244 405 2315 δν
427 2248 484 2315 καὶ
511 2242 610 2325 αὐτὸς
639 2241 657 2315 ὁ
684 2244 922 2335 παντοκράτωρ
946 2244 1059 2336 κύριος

47 2378 76 2416 εο
90 2349 341 2430 ἐξαποστέλλειν
361 2349 481 2415 ἑαυτοῦ
501 2344 565 2432 πρὸ
582 2345 764 2432 προσώπου
783 2345 934 2416 διδάσκει
951 2352 1059 2434 λέγων

85 2443 184 2518 “ίδού
210 2445 274 2536 ἐγοδ
294 2448 519 2530 ἐξαποστέλλω
544 2442 686 2532 άγγελόν
704 2474 769 2534 μου
795 2445 858 2533 πρό
877 2445 1059 2533 προσώπου

89 2545 188 2638 μου.”
222 2554 252 2618 3.
272 2546 331 2618 τόν
349 2544 452 2617 αὐτὸν
471 2547 509 2616 δέ
526 2550 662 2637 τούτου,
680 2543 721 2617 ὃν
734 2543 877 2635 άγγελόν
894 2574 960 2634 μου
977 2543 1060 2616 άπε-
1097 2605 1099 2609 .

88 2651 223 2738 κάλεσε,
254 2648 355 2720 πάλιν
381 2652 455 2737 ἑξῆς
478 2646 597 2736 κόριον
625 2643 777 2738 ὀνομάζει
795 2643 876 2717 “nal
901 2651 1087 2737 ἐξαίφνηςσ

87 2751 157 2838 ἥξει
175 2749 301 2841 κύριος,
320 2754 495 2839 ἐπιλέγων,
513 2747 605 2820 καὶὸ
623 2746 762 2839 άγγελος
779 2754 837 2837 τῆς
856 2746 1056 2839 διαθήκης.”

48 2878 76 2918 25
91 2855 150 2920 ἕνα
169 2852 206 2921 δὲ
224 2852 355 2922 καὶτὸν
373 2848 476 2922 αὐτὸν
494 2851 664 2942 προειπών
683 2855 833 2939 ἐπιφέρει
846 2846 946 2921 “5505
965 2859 1059 2940 ἐρχε-

88 2982 160 3040 ται,
184 2955 240 3022 καὶ
264 2961 312 3036 τίς
336 2948 501 3042 ὑπομενεῖ
521 2951 650 3043 ἡμέραν
674 2951 809 3022 εἰσόδου
827 2948 970 3038 αὐτοά;”
997 2951 1059 3041 την

90 3055 252 3145 δευτέραν
270 3057 326 3125 καί
345 3058 482 3138 ἔνδοξον
500 3061 691 3144 παρουσίαν
709 3051 813 3123 αὐτοῦ
832 3061 1014 3143 σημαίνων.
1041 3051 1058 3120 5

87 3161 192 3226 ταῦτα
211 3157 247 3226 δέ
270 3155 380 3227 πάντα
396 3162 566 3239 θεσπίζων
588 3151 704 3244 κύριός
729 3159 798 3224 ἐστι
820 3152 1059 3241 παντοκράτωρ

87 3255 105 3326 5
123 3264 191 3327 των
208 3256 297 3328 ὅλων
313 3255 405 3339 θεός.

157 3425 172 3472 9
190 3422 258 3476 Mal.
271 3427 296 3482 3,
312 3419 343 3472 1.'
