2326 3818
196 130 238 195 [34
586 126 734 178 ευευυιι

197 269 285 343 Κάιν
316 268 381 339 ἀπὸ
399 272 467 338 τῶν
490 270 628 357 καρπῶν
645 271 703 355 τῆς
726 272 788 355 γῆς
809 272 938 337 θυσίαν
960 270 1007 359 τῷ
1037 274 1147 362 κυρίην

197 375 253 442 καὶ
278 370 377 459 ’Ἅβελ
407 368 527 459 ἤνεγκε
551 371 606 438 καὶ
629 364 729 449 αὐτὸς
761 367 826 439 ἀπὸ
850 373 919 438 τῶν
941 366 1144 457 πρωτοτόκοι

196 481 265 544 τῶν
292 471 469 561 προβάτων
487 470 602 543 αὐτοῦ.
627 473 683 539 καί
702 474 835 541 ἐπεῖδεν
851 466 870 541 ὁ
889 468 969 551 θεὸς
990 471 1043 540 ἐπὶ
1060 466 1163 559 Ἀβει

197 578 252 646 καί
273 578 327 645 ἐπὶ
344 592 413 655 τοῖς
433 573 553 661 δῶροις
572 568 693 641 αὐτοῦ·
720 574 774 641 ἐπὶ
793 570 928 643 δὲΚάιν
946 574 1000 641 καὶ
1018 585 1129 653 ταίςθ

198 685 285 759 σίαις
303 675 407 747 αὐτοῦ
431 674 472 745 οὐ
491 672 704 764 προσίσχεν.”
740 678 769 744 ι’).
797 682 883 744 ἔνθα
908 672 950 761 δὴ
977 672 1160 763 ἐπιστήσε

81 844 92 863 x
198 775 242 861 ῶς
256 786 384 868 μᾶλλον
401 776 419 847 ὁ
439 774 653 869 ζῳοθυτήσας
667 773 849 855 ἀπόδεκτος
863 786 989 863 εἴρηται
1001 774 1092 865 παρά
1105 806 1139 847 τ

197 881 261 950 άπὸ
292 888 353 968 γῆς
383 876 637 966 προυαγαγόυτα
662 885 708 971 τῶ
734 884 805 970 θεῷ
824 876 885 965 την
908 884 1047 947 θυσίαν.
1108 906 1163 949 κα

199 989 278 1051 Νῶε
298 983 335 1049 δὲ
354 976 458 1060 εὐθύς
478 976 542 1049 ἀπὸ
560 977 696 1050 πάντων
712 986 781 1049 τῶν
799 985 931 1066 κτηνῶν
960 984 1029 1048 τῶν
1054 991 1150 1051 καθα

199 1089 269 1167 ρῶν
294 1085 349 1151 καὶ
374 1079 439 1152 ἀπὸ
464 1079 599 1151 πάντων
623 1088 691 1151 τῶν
715 1087 878 1151 πετεινῶν
901 1086 969 1150 τῶν
1001 1088 1146 1169 καθαρῶ

1 1208 3 1217 ·
80 1242 85 1263 .
198 1181 384 1272 ἀνήνεγκεν
407 1181 653 1272 ὁλοκαρπῶσεις
678 1184 731 1251 ἐπὶ
755 1180 791 1251 τό
814 1179 1076 1270 θυσιαστήριον,
1107 1210 1154 1253 κα

200 1284 389 1375 ῶσφράνθη
405 1285 519 1375 κύριος
537 1281 646 1373 ὀσμὴν
664 1279 817 1363 εὐωδίας.
845 1280 929 1353 ἀλλά
943 1286 998 1352 καὶ
1014 1280 1143 1372 Ἀβραά

198 1386 307 1470 θύσας
325 1386 593 1477 ἀναγέγραπται,
613 1382 698 1457 ῶστε
716 1382 798 1456 κατά
816 1382 877 1473 τὴν
894 1390 952 1473 τῆς
965 1391 1063 1466 θείας
1080 1414 1151 1473 γρα

145 1523 184 1574 (ω)
199 1496 265 1579 (γῆς
282 1499 470 1580 μαρτυρίαν
488 1488 625 1577 πρῶτην
643 1484 802 1558 ἁπάντων
818 1486 880 1574 τὴν
905 1485 960 1556 διά
985 1485 1078 1579 ζῴων
1112 1508 1118 1551 ὶ

197 1599 275 1662 σίαν
293 1595 530 1678 ε’πινενοὴσθαι
543 1606 611 1671 τοῖς
629 1589 730 1659 πάλαι
744 1592 926 1676 θεοφιλὲσι.
950 1594 980 1659 6.
994 1586 1117 1660 τούτου
1130 1596 1163 1661 δ,

197 1691 255 1762 τδν
280 1689 438 1780 λογισμῶν
460 1688 603 1780 ἡγοῦμαι
634 1690 718 1760 εἶναι
742 1689 782 1760 ού
806 1690 865 1761 τὸν
887 1687 1046 1779 τύχοντα,
1085 1689 1154 1761 οὐδ

198 1792 423 1881 ἀνθρωπίνως
442 1794 671 1881 κεκινημένον,
691 1791 774 1862 κατά
800 1798 900 1862 θείαν
925 1788 959 1861 δ’
986 1794 1147 1864 ἐπίπνοια

196 1891 480 1984 ὑποβεβλημένου.
518 1891 634 1982 ἐπειδὴ
652 1891 715 1982 γάρ
734 1893 864 1983 ἑῶρων,
890 1891 947 1962 άτε
964 1891 1022 1962 τὸν
1039 1891 1139 1983 τρόπ

199 1993 348 2084 εὐσεβεῖς
378 1999 434 2065 καί
465 1999 537 2088 θεῷ
560 1997 849 2089 προσμαειωμίνοι
877 2004 963 2088 θείῳ
994 2023 1030 2065 τε
1063 1995 1154 2067 τιν’

198 2126 276 2185 ματι
294 2096 351 2178 τάς
369 2095 478 2186 ψυχάς
496 2100 751 2186 πεφωτισμέυοι,
771 2094 916 2185 μεγάλης
934 2092 1047 2178 αὐτοῖς
1060 2108 1153 2188 θερα

199 2207 294 2279 πείας
312 2205 386 2268 δεῖν
405 2207 452 2279 είς
470 2195 705 2288 ἀποκάθαρσιν
724 2202 791 2269 τῶν
808 2203 946 2286 θνητῶν
968 2207 1148 2291 πλημμελη

198 2298 330 2392 μάτων,
350 2299 473 2389 λύτρον
490 2304 548 2389 τῆς
567 2301 679 2372 αὐτῶν
697 2307 861 2390 σωτηρίας
879 2304 924 2393 τῷ
943 2302 999 2369 καί
1013 2307 1095 2389 ζωῆς
1108 2330 1154 2375 κα

196 2409 305 2495 ψυχῆς
328 2411 459 2499 χορηγῷ
489 2412 773 2494 προσοφείλεσθαι
796 2401 950 2490 ἡγοῦντο.
995 2408 1023 2471 7.
1049 2410 1163 2475 ἔπειτ

197 2509 304 2596 μηδὲν
322 2524 472 2597 κρεῖττον
490 2509 546 2575 καί
559 2506 753 2594 τιμιῶτερον
766 2509 825 2592 τῆς
844 2510 967 2585 οἰκείας
979 2507 1087 2593 ψυχῆς
1105 2534 1152 2577 κα

170 2611 338 2695 οθιεροῦν
357 2615 486 2695 ἔχοντες
505 2605 580 2676 ἀντὶ
598 2605 720 2694 ταύτης
740 2608 820 2685 τέως
838 2604 899 2693 τὴν
919 2603 974 2674 διά
997 2608 1065 2675 τῶν
1083 2602 1149 2679 ἀλό

198 2736 269 2794 γων
287 2706 380 2799 ζῴων
397 2711 567 2794 προσῆγον
584 2715 722 2795 θυσίαν,
750 2714 809 2794 τῆς
827 2713 925 2796 σφῶν
942 2711 1050 2795 ψυχῆς
1069 2705 1153 2781 ἀντί

199 2824 290 2896 ψυχά
309 2816 595 2896 προσκομίζουτες·
614 2804 716 2879 οὐδὲν
740 2807 823 2877 κατά
840 2813 936 2878 τοῦτο
955 2818 1147 2898 πλημμελεῖ

199 2906 275 2977 οὐδ’
302 2907 433 2980 ἀδικεῖν
464 2906 662 3000 ἡγούμενοι,
686 2909 735 2980 ὅτι
759 2911 843 3001 μηδὲ
867 2915 907 3001 τῇ
930 2915 998 2980 τῶν
1024 2906 1148 3001 ἀνθρῶ

200 3037 273 3081 πων
291 3018 407 3101 λογικῇ
425 3014 480 3080 καὶ
507 3017 607 3105 νοερᾷ
631 3011 772 3102 δυνάμει
800 3019 1038 3100 παραπλησίαν
1076 3014 1163 3087 είνα

198 3112 261 3202 τὴν
278 3111 390 3203 ψυχὴν
413 3117 481 3183 τῶν
505 3112 637 3203 ἀλόγων
655 3112 891 3202 ἐπαιδεύοντο,
917 3111 998 3185 οὐδ’
1024 3110 1107 3186 ἀλλο
1131 3146 1163 3187 τι

200 3213 306 3304 αὐτὴν
324 3211 344 3303 ἢ
362 3214 398 3285 τὸ
417 3212 498 3306 αἷμα
517 3212 627 3287 αὐτῶν
647 3216 733 3288 εἶναι
751 3214 997 3307 μεμαθηκότες,
1023 3218 1080 3285 καλ
1098 3216 1140 3308 τὴ

202 3320 237 3385 ἐν
255 3321 301 3408 τῶ
319 3323 431 3406 αἵματι
449 3318 587 3407 ζωτικὴν
606 3316 768 3409 δύναμιν,
792 3315 811 3388 ὃ
835 3321 891 3387 καί
917 3321 1075 3407 παρέχειν
1100 3317 1147 3391 αύ

200 3415 289 3503 τούς,
308 3414 419 3506 ῶσπερ
434 3421 545 3509 ψυχὴν
556 3418 630 3490 ἀντὶ
649 3424 757 3509 ψυχῆς
774 3416 1002 3510 ἀναφέροντας
1019 3424 1065 3515 τῷ
1078 3431 1153 3518 θεῷ
