<?xml version="1.0" encoding="UTF-8"?>
<!DOCTYPE html PUBLIC "-//W3C//DTD XHTML 1.0 Transitional//EN"
    "http://www.w3.org/TR/xhtml1/DTD/xhtml1-transitional.dtd">
<html xmlns="http://www.w3.org/1999/xhtml" xml:lang="en" lang="en">
 <head>
  <title>
</title>
<meta http-equiv="Content-Type" content="text/html;charset=utf-8" />
  <meta name='ocr-system' content='tesseract 3.04.00' />
  <meta name='ocr-capabilities' content='ocr_page ocr_carea ocr_par ocr_line ocrx_word'/>
</head>
<body>
  <div class='ocr_page' id='page_1' title='image "./eusebiicaesarie01dindgoog_0149.png"; bbox 0 0 2326 3818; ppageno 0'>
   <div class='ocr_carea' id='block_1_1' title="bbox 115 110 668 174">
    <p class='ocr_par' dir='ltr' id='par_1_1' title="bbox 115 110 668 174">
     <span class='ocr_line' id='line_1_1' title="bbox 115 110 668 174; baseline 0.005 -14"><span class='ocrx_word' id='word_1_1' title='bbox 115 110 156 174; x_wconf 72' lang='grc' dir='ltr'><strong><em>ος</em></strong></span> <span class='ocrx_word' id='word_1_2' title='bbox 517 110 668 163; x_wconf 77' lang='grc' dir='ltr'><strong><em>Ευεευιι</em></strong></span> 
     </span>
    </p>
   </div>
   <div class='ocr_carea' id='block_1_2' title="bbox 60 247 1123 3294">
    <p class='ocr_par' dir='ltr' id='par_1_2' title="bbox 60 247 1123 3294">
     <span class='ocr_line' id='line_1_2' title="bbox 116 247 1082 344; baseline 0.002 -24"><span class='ocrx_word' id='word_1_3' title='bbox 116 249 240 320; x_wconf 87' lang='grc' dir='ltr'><strong><em>δοῦλόν</em></strong></span> <span class='ocrx_word' id='word_1_4' title='bbox 258 271 337 338; x_wconf 90' lang='grc' dir='ltr'><strong><em>σου,</em></strong></span> <span class='ocrx_word' id='word_1_5' title='bbox 358 252 518 339; x_wconf 77' lang='grc' dir='ltr'><em>δέσποτα,</em></span> <span class='ocrx_word' id='word_1_6' title='bbox 543 248 625 320; x_wconf 78' lang='grc' dir='ltr'><strong><em>κατὰ</em></strong></span> <span class='ocrx_word' id='word_1_7' title='bbox 648 247 685 321; x_wconf 83' lang='grc' dir='ltr'><strong><em>τό</em></strong></span> <span class='ocrx_word' id='word_1_8' title='bbox 704 247 792 340; x_wconf 71' lang='grc' dir='ltr'><strong><em>δήμῶ</em></strong></span> <span class='ocrx_word' id='word_1_9' title='bbox 810 272 872 322; x_wconf 91' lang='grc' dir='ltr'><strong><em>σου</em></strong></span> <span class='ocrx_word' id='word_1_10' title='bbox 890 254 928 322; x_wconf 81' lang='grc' dir='ltr'><strong><em>ἐν</em></strong></span> <span class='ocrx_word' id='word_1_11' title='bbox 946 250 1082 344; x_wconf 77' lang='grc' dir='ltr'><em>εἰρήνῃ·</em></span> 
     </span>
     <span class='ocr_line' id='line_1_3' title="bbox 60 347 1082 444; baseline 0.003 -23"><span class='ocrx_word' id='word_1_12' title='bbox 60 375 101 424; x_wconf 68' lang='grc' dir='ltr'><strong><em>ιιι)</em></strong></span> <span class='ocrx_word' id='word_1_13' title='bbox 116 349 166 422; x_wconf 85' lang='grc' dir='ltr'><strong><em>ὅτι</em></strong></span> <span class='ocrx_word' id='word_1_14' title='bbox 186 347 279 422; x_wconf 85' lang='grc' dir='ltr'><strong><em>εἶδον</em></strong></span> <span class='ocrx_word' id='word_1_15' title='bbox 297 358 332 422; x_wconf 76' lang='lat' dir='ltr'><strong><em>oc</em></strong></span> <span class='ocrx_word' id='word_1_16' title='bbox 346 348 521 442; x_wconf 82' lang='grc' dir='ltr'><strong><em>ὀφθαλμοί</em></strong></span> <span class='ocrx_word' id='word_1_17' title='bbox 541 381 606 442; x_wconf 95' lang='grc' dir='ltr'><strong><em>μου</em></strong></span> <span class='ocrx_word' id='word_1_18' title='bbox 623 350 660 422; x_wconf 82' lang='grc' dir='ltr'><strong><em>τὸ</em></strong></span> <span class='ocrx_word' id='word_1_19' title='bbox 678 350 844 444; x_wconf 82' lang='grc' dir='ltr'><strong><em>σωτήριόν</em></strong></span> <span class='ocrx_word' id='word_1_20' title='bbox 861 374 935 442; x_wconf 87' lang='grc' dir='ltr'><strong><em>σου,</em></strong></span> <span class='ocrx_word' id='word_1_21' title='bbox 952 350 971 424; x_wconf 87' lang='lat'><strong><em>6</em></strong></span> <span class='ocrx_word' id='word_1_22' title='bbox 989 352 1082 442; x_wconf 88' lang='grc' dir='ltr'><strong><em>ήτοί-</em></strong></span> 
     </span>
     <span class='ocr_line' id='line_1_4' title="bbox 115 449 1082 545; baseline 0.003 -23"><span class='ocrx_word' id='word_1_23' title='bbox 115 475 222 544; x_wconf 83' lang='grc' dir='ltr'><strong><em>μασας</em></strong></span> <span class='ocrx_word' id='word_1_24' title='bbox 246 452 329 522; x_wconf 81' lang='grc' dir='ltr'><strong><em>κατὰ</em></strong></span> <span class='ocrx_word' id='word_1_25' title='bbox 353 451 534 545; x_wconf 88' lang='grc' dir='ltr'><strong><em>πρόσωπον</em></strong></span> <span class='ocrx_word' id='word_1_26' title='bbox 557 451 694 525; x_wconf 83' lang='grc' dir='ltr'><strong><em>πόντων</em></strong></span> <span class='ocrx_word' id='word_1_27' title='bbox 717 449 786 525; x_wconf 91' lang='grc' dir='ltr'><strong><em>τῶν</em></strong></span> <span class='ocrx_word' id='word_1_28' title='bbox 809 459 919 543; x_wconf 90' lang='grc' dir='ltr'><strong><em>λαῶν,</em></strong></span> <span class='ocrx_word' id='word_1_29' title='bbox 944 461 1015 543; x_wconf 87' lang='grc' dir='ltr'><strong><em>φῶς</em></strong></span> <span class='ocrx_word' id='word_1_30' title='bbox 1033 462 1082 539; x_wconf 86' lang='grc' dir='ltr'><strong><em>εἰς</em></strong></span> 
     </span>
     <span class='ocr_line' id='line_1_5' title="bbox 116 551 1082 645; baseline 0.003 -21"><span class='ocrx_word' id='word_1_31' title='bbox 116 551 328 640; x_wconf 77' lang='grc' dir='ltr'><em>ἀποκάλυψιν</em></span> <span class='ocrx_word' id='word_1_32' title='bbox 353 559 473 627; x_wconf 80' lang='grc' dir='ltr'><strong><em>ἐθνῶν.</em></strong></span> <span class='ocrx_word' id='word_1_33' title='bbox 522 553 602 626; x_wconf 85' lang='grc' dir='ltr'><strong><em>αῦτῦ</em></strong></span> <span class='ocrx_word' id='word_1_34' title='bbox 627 560 712 644; x_wconf 84' lang='grc' dir='ltr'><strong><em>γοῦν</em></strong></span> <span class='ocrx_word' id='word_1_35' title='bbox 734 553 771 626; x_wconf 86' lang='grc' dir='ltr'><strong><em>τὸ</em></strong></span> <span class='ocrx_word' id='word_1_36' title='bbox 795 555 960 645; x_wconf 87' lang='grc' dir='ltr'><strong><em>σωτήριον</em></strong></span> <span class='ocrx_word' id='word_1_37' title='bbox 982 559 1038 626; x_wconf 90' lang='grc' dir='ltr'><strong><em>καί</em></strong></span> <span class='ocrx_word' id='word_1_38' title='bbox 1063 554 1082 628; x_wconf 88' lang='grc' dir='ltr'>ὁ</span> 
     </span>
     <span class='ocr_line' id='line_1_6' title="bbox 60 652 1110 752; baseline 0.005 -27"><span class='ocrx_word' id='word_1_39' title='bbox 60 718 62 725; x_wconf 95' lang='grc'>.</span> <span class='ocrx_word' id='word_1_40' title='bbox 116 655 295 752; x_wconf 67' lang='grc' dir='ltr'><strong><em>ηναλμμδὸς</em></strong></span> <span class='ocrx_word' id='word_1_41' title='bbox 323 655 444 747; x_wconf 84' lang='grc' dir='ltr'><strong><em>ἐδήλου</em></strong></span> <span class='ocrx_word' id='word_1_42' title='bbox 474 659 584 745; x_wconf 81' lang='grc' dir='ltr'><strong><em>λέγων</em></strong></span> <span class='ocrx_word' id='word_1_43' title='bbox 602 652 786 747; x_wconf 35' lang='grc' dir='ltr'><strong><em>’(ἐγνῶρισε</em></strong></span> <span class='ocrx_word' id='word_1_44' title='bbox 811 655 925 749; x_wconf 83' lang='grc' dir='ltr'><strong><em>κύριος</em></strong></span> <span class='ocrx_word' id='word_1_45' title='bbox 952 655 988 728; x_wconf 86' lang='grc' dir='ltr'><strong><em>τό</em></strong></span> <span class='ocrx_word' id='word_1_46' title='bbox 1013 682 1110 731; x_wconf 78' lang='grc' dir='ltr'><strong><em>σοι-ε</em></strong></span> 
     </span>
     <span class='ocr_line' id='line_1_7' title="bbox 114 755 1084 850; baseline 0.002 -21"><span class='ocrx_word' id='word_1_47' title='bbox 114 757 229 849; x_wconf 89' lang='grc' dir='ltr'><strong><em>τήριον</em></strong></span> <span class='ocrx_word' id='word_1_48' title='bbox 254 757 376 846; x_wconf 85' lang='grc' dir='ltr'><strong><em>αὐτοῦ,</em></strong></span> <span class='ocrx_word' id='word_1_49' title='bbox 406 761 558 830; x_wconf 79' lang='grc' dir='ltr'><strong><em>ἐναντίον</em></strong></span> <span class='ocrx_word' id='word_1_50' title='bbox 580 763 649 829; x_wconf 89' lang='grc' dir='ltr'><strong><em>τῶν</em></strong></span> <span class='ocrx_word' id='word_1_51' title='bbox 673 762 786 830; x_wconf 81' lang='grc' dir='ltr'><strong><em>ἐθνῶν</em></strong></span> <span class='ocrx_word' id='word_1_52' title='bbox 809 755 1003 843; x_wconf 79' lang='grc' dir='ltr'><strong><em>όπεκάλυψε</em></strong></span> <span class='ocrx_word' id='word_1_53' title='bbox 1020 760 1084 850; x_wconf 84' lang='grc' dir='ltr'><strong><em>τήν</em></strong></span> 
     </span>
     <span class='ocr_line' id='line_1_8' title="bbox 117 855 1079 948; baseline 0.003 -19"><span class='ocrx_word' id='word_1_54' title='bbox 117 857 335 948; x_wconf 82' lang='grc' dir='ltr'><strong><em>δικαιοσύνην</em></strong></span> <span class='ocrx_word' id='word_1_55' title='bbox 353 855 490 930; x_wconf 85' lang='grc' dir='ltr'><strong><em>αῦτοῦ.”</em></strong></span> <span class='ocrx_word' id='word_1_56' title='bbox 514 864 565 931; x_wconf 83' lang='lat'><strong><em>38.</em></strong></span> <span class='ocrx_word' id='word_1_57' title='bbox 585 860 736 930; x_wconf 81' lang='grc' dir='ltr'><strong><em>καὶκατὰ</em></strong></span> <span class='ocrx_word' id='word_1_58' title='bbox 753 860 812 931; x_wconf 85' lang='grc' dir='ltr'><strong><em>τὸν</em></strong></span> <span class='ocrx_word' id='word_1_59' title='bbox 826 855 967 933; x_wconf 82' lang='grc' dir='ltr'><strong><em>Ἡσαΐαν</em></strong></span> <span class='ocrx_word' id='word_1_60' title='bbox 984 860 1079 932; x_wconf 85' lang='grc' dir='ltr'><strong><em>τοῦτ’</em></strong></span> 
     </span>
     <span class='ocr_line' id='line_1_9' title="bbox 116 958 1084 1053; baseline 0.002 -22"><span class='ocrx_word' id='word_1_61' title='bbox 116 960 197 1032; x_wconf 81' lang='grc' dir='ltr'><strong><em>αὐτὸ</em></strong></span> <span class='ocrx_word' id='word_1_62' title='bbox 216 960 252 1031; x_wconf 81' lang='grc' dir='ltr'><strong><em>τό</em></strong></span> <span class='ocrx_word' id='word_1_63' title='bbox 271 958 435 1050; x_wconf 88' lang='grc' dir='ltr'><strong><em>σωτήριον</em></strong></span> <span class='ocrx_word' id='word_1_64' title='bbox 453 958 581 1042; x_wconf 78' lang='grc' dir='ltr'><strong><em>ἰδόντες</em></strong></span> <span class='ocrx_word' id='word_1_65' title='bbox 599 960 721 1043; x_wconf 81' lang='grc' dir='ltr'><strong><em>κιόντες</em></strong></span> <span class='ocrx_word' id='word_1_66' title='bbox 738 959 914 1052; x_wconf 79' lang='grc' dir='ltr'><strong><em>ἄνθρωποι</em></strong></span> <span class='ocrx_word' id='word_1_67' title='bbox 932 988 1084 1053; x_wconf 88' lang='grc' dir='ltr'><strong><em>προσκυ-</em></strong></span> 
     </span>
     <span class='ocr_line' id='line_1_10' title="bbox 114 1060 1082 1158; baseline 0 -24"><span class='ocrx_word' id='word_1_68' title='bbox 114 1061 232 1150; x_wconf 88' lang='grc' dir='ltr'><strong><em>νήσειν</em></strong></span> <span class='ocrx_word' id='word_1_69' title='bbox 250 1067 402 1151; x_wconf 82' lang='grc' dir='ltr'><strong><em>λέγονται</em></strong></span> <span class='ocrx_word' id='word_1_70' title='bbox 418 1067 464 1157; x_wconf 76' lang='grc' dir='ltr'><strong><em>τῷ</em></strong></span> <span class='ocrx_word' id='word_1_71' title='bbox 478 1067 546 1134; x_wconf 85' lang='grc' dir='ltr'><strong><em>τῶν</em></strong></span> <span class='ocrx_word' id='word_1_72' title='bbox 562 1061 651 1134; x_wconf 82' lang='grc' dir='ltr'><strong><em>ὅλων</em></strong></span> <span class='ocrx_word' id='word_1_73' title='bbox 664 1067 738 1158; x_wconf 75' lang='grc' dir='ltr'><strong><em>θεῷ</em></strong></span> <span class='ocrx_word' id='word_1_74' title='bbox 749 1060 786 1135; x_wconf 86' lang='grc' dir='ltr'><strong><em>τό</em></strong></span> <span class='ocrx_word' id='word_1_75' title='bbox 800 1062 964 1155; x_wconf 88' lang='grc' dir='ltr'><strong><em>σωτήριον</em></strong></span> <span class='ocrx_word' id='word_1_76' title='bbox 977 1060 1082 1154; x_wconf 78' lang='grc' dir='ltr'><strong><em>αὐτοῦ</em></strong></span> 
     </span>
     <span class='ocr_line' id='line_1_11' title="bbox 114 1159 1123 1260; baseline 0.004 -27"><span class='ocrx_word' id='word_1_77' title='bbox 114 1180 182 1246; x_wconf 82' lang='grc' dir='ltr'><strong><em>τοῖς</em></strong></span> <span class='ocrx_word' id='word_1_78' title='bbox 198 1167 301 1234; x_wconf 84' lang='grc' dir='ltr'><strong><em>πᾶσιν</em></strong></span> <span class='ocrx_word' id='word_1_79' title='bbox 318 1159 479 1253; x_wconf 72' lang='grc' dir='ltr'><strong><em>ἀφθόνως</em></strong></span> <span class='ocrx_word' id='word_1_80' title='bbox 497 1167 739 1260; x_wconf 80' lang='grc' dir='ltr'><strong><em>κεχαρισμένῳ·</em></strong></span> <span class='ocrx_word' id='word_1_81' title='bbox 764 1168 820 1236; x_wconf 83' lang='grc' dir='ltr'><strong><em>καὶ</em></strong></span> <span class='ocrx_word' id='word_1_82' title='bbox 833 1164 1083 1256; x_wconf 74' lang='grc' dir='ltr'><strong><em>προσκυνήσειν</em></strong></span> <span class='ocrx_word' id='word_1_83' title='bbox 1096 1195 1123 1237; x_wconf 85' lang='grc' dir='ltr'><strong><em>ιο</em></strong></span> 
     </span>
     <span class='ocr_line' id='line_1_12' title="bbox 114 1261 1083 1360; baseline 0.003 -24"><span class='ocrx_word' id='word_1_84' title='bbox 114 1295 154 1354; x_wconf 75' lang='grc' dir='ltr'><strong><em>γε</em></strong></span> <span class='ocrx_word' id='word_1_85' title='bbox 171 1261 260 1360; x_wconf 79' lang='grc' dir='ltr'><strong><em>αὐτῷ</em></strong></span> <span class='ocrx_word' id='word_1_86' title='bbox 279 1261 340 1337; x_wconf 89' lang='grc' dir='ltr'><strong><em>οῦκ</em></strong></span> <span class='ocrx_word' id='word_1_87' title='bbox 359 1269 413 1337; x_wconf 78' lang='grc' dir='ltr'><strong><em>ἐπὶ</em></strong></span> <span class='ocrx_word' id='word_1_88' title='bbox 430 1270 488 1356; x_wconf 83' lang='grc' dir='ltr'><strong><em>της</em></strong></span> <span class='ocrx_word' id='word_1_89' title='bbox 510 1264 599 1337; x_wconf 75' lang='grc' dir='ltr'><strong><em>καίτοι</em></strong></span> <span class='ocrx_word' id='word_1_90' title='bbox 613 1262 828 1358; x_wconf 76' lang='grc' dir='ltr'><strong><em>Ἰερουσαλήμ</em></strong></span> <span class='ocrx_word' id='word_1_91' title='bbox 846 1273 904 1356; x_wconf 80' lang='grc' dir='ltr'><strong><em>τῆς</em></strong></span> <span class='ocrx_word' id='word_1_92' title='bbox 921 1269 1003 1339; x_wconf 81' lang='grc' dir='ltr'><strong><em>κατὰ</em></strong></span> <span class='ocrx_word' id='word_1_93' title='bbox 1020 1269 1083 1358; x_wconf 83' lang='grc' dir='ltr'><strong><em>τὴν</em></strong></span> 
     </span>
     <span class='ocr_line' id='line_1_13' title="bbox 114 1365 1085 1459; baseline 0.003 -21"><span class='ocrx_word' id='word_1_94' title='bbox 114 1375 366 1458; x_wconf 79' lang='grc' dir='ltr'><strong><em>Παλαιστίνην,</em></strong></span> <span class='ocrx_word' id='word_1_95' title='bbox 385 1367 457 1439; x_wconf 76' lang='grc' dir='ltr'><strong><em>ἀλλ’</em></strong></span> <span class='ocrx_word' id='word_1_96' title='bbox 481 1372 620 1441; x_wconf 76' lang='grc' dir='ltr'><strong><em>ἕκαστον</em></strong></span> <span class='ocrx_word' id='word_1_97' title='bbox 639 1371 675 1439; x_wconf 77' lang='grc' dir='ltr'><strong><em>ἐκ</em></strong></span> <span class='ocrx_word' id='word_1_98' title='bbox 692 1367 873 1440; x_wconf 83' lang='grc' dir='ltr'><strong><em>τοῦκόπου</em></strong></span> <span class='ocrx_word' id='word_1_99' title='bbox 892 1365 1007 1459; x_wconf 79' lang='grc' dir='ltr'><strong><em>αὐτοῦ,</em></strong></span> <span class='ocrx_word' id='word_1_100' title='bbox 1026 1373 1085 1442; x_wconf 81' lang='grc' dir='ltr'><strong><em>καὶ</em></strong></span> 
     </span>
     <span class='ocr_line' id='line_1_14' title="bbox 87 1468 1082 1560; baseline 0.005 -22"><span class='ocrx_word' id='word_1_101' title='bbox 87 1469 241 1552; x_wconf 71' lang='grc' dir='ltr'><strong><em>σπῶντας</em></strong></span> <span class='ocrx_word' id='word_1_102' title='bbox 271 1468 349 1552; x_wconf 86' lang='grc' dir='ltr'><strong><em>τοῦς</em></strong></span> <span class='ocrx_word' id='word_1_103' title='bbox 381 1475 417 1541; x_wconf 82' lang='grc' dir='ltr'><strong><em>ἐν</em></strong></span> <span class='ocrx_word' id='word_1_104' title='bbox 446 1487 518 1552; x_wconf 83' lang='grc' dir='ltr'><strong><em>ταῖς</em></strong></span> <span class='ocrx_word' id='word_1_105' title='bbox 545 1469 659 1560; x_wconf 79' lang='grc' dir='ltr'><strong><em>νήσοις</em></strong></span> <span class='ocrx_word' id='word_1_106' title='bbox 688 1474 756 1542; x_wconf 87' lang='grc' dir='ltr'><strong><em>τῶν</em></strong></span> <span class='ocrx_word' id='word_1_107' title='bbox 780 1475 908 1542; x_wconf 82' lang='grc' dir='ltr'><strong><em>ἐθνῶν·</em></strong></span> <span class='ocrx_word' id='word_1_108' title='bbox 944 1469 999 1541; x_wconf 83' lang='grc' dir='ltr'><strong><em>ὅτε</em></strong></span> <span class='ocrx_word' id='word_1_109' title='bbox 1024 1475 1082 1543; x_wconf 77' lang='grc' dir='ltr'><strong><em>καὶ</em></strong></span> 
     </span>
     <span class='ocr_line' id='line_1_15' title="bbox 115 1570 1083 1662; baseline 0.003 -20"><span class='ocrx_word' id='word_1_110' title='bbox 115 1571 374 1662; x_wconf 80' lang='grc' dir='ltr'><strong><em>πληρωθήσεται</em></strong></span> <span class='ocrx_word' id='word_1_111' title='bbox 397 1570 433 1642; x_wconf 85' lang='grc' dir='ltr'><strong><em>τό</em></strong></span> <span class='ocrx_word' id='word_1_112' title='bbox 458 1571 589 1662; x_wconf 79' lang='grc' dir='ltr'><strong><em>φάσκον</em></strong></span> <span class='ocrx_word' id='word_1_113' title='bbox 612 1571 726 1661; x_wconf 83' lang='grc' dir='ltr'><strong><em>λόγιον</em></strong></span> <span class='ocrx_word' id='word_1_114' title='bbox 745 1577 978 1644; x_wconf 80' lang='grc' dir='ltr'><strong><em>ἐπικαλεῖσθαι</em></strong></span> <span class='ocrx_word' id='word_1_115' title='bbox 995 1571 1083 1645; x_wconf 78' lang='grc' dir='ltr'><strong><em>ποίν-</em></strong></span> 
     </span>
     <span class='ocr_line' id='line_1_16' title="bbox 114 1669 1122 1769; baseline 0.001 -26"><span class='ocrx_word' id='word_1_116' title='bbox 114 1703 172 1754; x_wconf 86' lang='grc' dir='ltr'><strong><em>τας</em></strong></span> <span class='ocrx_word' id='word_1_117' title='bbox 189 1669 393 1762; x_wconf 74' lang='grc' dir='ltr'><strong><em>ἀνθρώπους</em></strong></span> <span class='ocrx_word' id='word_1_118' title='bbox 416 1671 478 1744; x_wconf 87' lang='grc' dir='ltr'><strong><em>οὐκ</em></strong></span> <span class='ocrx_word' id='word_1_119' title='bbox 501 1681 548 1744; x_wconf 76' lang='grc' dir='ltr'><strong><em>ἔτι</em></strong></span> <span class='ocrx_word' id='word_1_120' title='bbox 575 1674 653 1756; x_wconf 83' lang='grc' dir='ltr'><strong><em>τοὺς</em></strong></span> <span class='ocrx_word' id='word_1_121' title='bbox 670 1673 843 1769; x_wconf 74' lang='grc' dir='ltr'><strong><em>πατρῴους</em></strong></span> <span class='ocrx_word' id='word_1_122' title='bbox 860 1673 981 1763; x_wconf 83' lang='grc' dir='ltr'><strong><em>θεοὺς,</em></strong></span> <span class='ocrx_word' id='word_1_123' title='bbox 999 1671 1082 1748; x_wconf 76' lang='grc' dir='ltr'><strong><em>οῦδὲ</em></strong></span> <span class='ocrx_word' id='word_1_124' title='bbox 1095 1702 1122 1744; x_wconf 82' lang='grc' dir='ltr'><strong><em>ιε</em></strong></span> 
     </span>
     <span class='ocr_line' id='line_1_17' title="bbox 114 1771 1083 1869; baseline 0.004 -25"><span class='ocrx_word' id='word_1_125' title='bbox 114 1773 154 1844; x_wconf 80' lang='grc' dir='ltr'><strong><em>τὰ</em></strong></span> <span class='ocrx_word' id='word_1_126' title='bbox 174 1780 297 1844; x_wconf 84' lang='grc' dir='ltr'><strong><em>εἰδωλα</em></strong></span> <span class='ocrx_word' id='word_1_127' title='bbox 315 1777 370 1844; x_wconf 88' lang='grc' dir='ltr'><strong><em>καί</em></strong></span> <span class='ocrx_word' id='word_1_128' title='bbox 388 1772 465 1856; x_wconf 88' lang='grc' dir='ltr'><strong><em>τοῦς</em></strong></span> <span class='ocrx_word' id='word_1_129' title='bbox 480 1781 651 1865; x_wconf 88' lang='grc' dir='ltr'><strong><em>δαίμονας,</em></strong></span> <span class='ocrx_word' id='word_1_130' title='bbox 670 1771 754 1846; x_wconf 79' lang='grc' dir='ltr'><strong><em>ῶλλῦι</em></strong></span> <span class='ocrx_word' id='word_1_131' title='bbox 773 1773 810 1847; x_wconf 82' lang='grc' dir='ltr'><strong><em>τό</em></strong></span> <span class='ocrx_word' id='word_1_132' title='bbox 824 1773 929 1865; x_wconf 84' lang='grc' dir='ltr'><strong><em>ὄνομα</em></strong></span> <span class='ocrx_word' id='word_1_133' title='bbox 948 1785 1083 1869; x_wconf 86' lang='grc' dir='ltr'><strong><em>κυρίου,</em></strong></span> 
     </span>
     <span class='ocr_line' id='line_1_18' title="bbox 115 1871 1084 1971; baseline 0.004 -25"><span class='ocrx_word' id='word_1_134' title='bbox 115 1880 170 1946; x_wconf 85' lang='grc' dir='ltr'><strong><em>καὶ</em></strong></span> <span class='ocrx_word' id='word_1_135' title='bbox 189 1873 364 1947; x_wconf 78' lang='grc' dir='ltr'><strong><em>δουλεύειν</em></strong></span> <span class='ocrx_word' id='word_1_136' title='bbox 387 1871 479 1971; x_wconf 71' lang='grc' dir='ltr'><strong><em>αῦτςῦ</em></strong></span> <span class='ocrx_word' id='word_1_137' title='bbox 500 1874 565 1946; x_wconf 84' lang='grc' dir='ltr'><strong><em>ῦπό</em></strong></span> <span class='ocrx_word' id='word_1_138' title='bbox 588 1875 688 1966; x_wconf 77' lang='grc' dir='ltr'><strong><em>ζυγὸν</em></strong></span> <span class='ocrx_word' id='word_1_139' title='bbox 712 1881 788 1967; x_wconf 76' lang='grc' dir='ltr'><strong><em>ἕνα,</em></strong></span> <span class='ocrx_word' id='word_1_140' title='bbox 815 1880 850 1947; x_wconf 86' lang='grc' dir='ltr'><strong><em>ἰκ</em></strong></span> <span class='ocrx_word' id='word_1_141' title='bbox 873 1875 1027 1971; x_wconf 77' lang='grc' dir='ltr'><strong><em>περάτων</em></strong></span> <span class='ocrx_word' id='word_1_142' title='bbox 1044 1906 1084 1950; x_wconf 89' lang='grc' dir='ltr'><strong><em>τε</em></strong></span> 
     </span>
     <span class='ocr_line' id='line_1_19' title="bbox 114 1976 1084 2074; baseline 0.003 -27"><span class='ocrx_word' id='word_1_143' title='bbox 114 1982 271 2065; x_wconf 76' lang='grc' dir='ltr'><strong><em>ποταμῶν</em></strong></span> <span class='ocrx_word' id='word_1_144' title='bbox 289 1983 472 2060; x_wconf 81' lang='grc' dir='ltr'><strong><em>Αἰθιοπίας</em></strong></span> <span class='ocrx_word' id='word_1_145' title='bbox 491 1985 730 2069; x_wconf 86' lang='grc' dir='ltr'><strong><em>προσοίσουσιν</em></strong></span> <span class='ocrx_word' id='word_1_146' title='bbox 753 1977 843 2074; x_wconf 75' lang='grc' dir='ltr'><strong><em>αὐτῷ</em></strong></span> <span class='ocrx_word' id='word_1_147' title='bbox 865 1976 922 2062; x_wconf 77' lang='grc' dir='ltr'><strong><em>τοίς</em></strong></span> <span class='ocrx_word' id='word_1_148' title='bbox 947 1980 1084 2069; x_wconf 76' lang='grc' dir='ltr'><strong><em>λογικὰς</em></strong></span> 
     </span>
     <span class='ocr_line' id='line_1_20' title="bbox 114 2075 1082 2170; baseline 0.003 -21"><span class='ocrx_word' id='word_1_149' title='bbox 114 2081 170 2149; x_wconf 87' lang='grc' dir='ltr'><strong><em>καί</em></strong></span> <span class='ocrx_word' id='word_1_150' title='bbox 188 2075 350 2168; x_wconf 83' lang='grc' dir='ltr'><strong><em>ῶναίμονς</em></strong></span> <span class='ocrx_word' id='word_1_151' title='bbox 364 2085 487 2160; x_wconf 84' lang='grc' dir='ltr'><strong><em>θυσίας</em></strong></span> <span class='ocrx_word' id='word_1_152' title='bbox 502 2077 557 2149; x_wconf 78' lang='grc' dir='ltr'><strong><em>διοί</em></strong></span> <span class='ocrx_word' id='word_1_153' title='bbox 569 2083 627 2170; x_wconf 79' lang='grc' dir='ltr'><strong><em>τῆς</em></strong></span> <span class='ocrx_word' id='word_1_154' title='bbox 641 2086 700 2151; x_wconf 87' lang='grc' dir='ltr'><strong><em>τοῦ</em></strong></span> <span class='ocrx_word' id='word_1_155' title='bbox 713 2085 861 2170; x_wconf 75' lang='grc' dir='ltr'><strong><em>Χριστοῦ</em></strong></span> <span class='ocrx_word' id='word_1_156' title='bbox 873 2086 991 2169; x_wconf 82' lang='grc' dir='ltr'><strong><em>καινῆς</em></strong></span> <span class='ocrx_word' id='word_1_157' title='bbox 1009 2089 1082 2152; x_wconf 89' lang='grc' dir='ltr'><strong><em>δια·</em></strong></span> 
     </span>
     <span class='ocr_line' id='line_1_21' title="bbox 114 2176 1123 2279; baseline 0.003 -29"><span class='ocrx_word' id='word_1_158' title='bbox 114 2177 242 2270; x_wconf 83' lang='grc' dir='ltr'><strong><em>θήκης,</em></strong></span> <span class='ocrx_word' id='word_1_159' title='bbox 266 2176 328 2251; x_wconf 84' lang='grc' dir='ltr'><strong><em>οῦκ</em></strong></span> <span class='ocrx_word' id='word_1_160' title='bbox 352 2183 407 2250; x_wconf 82' lang='grc' dir='ltr'><strong><em>ἐπὶ</em></strong></span> <span class='ocrx_word' id='word_1_161' title='bbox 432 2185 490 2271; x_wconf 85' lang='grc' dir='ltr'><strong><em>τής</em></strong></span> <span class='ocrx_word' id='word_1_162' title='bbox 513 2180 601 2253; x_wconf 81' lang='grc' dir='ltr'><strong><em>κόπω</em></strong></span> <span class='ocrx_word' id='word_1_163' title='bbox 615 2181 851 2273; x_wconf 76' lang='grc' dir='ltr'><strong><em>Ἰερουσαλήμ,</em></strong></span> <span class='ocrx_word' id='word_1_164' title='bbox 875 2179 951 2254; x_wconf 78' lang='grc' dir='ltr'><strong><em>οὐδ’</em></strong></span> <span class='ocrx_word' id='word_1_165' title='bbox 979 2188 1016 2254; x_wconf 80' lang='grc' dir='ltr'><strong><em>ἐν</em></strong></span> <span class='ocrx_word' id='word_1_166' title='bbox 1033 2188 1081 2279; x_wconf 78' lang='grc' dir='ltr'><strong><em>τῷ</em></strong></span> <span class='ocrx_word' id='word_1_167' title='bbox 1095 2211 1123 2253; x_wconf 81' lang='grc' dir='ltr'><strong><em>ιο</em></strong></span> 
     </span>
     <span class='ocr_line' id='line_1_22' title="bbox 114 2280 1082 2378; baseline 0.005 -26"><span class='ocrx_word' id='word_1_168' title='bbox 114 2280 196 2373; x_wconf 87' lang='grc' dir='ltr'><strong><em>πρός</em></strong></span> <span class='ocrx_word' id='word_1_169' title='bbox 213 2281 317 2375; x_wconf 86' lang='grc' dir='ltr'><strong><em>ταῦτη</em></strong></span> <span class='ocrx_word' id='word_1_170' title='bbox 342 2290 590 2378; x_wconf 79' lang='grc' dir='ltr'><strong><em>θυσιαστηρίῳ,</em></strong></span> <span class='ocrx_word' id='word_1_171' title='bbox 617 2282 690 2354; x_wconf 79' lang='grc' dir='ltr'><strong><em>ἀλλ’</em></strong></span> <span class='ocrx_word' id='word_1_172' title='bbox 718 2288 753 2354; x_wconf 86' lang='grc' dir='ltr'><strong><em>ἐν</em></strong></span> <span class='ocrx_word' id='word_1_173' title='bbox 771 2302 839 2366; x_wconf 84' lang='grc' dir='ltr'><strong><em>τοῖς</em></strong></span> <span class='ocrx_word' id='word_1_174' title='bbox 864 2287 1082 2375; x_wconf 84' lang='grc' dir='ltr'><strong><em>δηλουμένοις</em></strong></span> 
     </span>
     <span class='ocr_line' id='line_1_23' title="bbox 84 2383 1082 2477; baseline 0.008 -27"><span class='ocrx_word' id='word_1_175' title='bbox 84 2387 234 2476; x_wconf 73' lang='grc' dir='ltr'><strong><em>τκίρασι</em></strong></span> <span class='ocrx_word' id='word_1_176' title='bbox 257 2390 314 2476; x_wconf 85' lang='grc' dir='ltr'><strong><em>τής</em></strong></span> <span class='ocrx_word' id='word_1_177' title='bbox 338 2393 520 2469; x_wconf 85' lang='grc' dir='ltr'><strong><em>Αἰθιοπίας</em></strong></span> <span class='ocrx_word' id='word_1_178' title='bbox 547 2383 867 2477; x_wconf 79' lang='grc' dir='ltr'><strong><em>ῶνευεχθησομίνας.</em></strong></span> <span class='ocrx_word' id='word_1_179' title='bbox 909 2391 960 2457; x_wconf 83' lang='grc'><strong><em>39.</em></strong></span> <span class='ocrx_word' id='word_1_180' title='bbox 987 2394 1018 2456; x_wconf 90' lang='grc' dir='ltr'><strong><em>εἰ</em></strong></span> <span class='ocrx_word' id='word_1_181' title='bbox 1042 2387 1082 2458; x_wconf 68' lang='grc' dir='ltr'><strong><em>δὲ</em></strong></span> 
     </span>
     <span class='ocr_line' id='line_1_24' title="bbox 112 2487 1082 2580; baseline 0.001 -21"><span class='ocrx_word' id='word_1_182' title='bbox 112 2491 168 2559; x_wconf 84' lang='grc' dir='ltr'><strong><em>καί</em></strong></span> <span class='ocrx_word' id='word_1_183' title='bbox 185 2491 269 2579; x_wconf 77' lang='grc' dir='ltr'><strong><em>μέγα</em></strong></span> <span class='ocrx_word' id='word_1_184' title='bbox 287 2496 322 2560; x_wconf 88' lang='grc' dir='ltr'><strong><em>τί</em></strong></span> <span class='ocrx_word' id='word_1_185' title='bbox 337 2491 426 2560; x_wconf 79' lang='grc' dir='ltr'><strong><em>ἐστιν</em></strong></span> <span class='ocrx_word' id='word_1_186' title='bbox 440 2487 521 2559; x_wconf 89' lang='grc' dir='ltr'><strong><em>λαὸν</em></strong></span> <span class='ocrx_word' id='word_1_187' title='bbox 540 2489 631 2561; x_wconf 89' lang='grc' dir='ltr'><strong><em>εἰναί</em></strong></span> <span class='ocrx_word' id='word_1_188' title='bbox 641 2517 676 2559; x_wconf 88' lang='grc' dir='ltr'><strong><em>τε</em></strong></span> <span class='ocrx_word' id='word_1_189' title='bbox 689 2491 745 2558; x_wconf 88' lang='grc' dir='ltr'><strong><em>καί</em></strong></span> <span class='ocrx_word' id='word_1_190' title='bbox 759 2494 969 2578; x_wconf 80' lang='grc' dir='ltr'><strong><em>χρηματίζειν</em></strong></span> <span class='ocrx_word' id='word_1_191' title='bbox 983 2493 1082 2580; x_wconf 89' lang='grc' dir='ltr'><strong><em>θεοῦ,</em></strong></span> 
     </span>
     <span class='ocr_line' id='line_1_25' title="bbox 112 2593 1082 2682; baseline 0.002 -23"><span class='ocrx_word' id='word_1_192' title='bbox 112 2593 206 2660; x_wconf 77' lang='grc' dir='ltr'><strong><em>καί“</em></strong></span> <span class='ocrx_word' id='word_1_193' title='bbox 187 2619 223 2660; x_wconf 82' lang='grc' dir='ltr'><strong><em>εν</em></strong></span> <span class='ocrx_word' id='word_1_194' title='bbox 240 2620 279 2679; x_wconf 77' lang='grc' dir='ltr'><strong><em>γε</em></strong></span> <span class='ocrx_word' id='word_1_195' title='bbox 297 2595 394 2661; x_wconf 86' lang='grc' dir='ltr'><strong><em>τοῦτο</em></strong></span> <span class='ocrx_word' id='word_1_196' title='bbox 406 2596 474 2682; x_wconf 88' lang='grc' dir='ltr'><strong><em>τῶν</em></strong></span> <span class='ocrx_word' id='word_1_197' title='bbox 486 2597 720 2678; x_wconf 82' lang='grc' dir='ltr'><strong><em>μεγίστωνθεί</em></strong></span> <span class='ocrx_word' id='word_1_198' title='bbox 719 2619 766 2660; x_wconf 83' lang='grc' dir='ltr'><strong><em>ιον</em></strong></span> <span class='ocrx_word' id='word_1_199' title='bbox 781 2593 986 2679; x_wconf 80' lang='grc' dir='ltr'><strong><em>ἐπαγγελιῶν</em></strong></span> <span class='ocrx_word' id='word_1_200' title='bbox 1003 2619 1082 2680; x_wconf 78' lang='grc' dir='ltr'><strong><em>τυμ-</em></strong></span> 
     </span>
     <span class='ocr_line' id='line_1_26' title="bbox 113 2687 1123 2820; baseline 0.001 -61"><span class='ocrx_word' id='word_1_201' title='bbox 113 2690 222 2781; x_wconf 81' lang='grc' dir='ltr'><strong><em>χάνει,</em></strong></span> <span class='ocrx_word' id='word_1_202' title='bbox 241 2689 277 2760; x_wconf 84' lang='grc' dir='ltr'><strong><em>τό</em></strong></span> <span class='ocrx_word' id='word_1_203' title='bbox 294 2687 357 2761; x_wconf 80' lang='grc' dir='ltr'><strong><em>ὑπ’</em></strong></span> <span class='ocrx_word' id='word_1_204' title='bbox 378 2687 480 2762; x_wconf 89' lang='grc' dir='ltr'><strong><em>αῦτοῦ</em></strong></span> <span class='ocrx_word' id='word_1_205' title='bbox 498 2695 657 2779; x_wconf 80' lang='grc' dir='ltr'><strong><em>λέγεσθαι</em></strong></span> <span class='ocrx_word' id='word_1_206' title='bbox 674 2693 751 2782; x_wconf 83' lang='grc' dir='ltr'><strong><em>περὶ</em></strong></span> <span class='ocrx_word' id='word_1_207' title='bbox 768 2695 836 2762; x_wconf 90' lang='grc' dir='ltr'><strong><em>τῶν</em></strong></span> <span class='ocrx_word' id='word_1_208' title='bbox 854 2690 958 2775; x_wconf 80' lang='grc' dir='ltr'><strong><em>ἀξίων</em></strong></span> <span class='ocrx_word' id='word_1_209' title='bbox 976 2687 1123 2820; x_wconf 80' lang='grc' dir='ltr'><strong><em>αῦτοηιε</em></strong></span> 
     </span>
     <span class='ocr_line' id='line_1_27' title="bbox 105 2787 1078 2917; baseline 0.003 -55.086"><span class='ocrx_word' id='word_1_210' title='bbox 105 2791 247 2881; x_wconf 80' lang='grc' dir='ltr'><strong><em>“ἔσομαι</em></strong></span> <span class='ocrx_word' id='word_1_211' title='bbox 270 2788 383 2862; x_wconf 81' lang='grc' dir='ltr'><strong><em>αὐτῶν</em></strong></span> <span class='ocrx_word' id='word_1_212' title='bbox 406 2790 503 2880; x_wconf 84' lang='grc' dir='ltr'><strong><em>θεός,</em></strong></span> <span class='ocrx_word' id='word_1_213' title='bbox 527 2793 584 2862; x_wconf 86' lang='grc' dir='ltr'><strong><em>καί</em></strong></span> <span class='ocrx_word' id='word_1_214' title='bbox 607 2787 735 2862; x_wconf 83' lang='grc' dir='ltr'><strong><em>αῦτοίἐ</em></strong></span> <span class='ocrx_word' id='word_1_215' title='bbox 720 2800 851 2863; x_wconf 82' lang='grc' dir='ltr'><strong><em>ἔσονται</em></strong></span> <span class='ocrx_word' id='word_1_216' title='bbox 870 2791 948 2876; x_wconf 89' lang='grc' dir='ltr'><strong><em>λαός</em></strong></span> <span class='ocrx_word' id='word_1_217' title='bbox 971 2791 1078 2917; x_wconf 80' lang='grc' dir='ltr'><strong><em>μομ·”</em></strong></span> 
     </span>
     <span class='ocr_line' id='line_1_28' title="bbox 114 2889 1082 3017; baseline 0.003 -54"><span class='ocrx_word' id='word_1_218' title='bbox 114 2890 314 3014; x_wconf 77' lang='grc' dir='ltr'><strong><em>ἐσεμνηνετό</em></strong></span> <span class='ocrx_word' id='word_1_219' title='bbox 326 2922 362 2965; x_wconf 86' lang='grc' dir='ltr'><strong><em>τε</em></strong></span> <span class='ocrx_word' id='word_1_220' title='bbox 372 2896 455 2986; x_wconf 77' lang='grc' dir='ltr'><strong><em>πρὶν</em></strong></span> <span class='ocrx_word' id='word_1_221' title='bbox 468 2891 634 2975; x_wconf 87' lang='grc' dir='ltr'><strong><em>εἰκότωςὸ</em></strong></span> <span class='ocrx_word' id='word_1_222' title='bbox 650 2889 795 3017; x_wconf 83' lang='grc' dir='ltr'><strong><em>Ἰσραήλ</em></strong></span> <span class='ocrx_word' id='word_1_223' title='bbox 793 2897 906 2965; x_wconf 81' lang='grc' dir='ltr'><strong><em>ἐπὶ</em></strong></span> <span class='ocrx_word' id='word_1_224' title='bbox 861 2924 907 2964; x_wconf 90' lang='grc' dir='ltr'><strong><em>τω</em></strong></span> <span class='ocrx_word' id='word_1_225' title='bbox 922 2890 966 2977; x_wconf 86' lang='grc' dir='ltr'><strong><em>ῶς</em></strong></span> <span class='ocrx_word' id='word_1_226' title='bbox 979 2893 1082 2986; x_wconf 88' lang='grc' dir='ltr'><strong><em>μόνος</em></strong></span> 
     </span>
     <span class='ocr_line' id='line_1_29' title="bbox 107 2987 1081 3119; baseline 0.003 -56.016"><span class='ocrx_word' id='word_1_227' title='bbox 107 2994 190 3076; x_wconf 85' lang='grc' dir='ltr'><strong><em>λαός</em></strong></span> <span class='ocrx_word' id='word_1_228' title='bbox 209 2987 257 3119; x_wconf 84' lang='grc' dir='ltr'><strong><em>ῶη</em></strong></span> <span class='ocrx_word' id='word_1_229' title='bbox 274 3000 333 3065; x_wconf 88' lang='grc' dir='ltr'><strong><em>τοῦ</em></strong></span> <span class='ocrx_word' id='word_1_230' title='bbox 351 3002 454 3087; x_wconf 84' lang='grc' dir='ltr'><strong><em>θεοῦ,</em></strong></span> <span class='ocrx_word' id='word_1_231' title='bbox 472 2995 556 3068; x_wconf 80' lang='grc' dir='ltr'><strong><em>ἀλλὰ</em></strong></span> <span class='ocrx_word' id='word_1_232' title='bbox 573 2998 629 3067; x_wconf 88' lang='grc' dir='ltr'><strong><em>καί</em></strong></span> <span class='ocrx_word' id='word_1_233' title='bbox 647 3002 744 3067; x_wconf 86' lang='grc' dir='ltr'><strong><em>τοῦτο</em></strong></span> <span class='ocrx_word' id='word_1_234' title='bbox 761 2994 798 3067; x_wconf 84' lang='grc' dir='ltr'><strong><em>τό</em></strong></span> <span class='ocrx_word' id='word_1_235' title='bbox 816 2992 948 3085; x_wconf 73' lang='grc' dir='ltr'><strong><em>ἀγαθόν</em></strong></span> <span class='ocrx_word' id='word_1_236' title='bbox 963 3000 1081 3088; x_wconf 82' lang='grc' dir='ltr'><strong><em>ἐπιδη-</em></strong></span> 
     </span>
     <span class='ocr_line' id='line_1_30' title="bbox 112 3093 1080 3191; baseline 0.003 -26"><span class='ocrx_word' id='word_1_237' title='bbox 112 3095 219 3186; x_wconf 90' lang='grc' dir='ltr'><strong><em>μήσας</em></strong></span> <span class='ocrx_word' id='word_1_238' title='bbox 243 3094 261 3166; x_wconf 87' lang='lat'><strong><em>6</em></strong></span> <span class='ocrx_word' id='word_1_239' title='bbox 285 3093 399 3188; x_wconf 81' lang='grc' dir='ltr'><strong><em>κύριος</em></strong></span> <span class='ocrx_word' id='word_1_240' title='bbox 422 3114 490 3182; x_wconf 85' lang='grc' dir='ltr'><strong><em>τοϊς</em></strong></span> <span class='ocrx_word' id='word_1_241' title='bbox 514 3107 628 3170; x_wconf 82' lang='grc' dir='ltr'><strong><em>ἔθνεσι</em></strong></span> <span class='ocrx_word' id='word_1_242' title='bbox 653 3110 845 3191; x_wconf 77' lang='grc' dir='ltr'><strong><em>χαριεῖσθαι</em></strong></span> <span class='ocrx_word' id='word_1_243' title='bbox 869 3096 1080 3187; x_wconf 76' lang='grc' dir='ltr'><strong><em>ὑπισχνεῖται</em></strong></span> 
     </span>
     <span class='ocr_line' id='line_1_31' title="bbox 113 3192 1121 3294; baseline 0.001 -29"><span class='ocrx_word' id='word_1_244' title='bbox 113 3192 243 3286; x_wconf 68' lang='grc' dir='ltr'><strong><em>λέγων’</em></strong></span> <span class='ocrx_word' id='word_1_245' title='bbox 245 3195 335 3269; x_wconf 85' lang='grc' dir='ltr'><strong><em>ἰδοῦ</em></strong></span> <span class='ocrx_word' id='word_1_246' title='bbox 354 3197 417 3288; x_wconf 79' lang='grc' dir='ltr'><strong><em>ἰγῶ</em></strong></span> <span class='ocrx_word' id='word_1_247' title='bbox 436 3208 571 3290; x_wconf 83' lang='grc' dir='ltr'><strong><em>ἔρχομαι</em></strong></span> <span class='ocrx_word' id='word_1_248' title='bbox 589 3203 645 3270; x_wconf 83' lang='grc' dir='ltr'><strong><em>καὶ</em></strong></span> <span class='ocrx_word' id='word_1_249' title='bbox 663 3199 909 3289; x_wconf 83' lang='grc' dir='ltr'><strong><em>κατασκηνῶσοι</em></strong></span> <span class='ocrx_word' id='word_1_250' title='bbox 935 3204 971 3271; x_wconf 80' lang='grc' dir='ltr'><strong><em>ἐν</em></strong></span> <span class='ocrx_word' id='word_1_251' title='bbox 988 3202 1079 3294; x_wconf 78' lang='grc' dir='ltr'><strong><em>μέσῳ</em></strong></span> <span class='ocrx_word' id='word_1_252' title='bbox 1092 3225 1121 3266; x_wconf 78' lang='grc' dir='ltr'><strong><em>ιο</em></strong></span> 
     </span>
    </p>
   </div>
   <div class='ocr_carea' id='block_1_3' title="bbox 181 3406 1007 3499">
    <p class='ocr_par' dir='ltr' id='par_1_3' title="bbox 181 3406 1007 3499">
     <span class='ocr_line' id='line_1_32' title="bbox 181 3406 1007 3499; baseline 0.013 -22"><span class='ocrx_word' id='word_1_253' title='bbox 181 3431 197 3478; x_wconf 85' lang='lat'>5</span> <span class='ocrx_word' id='word_1_254' title='bbox 215 3406 259 3478; x_wconf 74' lang='lat' dir='ltr'><strong><em>Ps.</em></strong></span> <span class='ocrx_word' id='word_1_255' title='bbox 273 3433 315 3497; x_wconf 79' lang='grc' dir='ltr'><strong><em>ιι,</em></strong></span> <span class='ocrx_word' id='word_1_256' title='bbox 329 3434 353 3482; x_wconf 80' lang='lat'><strong><em>2.</em></strong></span> <span class='ocrx_word' id='word_1_257' title='bbox 457 3436 490 3485; x_wconf 78' lang='grc' dir='ltr'><strong><em>νο</em></strong></span> <span class='ocrx_word' id='word_1_258' title='bbox 508 3435 566 3485; x_wconf 79' lang='lat' dir='ltr'><strong>Jer.</strong></span> <span class='ocrx_word' id='word_1_259' title='bbox 580 3437 621 3497; x_wconf 83' lang='lat'><strong><em>31,</em></strong></span> <span class='ocrx_word' id='word_1_260' title='bbox 635 3437 677 3485; x_wconf 77' lang='grc' dir='ltr'><strong><em>οε.</em></strong></span> <span class='ocrx_word' id='word_1_261' title='bbox 782 3436 815 3485; x_wconf 85' lang='lat'><strong><em>30</em></strong></span> <span class='ocrx_word' id='word_1_262' title='bbox 832 3434 914 3486; x_wconf 66' lang='grc' dir='ltr'><strong><em>τινα.</em></strong></span> <span class='ocrx_word' id='word_1_263' title='bbox 928 3437 952 3499; x_wconf 83' lang='lat'><strong><em>2,</em></strong></span> <span class='ocrx_word' id='word_1_264' title='bbox 967 3436 1007 3488; x_wconf 90' lang='lat'><strong><em>10.</em></strong></span> 
     </span>
    </p>
   </div>
   <div class='ocr_carea' id='block_1_4' title="bbox 0 0 1168 3818">
    <p class='ocr_par' dir='ltr' id='par_1_4' title="bbox 0 0 1168 3818">
     <span class='ocr_line' id='line_1_33' title="bbox 0 0 1168 3818; baseline 0 0"><span class='ocrx_word' id='word_1_265' title='bbox 0 0 1168 3818; x_wconf 95' lang='lat' dir='ltr'><strong><em> </em></strong></span> 
     </span>
    </p>
   </div>
  </div>
 </body>
</html>
