2326 3818
132 143 195 208 202
537 144 687 195 Ευεοοιι

132 281 339 364 ἀκολούθους
365 281 538 370 ἐκτήσατο,
567 282 753 371 ἐμπνεύσας
780 280 891 363 αῦτοῖς
922 283 1096 374 δυνάμεως

131 393 244 470 θείας,
262 386 383 473 μένους
400 413 435 454 τε
454 387 508 453 καλ
527 382 676 471 θάρσους
696 382 881 472 ἐμπλήσας,
907 388 962 455 καὶ
982 385 1023 474 δή
1042 384 1096 455 οἶά

131 512 179 564 τις
198 481 331 573 άληθοῦς
355 488 440 555 θεοῦ
462 484 558 573 λόγος
576 487 632 554 καλ
650 483 749 564 αὐτὸς
767 484 864 571 θεός,
888 485 1095 575 τηλικούτων

130 586 314 675 θαυμάτων
350 584 503 676 ποιητής,
541 589 669 677 νοερων
705 583 828 668 αύτούς
859 589 914 656 καλ
952 591 1094 676 λογικοῦν

130 693 248 776 ψυχῶν
285 687 452 774 θηρευτὰς
488 686 648 777 ποιήσας,
687 695 786 775 έργον
822 717 857 759 τε
895 692 1024 770 ἐπιθείς
1054 693 1120 780 τήν

130 795 227 879 φωνή
265 792 306 878 τή
336 786 354 813 “
367 796 481 876 δεῦτε,
513 786 732 859 άκολουθεῖτέ
763 818 836 878 μοι,
868 791 924 858 καλ
966 789 1094 878 ποιήσω

129 893 214 978 ὑμᾶς
227 885 330 970 ἁλιεῖς
345 885 554 976 άνθρύπων”
569 889 714 980 φησάση,
735 889 818 978 ὁμοῦ
831 917 866 959 τε
882 889 1020 978 ἐργάτας
1039 895 1095 961 καλ

76 1023 116 1073 με]
133 989 352 1071 διδασκάλους
377 987 499 1078 αῦτοῦς
522 986 693 1078 εὐσεβείας
720 988 1004 1079 ἀπειργασμένους
1028 990 1094 1080 ήδη

131 1093 186 1160 καὶ
206 1099 251 1172 είς
269 1090 377 1161 πάντα
394 1089 434 1161 τά
452 1098 536 1180 ἔθνη
557 1092 769 1180 διεπέμπετο,
795 1089 941 1181 κήρυκας
959 1088 1093 1161 ἀναδεί-

102 1197 186 1274 οξας
209 1197 266 1280 τῆς
292 1189 395 1263 αύτοῦ
415 1199 639 1272 διδασκαλίας.
683 1198 711 1263 9.
732 1195 787 1261 καλ
811 1200 860 1275 τίς
878 1187 939 1261 οῦκ
960 1188 1005 1262 άν
1024 1195 1092 1276 έξε-
1108 1224 1133 1263 10

130 1291 239 1383 πλάγη
263 1297 319 1363 καὶ
342 1291 525 1382 ἠπίστησεν
549 1290 591 1363 άν
616 1291 748 1373 εἰκότως
771 1297 816 1386 τῷ
840 1288 1017 1387 παραδόξῳ
1035 1303 1095 1365 τοῦ

129 1394 313 1484 θαύματος,
331 1394 385 1466 ὅτε
402 1397 518 1485 μηδεὶς
535 1396 596 1484 μέν
614 1398 681 1464 των
699 1392 831 1464 πώποτε
847 1399 884 1464 έν
901 1393 1094 1482 ἀνθρώποις

95 1515 99 1533 ’
129 1501 319 1586 γενομένων
344 1499 534 1586 διαφανοῦν,
559 1495 603 1585 μή
628 1495 802 1583 βασιλεύς,
830 1493 875 1585 μή
898 1499 1094 1584 νομοθέτης,

128 1597 173 1687 μή
192 1597 391 1686 φιλόσοφος,
411 1596 454 1686 μή
465 1595 607 1686 Ἕλλην,
627 1596 671 1684 μή
690 1595 876 1685 βάρβαρος,
895 1597 1046 1667 τοιοῦτόν
1063 1628 1094 1667 τι

131 1701 323 1785 διανοηθεὶς
349 1703 543 1785 ἱστορεῖται,
568 1694 642 1766 ἀλλ’
669 1693 742 1766 οὐδ’
766 1706 812 1778 είς
831 1704 1021 1786 φαντασίαν
1040 1703 1094 1768 ἐλ-
1107 1725 1132 1766 15

128 1796 203 1868 θῦν
220 1803 280 1868 τοῦ
296 1806 548 1889 παραπλησίου;
567 1795 739 1886 άγαπητὸν
755 1796 818 1888 γάρ
839 1797 967 1891 ἑκάστω
985 1791 1044 1886 ήν,
1065 1807 1096 1868 εί

128 1903 183 1969 καὶ
203 1903 255 1969 ἐπὶ
274 1899 376 1989 μόνης
400 1907 458 1986 τῆς
477 1907 599 1979 οίκείας
624 1904 683 1987 γής
701 1898 737 1967 τὸ
761 1905 886 1969 οἰκεῖον
905 1897 1094 1987 ἐπάγγελμα

129 2001 368 2089 συνεστήσατο,
388 2000 536 2080 καὶτοὺς
555 2003 662 2080 καλῶς
681 2007 769 2087 ἔχειν
787 2004 953 2087 φανέντας
971 1999 1094 2088 νόμους

128 2095 191 2170 κάν
211 2098 264 2190 ἐφ’
286 2101 360 2181 ἑνὸς
372 2106 431 2170 τοῦ
445 2109 571 2170 οίκείου
586 2107 707 2182 ἔθνους
721 2106 883 2189 κρατῦναι
897 2097 965 2181 οἷός
983 2128 1018 2170 τε
1036 2092 1094 2188 ἦν·
1143 2146 1147 2153 ·

61 2199 145 2285 (τεοῦ
166 2203 202 2270 δὲ
219 2204 326 2291 μηδὲν
348 2201 476 2291 θνητόν
500 2205 555 2272 καὶ
579 2199 796 2291 άνθριόπινον
821 2204 1015 2290 διανοηθεὶς
1032 2201 1094 2290 ὅρα
1107 2231 1133 2272 νο

130 2310 162 2372 εί
177 2303 221 2392 μὴ
241 2303 284 2384 ὡς
302 2301 437 2391 άληθῦς
455 2307 540 2373 θεοῦ
549 2303 651 2373 πάλιν
664 2302 831 2392 προήκατο
845 2303 975 2392 φωνήν,
995 2300 1095 2374 αύτο-

127 2408 213 2488 λεξελ
232 2405 341 2495 φήσας
360 2422 426 2486 τοῖς
446 2404 688 2486 εὐτελεστάτοις
707 2409 847 2485 ἐκείνοις
861 2403 966 2474 αῦτοῦ
982 2417 1095 2494 μαθη-

127 2524 198 2588 ταῖς
211 2506 457 2597 “πυρευθέντες
468 2505 701 2596 μαθητεύσατε
719 2505 827 2576 πάντα
844 2505 884 2575 τόι
903 2504 1018 2594 ἔθνη.”
1043 2512 1092 2576 10.

127 2611 183 2676 καλ
201 2612 282 2695 πῶς,
302 2608 396 2678 εἷπον
414 2603 456 2677 διν
474 2613 508 2676 οί
523 2609 670 2695 μαθηταὶ
687 2610 735 2698 τῷ
753 2605 943 2699 διδασκάλω
961 2606 1094 2688 πάντως

128 2735 192 2777 που
211 2707 488 2796 ἀποκρινάμενοι,
507 2704 604 2776 τοῦθ’
624 2703 705 2796 ἡμῖν
724 2714 820 2777 ἔσται
833 2706 995 2792 δννατόν;
1022 2712 1093 2789 πῶς
1108 2733 1134 2774 εε

128 2804 190 2894 γάρ
204 2804 387 2896 Ῥωμαίοις,
407 2812 505 2897 φέρε,
531 2807 732 2896 κηρύξομεν;
751 2813 821 2891 πῶς
841 2811 877 2878 δέ
895 2815 1094 2897 Αἰγυπτίοις
1141 2877 1151 2911 ,

129 2907 436 2998 διαλεχθησόμεθα;
456 2917 536 3001 ποίᾳ
554 2911 591 2979 δὲ
609 2906 801 2999 χρησόμεθα
825 2911 909 2993 λέξει
928 2907 1093 2999 πρδςἝλ·
1132 2915 1135 2918 ’

127 3016 247 3097 ληνας,
272 3008 392 3100 ἄνδρες
415 3016 454 3102 τή
473 3010 599 3100 Σύρων
618 3012 835 3100 ἐντραφέντες
858 3009 945 3101 μόνη
972 3011 1092 3098 φωνή;

128 3116 176 3181 ll.
197 3114 330 3202 Πέρσας
355 3114 469 3182 δὲκαὶ
492 3109 701 3204 Ἀρμενίους,
727 3115 783 3182 καλ
807 3118 1010 3199 Χαλδαίους,
1036 3111 1092 3178 καλ

127 3212 284 3301 Σκύθας,
309 3215 364 3283 καλ
380 3210 520 3303 Ἰνδούς,
545 3217 601 3283 καὶ
626 3225 659 3283 ελ
673 3243 747 3283 τινα
765 3212 946 3304 βαρβάρων
962 3215 1091 3300 γένοιτο
1105 3238 1131 3281 σο

276 3364 329 3371 -...

194 3445 226 3494 23
243 3444 343 3496 Matth.
357 3446 398 3508 τε,
412 3448 452 3497 ιο.
