2326 3818
125 114 188 178 302
530 113 681 165 οοετνιο

126 250 419 342 ἑξᾶπείρωνα
344 254 380 321 δὲ
398 250 532 322 αίοινοον
550 249 660 322 τἰΐδιον
684 255 741 340 της
764 248 828 321 σῦν
853 253 954 337 πατρί
975 258 1101 345 διαμο·

125 360 186 442 νης
205 350 433 443 ἐμφαίνει,
400 382 450 432 οις
469 351 642 440 ἐπιλέγει“
653 350 742 442 ἥμην
765 348 845 439 παρ’
870 349 963 445 αὐτῷ
990 349 1102 445 ἁρμό-

126 464 236 543 ζουσα,
257 453 359 543 έγοῦ”
338 443 677 545 ημηνηπροσέχαιρε,
696 451 774 523 καθ’
792 448 919 542 ημέραν
938 422 977 523 δὲ
992 478 1099 545 προσ·

126 555 204 650 ω’πῳ
222 556 325 627 αῦτου
314 552 592 645 προσέχαιρον.”
638 560 689 625 28
717 583 770 623 και
761 550 962 641 ἀβύσσους
982 557 1024 627 δὲ
1041 560 1099 629 καί

125 657 231 748 πηνῦς
257 654 453 742 ῦδότων,”
435 685 497 744 ορη
520 684 556 725 τε
580 657 636 725 καί
661 654 823 742 βουνοὺς,
847 651 945 725 καί”
926 678 991 726 οσα
1010 656 1120 729 ἄλλαι

125 759 205 831 κατα
230 759 288 829 τόν
311 758 415 828 τόπον
439 773 563 838 κοινοῖς
593 753 737 845 ῥήμασιν
766 751 816 836 οἷς
846 754 1096 847 ἐπωνόμασται,

124 858 195 949 ἤτοι
219 861 377 947 περὶτῆς
400 864 460 927 τοῦ
485 855 612 948 κόσμου
635 854 826 937 συστάσεως
852 860 887 927 έκ
910 861 1038 946 μέρους
1059 860 1096 931 τό

95 989 107 1028 b
124 969 191 1031 πᾶν
206 966 385 1047 δηλοῦντος
399 957 591 1045 ἀκουστέον,
606 955 626 1048 ἢ
639 955 883 1046 τροπικότερον
897 961 1094 1051 έκληπτέον,

123 1066 227 1130 ταῦτα
252 1063 482 1148 μεταφέροντα
504 1057 545 1129 τοὶ
568 1058 795 1149 σημαινόμενα
820 1062 872 1129 έπλ
891 1059 1015 1147 νοητὰς
1033 1061 1095 1133 σῦ-

123 1170 198 1243 σίας
216 1164 272 1231 καὶ
290 1169 386 1243 θείας
400 1159 570 1251 δυνάμεις,
589 1152 638 1231 οῦν
650 1159 786 1231 πόντων
800 1158 1008 1248 πρωτότοκος
1027 1176 1122 1235 Σο-το

122 1274 184 1351 φία
202 1265 257 1333 καὶ
274 1259 457 1352 μονογενὴς
481 1265 537 1332 καὶ
560 1260 769 1350 προπόγονος
796 1266 855 1331 τοῦ
879 1268 964 1331 θεοῦ
983 1273 1094 1355 προῦ-

122 1366 224 1453 πέστη
243 1361 351 1452 λόγος,
370 1363 485 1434 ὅντινα
504 1361 649 1453 Χριστόν
667 1359 761 1453 ἡμεῖς
785 1363 1093 1457 προσαγορεύομεν,

122 1467 314 1559 διδασκάλῳ
324 1463 589 1554 μαθητευόμενοι
602 1469 647 1558 τῷ
657 1461 832 1558 ἄποστόλῳ
846 1467 978 1552 λέγοντι
988 1462 1094 1558 “Χρι·

120 1567 196 1648 στὸς
222 1573 306 1639 θεοῦ
331 1565 473 1654 δυ’ναμις
503 1568 558 1635 καί
582 1570 667 1638 θεοῦ
695 1563 826 1655 σοφία.”
872 1569 1030 1655 κέκληται
1055 1570 1094 1639 δέ

122 1673 271 1739 ἐνταῦθα
289 1671 337 1761 τῳ
354 1672 411 1755 τῆς
435 1675 556 1756 σοφίας
581 1666 714 1748 εἰκότως
733 1666 952 1758 προσρήματι,
972 1670 1019 1752 ὡς
1031 1675 1127 1743 τοῦτο

121 1768 226 1857 μόνου
243 1772 351 1858 σοφοῦ
369 1765 492 1857 πατρός
509 1765 567 1849 τός
585 1769 782 1858 πανσόφους
800 1773 856 1839 καὶ
877 1773 1093 1860 ἐπιστημονι-

120 1869 180 1952 κὰς
198 1876 266 1941 τῶν
284 1868 373 1941 ὅλων
390 1877 538 1957 θεωρίας
556 1898 591 1939 τε
610 1926 728 1941 .....

119 1985 154 2045 Π.
200 1984 217 2019 23
303 1984 320 2019 δῦ
406 1982 423 2017 ²3
509 1981 526 2013 δέ
612 1981 629 2017 ²1²
715 1982 732 2018 δῦ
817 1983 835 2019 ³1³
920 1984 937 2020 δῦ
1025 1985 1043 2021 3

94 2077 157 2141 εέν
181 2072 218 2140 δέ
241 2074 289 2163 τῳ
312 2076 458 2164 δευτέρῳ
485 2069 642 2166 σκήπτρῳ
666 2075 830 2166 βασιλικῳ
853 2077 946 2166 τιμᾷ,
988 2079 1027 2144 έν
1052 2077 1090 2147 δὲ

119 2177 164 2265 τῳ
182 2179 281 2264 τρίτῳ
305 2173 368 2261 τὴν
391 2170 463 2243 κατ’
485 2168 608 2263 οἷρετην
626 2170 716 2266 αῦτῳ
728 2182 902 2245 τελείωσιν
914 2195 1089 2265 μαρτυρεῖ.
1103 2205 1129 2247 ιο

111 2272 177 2344 εἶτ’
200 2276 254 2344 ἐπὶ
271 2272 400 2358 τούτοις
418 2271 521 2345 αὐτὸν
540 2273 581 2363 δὴ
599 2278 719 2346 τοῦτον
742 2274 901 2346 τὸνθεόν
919 2277 975 2346 καὶ
994 2285 1091 2365 βασι-

117 2380 176 2446 λέα
194 2389 370 2465 κεχρίσθαι
388 2378 470 2466 πρός
482 2383 543 2447 τοῦ
557 2373 729 2448 ἄνοιτοίτου
744 2375 895 2448 διδάσκει
915 2384 1013 2466 θεοῦ,
1032 2383 1092 2450 καὶ

116 2477 219 2599 τούτῳ
238 2508 276 2566 γε
294 2479 439 2602 Χριστόν
456 2481 639 2567 γεγονέναι.
682 2489 715 2548 τί
737 2477 801 2567 γὰρ
825 2474 868 2548 ἂν
891 2483 946 2550 καί
964 2475 1092 2569 όυομοὲ-

116 2581 209 2650 σαιτό
228 2609 276 2665 τις
299 2579 358 2649 τὸν
380 2609 425 2668 μη
444 2576 504 2648 ὑπ’
528 2575 722 2708 αυθροέπῳυ
739 2609 818 2668 μευ,
842 2576 903 2651 ὑπ’
923 2577 1028 2652 αῦτοῦ
1049 2583 1090 2652 δὲ

116 2710 174 2751 του
164 2684 248 2751 ἐπὶ
266 2707 403 2751 παντων
426 2684 511 2749 θεοῦ
529 2685 764 2770 κεχρισμένον;
800 2685 855 2751 ἐπὶ
877 2679 985 2774 τοότῳ
1002 2686 1128 2770 γοῦυτσ

116 2776 258 2904 ῳησίυ“
268 2810 293 2849 ω
280 2771 397 2869 θ,εέ
425 2778 571 2871 (πρὸς
539 2809 598 2851 του
619 2786 799 2870 χρισθέντα
817 2751 1088 2873 αποτεινόμενος)

87 2879 288 2970 ᾱηγαπησας
320 2880 539 2971 δικαιοσύνην
569 2885 625 2952 καὶ
654 2887 811 3006 έμισησας
836 2882 990 2955 ἀδικίαν
1031 2882 1088 2954 δια

115 2988 211 3053 τοῦτο
236 2983 299 3072 γὰρ
324 2988 435 3075 έχρισέ
457 3006 496 3055 σε
519 2982 536 3056 ὁ
560 2984 640 3067 θεὸς
662 2980 680 3056 ὁ
700 2984 781 3066 θεός
805 2980 902 3056 σου”’
949 2991 970 3054 2
1007 2983 1086 3055 ὡσεὶ

115 3092 245 3174 ἔλεγεν,
269 3081 287 3156 ό
314 3089 368 3157 ἐπὶ
391 3084 528 3158 πάντων
551 3086 631 3169 θεὸς
655 3090 768 3177 ἔχρισέ
788 3112 827 3158 σε
852 3095 964 3159 ἔλαιον
982 3083 1086 3176 ἄμαλ-

117 3255 318 3262 -—-—-..-—

184 3356 215 3402 14
235 3357 247 3402 l
262 3354 325 3405 Cor.
340 3356 416 3408 1.24.
556 3355 587 3403 17
605 3351 734 3416 θεωρίας
748 3350 787 3418 τε]
801 3352 870 3405 Post
886 3354 959 3405 haec
981 3355 1011 3404 in
1024 3352 1083 3408 cod.

114 3421 241 3470 Parisino
255 3423 387 3486 scriptum
407 3413 530 3471 ἐλλείπει
543 3416 640 3473 πολλοί.
796 3424 828 3472 27
848 3422 893 3473 Ρε.
905 3424 948 3486 44,
963 3425 988 3473 ⁷.
