<?xml version="1.0" encoding="UTF-8"?>
<!DOCTYPE html PUBLIC "-//W3C//DTD XHTML 1.0 Transitional//EN"
    "http://www.w3.org/TR/xhtml1/DTD/xhtml1-transitional.dtd">
<html xmlns="http://www.w3.org/1999/xhtml" xml:lang="en" lang="en">
 <head>
  <title>
</title>
<meta http-equiv="Content-Type" content="text/html;charset=utf-8" />
  <meta name='ocr-system' content='tesseract 3.04.00' />
  <meta name='ocr-capabilities' content='ocr_page ocr_carea ocr_par ocr_line ocrx_word'/>
</head>
<body>
  <div class='ocr_page' id='page_1' title='image "./eusebiicaesarie01dindgoog/eusebiicaesarie01dindgoog_0726.png"; bbox 0 0 2326 3818; ppageno 0'>
   <div class='ocr_carea' id='block_1_1' title="bbox 149 158 710 223">
    <p class='ocr_par' dir='ltr' id='par_1_1' title="bbox 149 158 710 223">
     <span class='ocr_line' id='line_1_1' title="bbox 149 158 710 223; baseline -0.023 0"><span class='ocrx_word' id='word_1_1' title='bbox 149 158 212 223; x_wconf 87' lang='lat'><strong><em>638</em></strong></span> <span class='ocrx_word' id='word_1_2' title='bbox 561 158 710 210; x_wconf 75' lang='grc' dir='ltr'><strong><em>ωυεωειι</em></strong></span> 
     </span>
    </p>
   </div>
   <div class='ocr_carea' id='block_1_2' title="bbox 82 293 1158 3322">
    <p class='ocr_par' dir='ltr' id='par_1_2' title="bbox 82 293 1158 3322">
     <span class='ocr_line' id='line_1_2' title="bbox 149 293 1109 389; baseline -0.003 -21"><span class='ocrx_word' id='word_1_3' title='bbox 149 308 268 389; x_wconf 80' lang='grc' dir='ltr'><em>μίσους</em></span> <span class='ocrx_word' id='word_1_4' title='bbox 292 296 486 367; x_wconf 84' lang='grc' dir='ltr'><strong><em>ἐκύκλωσάν</em></strong></span> <span class='ocrx_word' id='word_1_5' title='bbox 508 327 566 387; x_wconf 87' lang='grc' dir='ltr'><strong><em>με,</em></strong></span> <span class='ocrx_word' id='word_1_6' title='bbox 597 300 653 367; x_wconf 78' lang='grc' dir='ltr'><strong><em>καὶ</em></strong></span> <span class='ocrx_word' id='word_1_7' title='bbox 677 293 884 386; x_wconf 87' lang='grc' dir='ltr'><strong><em>έπολέμησάν</em></strong></span> <span class='ocrx_word' id='word_1_8' title='bbox 907 323 949 384; x_wconf 91' lang='grc' dir='ltr'><strong><em>με</em></strong></span> <span class='ocrx_word' id='word_1_9' title='bbox 976 293 1109 384; x_wconf 79' lang='grc' dir='ltr'><strong><em>δωρεότ.</em></strong></span> 
     </span>
     <span class='ocr_line' id='line_1_3' title="bbox 150 395 1113 488; baseline -0.002 -20"><span class='ocrx_word' id='word_1_10' title='bbox 150 397 224 471; x_wconf 76' lang='grc' dir='ltr'><strong><em>ἀντὶ</em></strong></span> <span class='ocrx_word' id='word_1_11' title='bbox 242 405 301 469; x_wconf 90' lang='grc' dir='ltr'><strong><em>τοῦ</em></strong></span> <span class='ocrx_word' id='word_1_12' title='bbox 318 398 452 488; x_wconf 78' lang='grc' dir='ltr'><em>ἀγαπᾶν</em></span> <span class='ocrx_word' id='word_1_13' title='bbox 468 426 510 488; x_wconf 87' lang='grc' dir='ltr'><strong><em>με</em></strong></span> <span class='ocrx_word' id='word_1_14' title='bbox 528 396 744 487; x_wconf 87' lang='grc' dir='ltr'><strong><em>ένδιέβαλλόν</em></strong></span> <span class='ocrx_word' id='word_1_15' title='bbox 760 427 813 487; x_wconf 85' lang='grc' dir='ltr'><strong><em>με,</em></strong></span> <span class='ocrx_word' id='word_1_16' title='bbox 833 395 897 484; x_wconf 88' lang='grc' dir='ltr'><strong><em>έγῶ</em></strong></span> <span class='ocrx_word' id='word_1_17' title='bbox 917 397 954 466; x_wconf 74' lang='grc' dir='ltr'><strong><em>δέ</em></strong></span> <span class='ocrx_word' id='word_1_18' title='bbox 973 421 1113 485; x_wconf 87' lang='grc' dir='ltr'><strong><em>προσηυ-</em></strong></span> 
     </span>
     <span class='ocr_line' id='line_1_4' title="bbox 149 496 1114 591; baseline -0.004 -20"><span class='ocrx_word' id='word_1_19' title='bbox 149 500 270 591; x_wconf 89' lang='grc' dir='ltr'><strong><em>χόμην·</em></strong></span> <span class='ocrx_word' id='word_1_20' title='bbox 299 505 353 571; x_wconf 81' lang='grc' dir='ltr'><strong><em>καὶ</em></strong></span> <span class='ocrx_word' id='word_1_21' title='bbox 372 511 489 571; x_wconf 77' lang='grc' dir='ltr'><strong><em>ἔθεντο</em></strong></span> <span class='ocrx_word' id='word_1_22' title='bbox 508 499 579 570; x_wconf 87' lang='grc' dir='ltr'><strong><em>κατ’</em></strong></span> <span class='ocrx_word' id='word_1_23' title='bbox 603 504 683 589; x_wconf 87' lang='grc' dir='ltr'><strong><em>ἐμοῦ</em></strong></span> <span class='ocrx_word' id='word_1_24' title='bbox 701 499 786 569; x_wconf 87' lang='grc' dir='ltr'><strong><em>κακὰ</em></strong></span> <span class='ocrx_word' id='word_1_25' title='bbox 805 498 881 568; x_wconf 77' lang='grc' dir='ltr'><strong><em>ἀντὶ</em></strong></span> <span class='ocrx_word' id='word_1_26' title='bbox 901 496 1047 586; x_wconf 87' lang='grc' dir='ltr'><strong><em>ἀγαθῶν</em></strong></span> <span class='ocrx_word' id='word_1_27' title='bbox 1063 498 1114 569; x_wconf 76' lang='grc' dir='ltr'><strong><em>καλ</em></strong></span> 
     </span>
     <span class='ocr_line' id='line_1_5' title="bbox 149 596 1113 692; baseline -0.002 -19"><span class='ocrx_word' id='word_1_28' title='bbox 149 619 245 692; x_wconf 79' lang='grc' dir='ltr'><strong><em>μῖσος</em></strong></span> <span class='ocrx_word' id='word_1_29' title='bbox 263 600 337 672; x_wconf 78' lang='grc' dir='ltr'><strong><em>ἀντὶ</em></strong></span> <span class='ocrx_word' id='word_1_30' title='bbox 355 605 414 690; x_wconf 80' lang='grc' dir='ltr'><strong><em>τῆς</em></strong></span> <span class='ocrx_word' id='word_1_31' title='bbox 431 599 628 690; x_wconf 76' lang='grc' dir='ltr'><strong><em>ἀγαπήσεως</em></strong></span> <span class='ocrx_word' id='word_1_32' title='bbox 646 630 719 690; x_wconf 91' lang='grc' dir='ltr'><strong><em>μου.</em></strong></span> <span class='ocrx_word' id='word_1_33' title='bbox 756 600 965 688; x_wconf 79' lang='grc' dir='ltr'><strong><em>κατάστησον</em></strong></span> <span class='ocrx_word' id='word_1_34' title='bbox 983 597 1038 670; x_wconf 88' lang='grc' dir='ltr'><strong><em>ἐπ’</em></strong></span> <span class='ocrx_word' id='word_1_35' title='bbox 1059 596 1113 671; x_wconf 82' lang='grc' dir='ltr'><strong><em>αύ-</em></strong></span> 
     </span>
     <span class='ocr_line' id='line_1_6' title="bbox 148 698 1136 793; baseline -0.004 -19"><span class='ocrx_word' id='word_1_36' title='bbox 148 702 207 775; x_wconf 88' lang='grc' dir='ltr'><strong><em>τόν</em></strong></span> <span class='ocrx_word' id='word_1_37' title='bbox 225 700 432 793; x_wconf 75' lang='grc' dir='ltr'><strong><em>ἁμαρτωλὸν,</em></strong></span> <span class='ocrx_word' id='word_1_38' title='bbox 452 704 508 772; x_wconf 84' lang='grc' dir='ltr'><strong><em>καὶ</em></strong></span> <span class='ocrx_word' id='word_1_39' title='bbox 526 702 681 790; x_wconf 79' lang='grc' dir='ltr'><strong><em>διάβολος</em></strong></span> <span class='ocrx_word' id='word_1_40' title='bbox 694 700 801 790; x_wconf 82' lang='grc' dir='ltr'><strong><em>στήτω</em></strong></span> <span class='ocrx_word' id='word_1_41' title='bbox 816 706 852 772; x_wconf 83' lang='grc' dir='ltr'><strong><em>ἐκ</em></strong></span> <span class='ocrx_word' id='word_1_42' title='bbox 866 706 986 784; x_wconf 79' lang='grc' dir='ltr'><strong><em>δεξιῶν</em></strong></span> <span class='ocrx_word' id='word_1_43' title='bbox 1003 698 1136 773; x_wconf 77' lang='grc' dir='ltr'><strong><em>αῦτοῦ.ο</em></strong></span> 
     </span>
     <span class='ocr_line' id='line_1_7' title="bbox 151 800 1116 897; baseline -0.002 -21"><span class='ocrx_word' id='word_1_44' title='bbox 151 811 187 877; x_wconf 88' lang='grc' dir='ltr'><strong><em>έυ</em></strong></span> <span class='ocrx_word' id='word_1_45' title='bbox 213 809 261 897; x_wconf 79' lang='grc' dir='ltr'><strong><em>τῶ</em></strong></span> <span class='ocrx_word' id='word_1_46' title='bbox 289 813 465 891; x_wconf 84' lang='grc' dir='ltr'><strong><em>κρίνεσθαι</em></strong></span> <span class='ocrx_word' id='word_1_47' title='bbox 491 800 594 874; x_wconf 87' lang='grc' dir='ltr'><strong><em>αύτδν</em></strong></span> <span class='ocrx_word' id='word_1_48' title='bbox 624 809 753 887; x_wconf 79' lang='grc' dir='ltr'><strong><em>ἐξέλθοι</em></strong></span> <span class='ocrx_word' id='word_1_49' title='bbox 783 808 1116 892; x_wconf 76' lang='grc' dir='ltr'><strong><em>καταδεδικασμένος,</em></strong></span> 
     </span>
     <span class='ocr_line' id='line_1_8' title="bbox 149 901 1117 994; baseline 0.001 -19"><span class='ocrx_word' id='word_1_50' title='bbox 149 905 240 976; x_wconf 61' lang='grc' dir='ltr'><strong><em>καῖ’</em></strong></span> <span class='ocrx_word' id='word_1_51' title='bbox 223 935 244 992; x_wconf 93' lang='grc' dir='ltr'><strong><em>η</em></strong></span> <span class='ocrx_word' id='word_1_52' title='bbox 263 902 432 993; x_wconf 78' lang='grc' dir='ltr'><strong><em>προσευχὴ</em></strong></span> <span class='ocrx_word' id='word_1_53' title='bbox 450 901 555 974; x_wconf 88' lang='grc' dir='ltr'><strong><em>αύτοῦ</em></strong></span> <span class='ocrx_word' id='word_1_54' title='bbox 572 904 748 994; x_wconf 78' lang='grc' dir='ltr'><strong><em>γενηθήτω</em></strong></span> <span class='ocrx_word' id='word_1_55' title='bbox 763 903 840 984; x_wconf 82' lang='grc' dir='ltr'><strong><em>εἰς</em></strong></span> <span class='ocrx_word' id='word_1_56' title='bbox 823 913 997 992; x_wconf 87' lang='grc' dir='ltr'><strong><em>αμαρτίαυ.</em></strong></span> <span class='ocrx_word' id='word_1_57' title='bbox 1025 932 1117 994; x_wconf 72' lang='grc' dir='ltr'><strong><em>γευή</em></strong></span> 
     </span>
     <span class='ocr_line' id='line_1_9' title="bbox 123 1001 1118 1128; baseline 0.001 -52.007"><span class='ocrx_word' id='word_1_58' title='bbox 123 1006 310 1128; x_wconf 84' lang='grc' dir='ltr'><strong><em>ιθήτωσαν</em></strong></span> <span class='ocrx_word' id='word_1_59' title='bbox 328 1035 362 1073; x_wconf 91' lang='grc' dir='ltr'><strong><em>αι</em></strong></span> <span class='ocrx_word' id='word_1_60' title='bbox 355 1001 559 1094; x_wconf 72' lang='grc' dir='ltr'><strong><em>’ήμέραι’</em></strong></span> <span class='ocrx_word' id='word_1_61' title='bbox 518 1035 621 1077; x_wconf 93' lang='grc' dir='ltr'><strong><em>αυτου</em></strong></span> <span class='ocrx_word' id='word_1_62' title='bbox 605 1005 694 1077; x_wconf 89' lang='grc' dir='ltr'><strong><em>όλί</em></strong></span> <span class='ocrx_word' id='word_1_63' title='bbox 692 1035 764 1095; x_wconf 90' lang='grc' dir='ltr'><strong><em>γαι,</em></strong></span> <span class='ocrx_word' id='word_1_64' title='bbox 783 1005 892 1076; x_wconf 76' lang='grc' dir='ltr'><strong><em>καὶ</em></strong></span> <span class='ocrx_word' id='word_1_65' title='bbox 855 1034 917 1094; x_wconf 92' lang='grc' dir='ltr'><strong><em>την</em></strong></span> <span class='ocrx_word' id='word_1_66' title='bbox 936 1003 1118 1095; x_wconf 74' lang='grc' dir='ltr'><strong><em>ἐπισκοπὴν</em></strong></span> 
     </span>
     <span class='ocr_line' id='line_1_10' title="bbox 150 1103 1158 1226; baseline -0.001 -49"><span class='ocrx_word' id='word_1_67' title='bbox 150 1103 254 1177; x_wconf 91' lang='grc' dir='ltr'><strong><em>αῦτου</em></strong></span> <span class='ocrx_word' id='word_1_68' title='bbox 245 1110 439 1192; x_wconf 79' lang='grc' dir='ltr'><strong><em>λαβέτω”</em></strong></span> <span class='ocrx_word' id='word_1_69' title='bbox 420 1103 562 1226; x_wconf 85' lang='grc' dir='ltr'><strong><em>ετερος.”</em></strong></span> <span class='ocrx_word' id='word_1_70' title='bbox 1156 1176 1158 1187; x_wconf 83' lang='grc'><strong><em>,</em></strong></span> 
     </span>
     <span class='ocr_line' id='line_1_11' title="bbox 226 1206 1158 1298; baseline 0.002 -23"><span class='ocrx_word' id='word_1_71' title='bbox 226 1213 255 1276; x_wconf 80' lang='grc'><strong><em>2.</em></strong></span> <span class='ocrx_word' id='word_1_72' title='bbox 275 1211 405 1278; x_wconf 83' lang='grc' dir='ltr'><strong><em>Καὶ</em></strong></span> <span class='ocrx_word' id='word_1_73' title='bbox 364 1237 423 1296; x_wconf 88' lang='grc' dir='ltr'><strong><em>της</em></strong></span> <span class='ocrx_word' id='word_1_74' title='bbox 446 1212 513 1279; x_wconf 90' lang='grc' dir='ltr'><strong><em>τῶν</em></strong></span> <span class='ocrx_word' id='word_1_75' title='bbox 536 1213 766 1298; x_wconf 83' lang='grc' dir='ltr'><strong><em>προκειμένων</em></strong></span> <span class='ocrx_word' id='word_1_76' title='bbox 789 1207 901 1278; x_wconf 81' lang='grc' dir='ltr'><strong><em>ἐπὶ</em></strong></span> <span class='ocrx_word' id='word_1_77' title='bbox 868 1236 928 1277; x_wconf 91' lang='grc' dir='ltr'><strong><em>τον</em></strong></span> <span class='ocrx_word' id='word_1_78' title='bbox 951 1206 1158 1297; x_wconf 80' lang='grc' dir='ltr'><strong><em>προδότηνυ</em></strong></span> 
     </span>
     <span class='ocr_line' id='line_1_12' title="bbox 145 1305 1158 1400; baseline 0 -20"><span class='ocrx_word' id='word_1_79' title='bbox 145 1306 311 1380; x_wconf 89' lang='grc' dir='ltr'><strong><em>Ἰούδαν’</em></strong></span> <span class='ocrx_word' id='word_1_80' title='bbox 293 1338 467 1400; x_wconf 82' lang='grc' dir='ltr'><strong><em>αναφορας</em></strong></span> <span class='ocrx_word' id='word_1_81' title='bbox 494 1315 648 1399; x_wconf 77' lang='grc' dir='ltr'><strong><em>ἐχέγγυος</em></strong></span> <span class='ocrx_word' id='word_1_82' title='bbox 667 1308 794 1400; x_wconf 84' lang='grc' dir='ltr'><strong><em>μάρτυς</em></strong></span> <span class='ocrx_word' id='word_1_83' title='bbox 811 1308 829 1378; x_wconf 88' lang='grc' dir='ltr'><strong><em>ό</em></strong></span> <span class='ocrx_word' id='word_1_84' title='bbox 848 1305 1031 1391; x_wconf 78' lang='grc' dir='ltr'><strong><em>ἀπόστολος</em></strong></span> <span class='ocrx_word' id='word_1_85' title='bbox 1059 1314 1118 1380; x_wconf 81' lang='grc' dir='ltr'><strong><em>Πέ·</em></strong></span> <span class='ocrx_word' id='word_1_86' title='bbox 1154 1356 1158 1369; x_wconf 87' lang='lat'>·</span> 
     </span>
     <span class='ocr_line' id='line_1_13' title="bbox 150 1407 1118 1502; baseline -0.002 -20"><span class='ocrx_word' id='word_1_87' title='bbox 150 1440 237 1502; x_wconf 86' lang='grc' dir='ltr'><strong><em>τρος,</em></strong></span> <span class='ocrx_word' id='word_1_88' title='bbox 255 1410 336 1500; x_wconf 86' lang='grc' dir='ltr'><strong><em>μετά</em></strong></span> <span class='ocrx_word' id='word_1_89' title='bbox 354 1411 416 1498; x_wconf 89' lang='grc' dir='ltr'><strong><em>τήν</em></strong></span> <span class='ocrx_word' id='word_1_90' title='bbox 433 1416 494 1481; x_wconf 91' lang='grc' dir='ltr'><strong><em>τοῦ</em></strong></span> <span class='ocrx_word' id='word_1_91' title='bbox 513 1419 661 1500; x_wconf 81' lang='grc' dir='ltr'><strong><em>σωτῆρος</em></strong></span> <span class='ocrx_word' id='word_1_92' title='bbox 684 1407 780 1499; x_wconf 86' lang='grc' dir='ltr'><strong><em>ήμῶν</em></strong></span> <span class='ocrx_word' id='word_1_93' title='bbox 803 1409 974 1495; x_wconf 77' lang='grc' dir='ltr'><strong><em>ἀνάληψιν</em></strong></span> <span class='ocrx_word' id='word_1_94' title='bbox 992 1432 1118 1499; x_wconf 89' lang='grc' dir='ltr'><strong><em>συνηγ-</em></strong></span> 
     </span>
     <span class='ocr_line' id='line_1_14' title="bbox 150 1509 1120 1602; baseline -0.002 -19"><span class='ocrx_word' id='word_1_95' title='bbox 150 1517 261 1602; x_wconf 80' lang='grc' dir='ltr'><strong><em>μένων</em></strong></span> <span class='ocrx_word' id='word_1_96' title='bbox 278 1518 347 1583; x_wconf 90' lang='grc' dir='ltr'><strong><em>τῶν</em></strong></span> <span class='ocrx_word' id='word_1_97' title='bbox 364 1509 559 1586; x_wconf 75' lang='grc' dir='ltr'><strong><em>ἀποστόλων</em></strong></span> <span class='ocrx_word' id='word_1_98' title='bbox 577 1512 713 1583; x_wconf 79' lang='grc' dir='ltr'><strong><em>πάντων</em></strong></span> <span class='ocrx_word' id='word_1_99' title='bbox 736 1509 802 1582; x_wconf 90' lang='grc' dir='ltr'><strong><em>σῦν</em></strong></span> <span class='ocrx_word' id='word_1_100' title='bbox 820 1516 874 1580; x_wconf 78' lang='grc' dir='ltr'><strong><em>καὶ</em></strong></span> <span class='ocrx_word' id='word_1_101' title='bbox 894 1509 1006 1592; x_wconf 84' lang='grc' dir='ltr'><strong><em>ἀλλοις</em></strong></span> <span class='ocrx_word' id='word_1_102' title='bbox 1025 1520 1120 1582; x_wconf 86' lang='grc' dir='ltr'><strong><em>πλεί-</em></strong></span> 
     </span>
     <span class='ocr_line' id='line_1_15' title="bbox 150 1610 1119 1703; baseline -0.001 -19"><span class='ocrx_word' id='word_1_103' title='bbox 150 1637 224 1685; x_wconf 92' lang='grc' dir='ltr'><strong><em>οσιν</em></strong></span> <span class='ocrx_word' id='word_1_104' title='bbox 255 1610 432 1703; x_wconf 77' lang='grc' dir='ltr'><strong><em>ἀδελφοῖς,</em></strong></span> <span class='ocrx_word' id='word_1_105' title='bbox 463 1617 561 1703; x_wconf 85' lang='grc' dir='ltr'><strong><em>μέσος</em></strong></span> <span class='ocrx_word' id='word_1_106' title='bbox 592 1610 754 1701; x_wconf 77' lang='grc' dir='ltr'><strong><em>ἀναστὰς,</em></strong></span> <span class='ocrx_word' id='word_1_107' title='bbox 786 1615 842 1683; x_wconf 80' lang='grc' dir='ltr'><strong><em>καὶ</em></strong></span> <span class='ocrx_word' id='word_1_108' title='bbox 872 1618 976 1682; x_wconf 90' lang='grc' dir='ltr'><strong><em>ταῦτα</em></strong></span> <span class='ocrx_word' id='word_1_109' title='bbox 1006 1613 1119 1702; x_wconf 82' lang='grc' dir='ltr'><strong><em>φήσας</em></strong></span> 
     </span>
     <span class='ocr_line' id='line_1_16' title="bbox 144 1710 1154 1804; baseline 0.003 -20"><span class='ocrx_word' id='word_1_110' title='bbox 144 1710 287 1802; x_wconf 54' lang='lat' dir='ltr'><strong><em>“hopes</em></strong></span> <span class='ocrx_word' id='word_1_111' title='bbox 306 1714 465 1804; x_wconf 82' lang='grc' dir='ltr'><strong><em>ἀδελφοὶ,</em></strong></span> <span class='ocrx_word' id='word_1_112' title='bbox 490 1723 558 1787; x_wconf 80' lang='grc' dir='ltr'><strong><em>ἔδει</em></strong></span> <span class='ocrx_word' id='word_1_113' title='bbox 576 1721 798 1804; x_wconf 77' lang='grc' dir='ltr'><strong><em>πληρωθῆναι</em></strong></span> <span class='ocrx_word' id='word_1_114' title='bbox 820 1715 882 1804; x_wconf 86' lang='grc' dir='ltr'><strong><em>τήν</em></strong></span> <span class='ocrx_word' id='word_1_115' title='bbox 905 1712 1057 1802; x_wconf 84' lang='grc' dir='ltr'><strong><em>γραφήν,</em></strong></span> <span class='ocrx_word' id='word_1_116' title='bbox 1077 1710 1120 1803; x_wconf 81' lang='grc' dir='ltr'><strong><em>ἣν</em></strong></span> <span class='ocrx_word' id='word_1_117' title='bbox 1132 1742 1154 1786; x_wconf 79' lang='grc' dir='ltr'><strong><em>ιι</em></strong></span> 
     </span>
     <span class='ocr_line' id='line_1_17' title="bbox 150 1814 1119 1906; baseline -0.002 -19"><span class='ocrx_word' id='word_1_118' title='bbox 150 1834 290 1905; x_wconf 77' lang='grc' dir='ltr'><strong><em>προεῖπε</em></strong></span> <span class='ocrx_word' id='word_1_119' title='bbox 307 1817 344 1887; x_wconf 90' lang='grc' dir='ltr'><strong><em>τδ</em></strong></span> <span class='ocrx_word' id='word_1_120' title='bbox 362 1824 495 1906; x_wconf 89' lang='grc' dir='ltr'><strong><em>πνεῦμα</em></strong></span> <span class='ocrx_word' id='word_1_121' title='bbox 512 1815 549 1887; x_wconf 87' lang='grc' dir='ltr'><strong><em>τό</em></strong></span> <span class='ocrx_word' id='word_1_122' title='bbox 563 1815 660 1903; x_wconf 76' lang='grc' dir='ltr'><strong><em>ἅγιον</em></strong></span> <span class='ocrx_word' id='word_1_123' title='bbox 675 1816 729 1885; x_wconf 83' lang='grc' dir='ltr'><strong><em>διὰ</em></strong></span> <span class='ocrx_word' id='word_1_124' title='bbox 744 1814 904 1906; x_wconf 89' lang='grc' dir='ltr'><strong><em>στόματος</em></strong></span> <span class='ocrx_word' id='word_1_125' title='bbox 914 1818 1028 1904; x_wconf 72' lang='grc' dir='ltr'><strong><em>Δαβὲδ</em></strong></span> <span class='ocrx_word' id='word_1_126' title='bbox 1041 1817 1119 1902; x_wconf 81' lang='grc' dir='ltr'><strong><em>περὶ</em></strong></span> 
     </span>
     <span class='ocr_line' id='line_1_18' title="bbox 144 1912 1118 2007; baseline -0.003 -20"><span class='ocrx_word' id='word_1_127' title='bbox 144 1916 252 1988; x_wconf 82' lang='grc' dir='ltr'><strong><em>Ἰούδα</em></strong></span> <span class='ocrx_word' id='word_1_128' title='bbox 276 1924 335 1988; x_wconf 93' lang='grc' dir='ltr'><strong><em>τοῦ</em></strong></span> <span class='ocrx_word' id='word_1_129' title='bbox 359 1921 543 2006; x_wconf 83' lang='grc' dir='ltr'><strong><em>γενομένου</em></strong></span> <span class='ocrx_word' id='word_1_130' title='bbox 566 1912 693 2004; x_wconf 84' lang='grc' dir='ltr'><strong><em>ὁδηγοῦ</em></strong></span> <span class='ocrx_word' id='word_1_131' title='bbox 716 1935 784 1998; x_wconf 77' lang='grc' dir='ltr'><strong><em>τοῖς</em></strong></span> <span class='ocrx_word' id='word_1_132' title='bbox 808 1921 1034 2007; x_wconf 77' lang='grc' dir='ltr'><strong><em>συλλαβοῦσιν</em></strong></span> <span class='ocrx_word' id='word_1_133' title='bbox 1053 1913 1118 2003; x_wconf 86' lang='grc' dir='ltr'><strong><em>Ἰη-</em></strong></span> 
     </span>
     <span class='ocr_line' id='line_1_19' title="bbox 150 2009 1119 2106; baseline 0.001 -19"><span class='ocrx_word' id='word_1_134' title='bbox 150 2025 252 2102; x_wconf 87' lang='grc' dir='ltr'><strong><em>σοῦν,</em></strong></span> <span class='ocrx_word' id='word_1_135' title='bbox 271 2016 321 2086; x_wconf 90' lang='grc' dir='ltr'><strong><em>ότι</em></strong></span> <span class='ocrx_word' id='word_1_136' title='bbox 339 2020 628 2105; x_wconf 83' lang='grc' dir='ltr'><strong><em>κατηριθμημένος</em></strong></span> <span class='ocrx_word' id='word_1_137' title='bbox 646 2009 689 2106; x_wconf 88' lang='grc' dir='ltr'><strong><em>ήν</em></strong></span> <span class='ocrx_word' id='word_1_138' title='bbox 708 2022 745 2087; x_wconf 88' lang='grc' dir='ltr'><strong><em>έν</em></strong></span> <span class='ocrx_word' id='word_1_139' title='bbox 763 2017 858 2105; x_wconf 85' lang='grc' dir='ltr'><strong><em>ήμῑν,</em></strong></span> <span class='ocrx_word' id='word_1_140' title='bbox 877 2021 933 2088; x_wconf 81' lang='grc' dir='ltr'><strong><em>καὶ</em></strong></span> <span class='ocrx_word' id='word_1_141' title='bbox 948 2026 1042 2106; x_wconf 89' lang='grc' dir='ltr'><strong><em>έλαχε</em></strong></span> <span class='ocrx_word' id='word_1_142' title='bbox 1059 2014 1119 2088; x_wconf 87' lang='grc' dir='ltr'><strong><em>τόν</em></strong></span> 
     </span>
     <span class='ocr_line' id='line_1_20' title="bbox 150 2110 1120 2209; baseline 0.001 -23"><span class='ocrx_word' id='word_1_143' title='bbox 150 2121 275 2205; x_wconf 86' lang='grc' dir='ltr'><strong><em>κλήρου</em></strong></span> <span class='ocrx_word' id='word_1_144' title='bbox 291 2121 349 2204; x_wconf 82' lang='grc' dir='ltr'><strong><em>τῆς</em></strong></span> <span class='ocrx_word' id='word_1_145' title='bbox 368 2122 538 2200; x_wconf 83' lang='grc' dir='ltr'><strong><em>διακονίας</em></strong></span> <span class='ocrx_word' id='word_1_146' title='bbox 556 2118 684 2206; x_wconf 88' lang='grc' dir='ltr'><strong><em>ταύτης.</em></strong></span> <span class='ocrx_word' id='word_1_147' title='bbox 713 2124 742 2188; x_wconf 88' lang='lat'><strong><em>3.</em></strong></span> <span class='ocrx_word' id='word_1_148' title='bbox 762 2110 858 2199; x_wconf 84' lang='grc' dir='ltr'><strong><em>οῦτος</em></strong></span> <span class='ocrx_word' id='word_1_149' title='bbox 875 2124 938 2209; x_wconf 69' lang='grc' dir='ltr'><strong><em>μὲν</em></strong></span> <span class='ocrx_word' id='word_1_150' title='bbox 950 2111 1012 2189; x_wconf 88' lang='grc' dir='ltr'><strong><em>οῦν</em></strong></span> <span class='ocrx_word' id='word_1_151' title='bbox 1024 2116 1120 2206; x_wconf 88' lang='grc' dir='ltr'><strong><em>έκτή-</em></strong></span> 
     </span>
     <span class='ocr_line' id='line_1_21' title="bbox 150 2219 1155 2310; baseline 0.002 -22"><span class='ocrx_word' id='word_1_152' title='bbox 150 2240 229 2289; x_wconf 91' lang='grc' dir='ltr'><strong><em>σατο</em></strong></span> <span class='ocrx_word' id='word_1_153' title='bbox 248 2227 371 2309; x_wconf 86' lang='grc' dir='ltr'><strong><em>χωρίον</em></strong></span> <span class='ocrx_word' id='word_1_154' title='bbox 386 2223 421 2289; x_wconf 91' lang='grc' dir='ltr'><strong><em>έκ</em></strong></span> <span class='ocrx_word' id='word_1_155' title='bbox 434 2224 562 2309; x_wconf 89' lang='grc' dir='ltr'><strong><em>μισθοῦ</em></strong></span> <span class='ocrx_word' id='word_1_156' title='bbox 573 2227 631 2310; x_wconf 82' lang='grc' dir='ltr'><strong><em>τῆς</em></strong></span> <span class='ocrx_word' id='word_1_157' title='bbox 644 2221 775 2302; x_wconf 83' lang='grc' dir='ltr'><strong><em>ἀδικίας</em></strong></span> <span class='ocrx_word' id='word_1_158' title='bbox 785 2219 901 2307; x_wconf 88' lang='grc' dir='ltr'><strong><em>αύτοῦ,</em></strong></span> <span class='ocrx_word' id='word_1_159' title='bbox 920 2223 974 2290; x_wconf 81' lang='grc' dir='ltr'><strong><em>καὶ</em></strong></span> <span class='ocrx_word' id='word_1_160' title='bbox 990 2221 1119 2309; x_wconf 82' lang='grc' dir='ltr'><strong><em>πρηνής</em></strong></span> <span class='ocrx_word' id='word_1_161' title='bbox 1131 2251 1155 2290; x_wconf 79' lang='grc' dir='ltr'><strong><em>ιο</em></strong></span> 
     </span>
     <span class='ocr_line' id='line_1_22' title="bbox 149 2320 1119 2412; baseline -0.002 -20"><span class='ocrx_word' id='word_1_162' title='bbox 149 2320 326 2411; x_wconf 87' lang='grc' dir='ltr'><strong><em>γενόμενος</em></strong></span> <span class='ocrx_word' id='word_1_163' title='bbox 359 2321 499 2411; x_wconf 82' lang='grc' dir='ltr'><strong><em>ἐλόκησε</em></strong></span> <span class='ocrx_word' id='word_1_164' title='bbox 528 2325 644 2412; x_wconf 87' lang='grc' dir='ltr'><strong><em>μέσος,</em></strong></span> <span class='ocrx_word' id='word_1_165' title='bbox 680 2326 735 2392; x_wconf 78' lang='grc' dir='ltr'><strong><em>καὶ</em></strong></span> <span class='ocrx_word' id='word_1_166' title='bbox 767 2321 909 2411; x_wconf 82' lang='grc' dir='ltr'><strong><em>ἐξεχύθη</em></strong></span> <span class='ocrx_word' id='word_1_167' title='bbox 940 2323 1049 2392; x_wconf 79' lang='grc' dir='ltr'><strong><em>πάντα</em></strong></span> <span class='ocrx_word' id='word_1_168' title='bbox 1080 2320 1119 2391; x_wconf 89' lang='grc' dir='ltr'><strong><em>τά</em></strong></span> 
     </span>
     <span class='ocr_line' id='line_1_23' title="bbox 150 2422 1119 2514; baseline 0 -21"><span class='ocrx_word' id='word_1_169' title='bbox 150 2423 323 2514; x_wconf 81' lang='grc' dir='ltr'><strong><em>σπλάγχνα</em></strong></span> <span class='ocrx_word' id='word_1_170' title='bbox 354 2422 478 2511; x_wconf 81' lang='grc' dir='ltr'><strong><em>αὐτοῦ,</em></strong></span> <span class='ocrx_word' id='word_1_171' title='bbox 510 2429 564 2494; x_wconf 84' lang='grc' dir='ltr'><strong><em>καὶ</em></strong></span> <span class='ocrx_word' id='word_1_172' title='bbox 596 2423 748 2513; x_wconf 86' lang='grc' dir='ltr'><strong><em>γνωστόν</em></strong></span> <span class='ocrx_word' id='word_1_173' title='bbox 779 2428 908 2511; x_wconf 86' lang='grc' dir='ltr'><strong><em>ἐγένετο</em></strong></span> <span class='ocrx_word' id='word_1_174' title='bbox 938 2427 1018 2492; x_wconf 76' lang='grc' dir='ltr'><strong><em>πόσι</em></strong></span> <span class='ocrx_word' id='word_1_175' title='bbox 1049 2440 1119 2503; x_wconf 79' lang='grc' dir='ltr'><strong><em>τοῖς</em></strong></span> 
     </span>
     <span class='ocr_line' id='line_1_24' title="bbox 82 2523 1120 2616; baseline -0.003 -20"><span class='ocrx_word' id='word_1_176' title='bbox 82 2556 136 2607; x_wconf 70' lang='grc' dir='ltr'><strong><em>μιν)</em></strong></span> <span class='ocrx_word' id='word_1_177' title='bbox 151 2530 363 2596; x_wconf 85' lang='grc' dir='ltr'><strong><em>κατοικοῦσιν</em></strong></span> <span class='ocrx_word' id='word_1_178' title='bbox 375 2523 612 2616; x_wconf 71' lang='grc' dir='ltr'><strong><em>Ἰερουσαλήμ,</em></strong></span> <span class='ocrx_word' id='word_1_179' title='bbox 641 2524 724 2595; x_wconf 77' lang='grc' dir='ltr'><strong><em>ὥστε</em></strong></span> <span class='ocrx_word' id='word_1_180' title='bbox 749 2528 916 2612; x_wconf 76' lang='grc' dir='ltr'><strong><em>κληθῆναι</em></strong></span> <span class='ocrx_word' id='word_1_181' title='bbox 940 2527 976 2593; x_wconf 88' lang='grc' dir='ltr'><strong><em>τό</em></strong></span> <span class='ocrx_word' id='word_1_182' title='bbox 995 2533 1120 2613; x_wconf 88' lang='grc' dir='ltr'><strong><em>χωριόν</em></strong></span> 
     </span>
     <span class='ocr_line' id='line_1_25' title="bbox 150 2622 1119 2718; baseline -0.004 -21"><span class='ocrx_word' id='word_1_183' title='bbox 150 2632 257 2697; x_wconf 80' lang='grc' dir='ltr'><strong><em>έκεῖνο</em></strong></span> <span class='ocrx_word' id='word_1_184' title='bbox 282 2633 322 2715; x_wconf 81' lang='grc' dir='ltr'><strong><em>τή</em></strong></span> <span class='ocrx_word' id='word_1_185' title='bbox 347 2633 418 2718; x_wconf 77' lang='grc' dir='ltr'><strong><em>ἐδίηι</em></strong></span> <span class='ocrx_word' id='word_1_186' title='bbox 443 2630 602 2718; x_wconf 77' lang='grc' dir='ltr'><strong><em>διαλέκτῳ</em></strong></span> <span class='ocrx_word' id='word_1_187' title='bbox 630 2623 741 2695; x_wconf 89' lang='grc' dir='ltr'><strong><em>αῦτῶυ</em></strong></span> <span class='ocrx_word' id='word_1_188' title='bbox 757 2622 979 2715; x_wconf 74' lang='grc' dir='ltr'><strong><em>Ἁκελδαμάχ,</em></strong></span> <span class='ocrx_word' id='word_1_189' title='bbox 1007 2623 1024 2694; x_wconf 84' lang='grc' dir='ltr'><strong><em>ό</em></strong></span> <span class='ocrx_word' id='word_1_190' title='bbox 1049 2633 1119 2694; x_wconf 88' lang='grc' dir='ltr'><strong><em>ἐστι</em></strong></span> 
     </span>
     <span class='ocr_line' id='line_1_26' title="bbox 149 2725 1158 2820; baseline 0.003 -25"><span class='ocrx_word' id='word_1_191' title='bbox 149 2735 272 2816; x_wconf 86' lang='grc' dir='ltr'><strong><em>χωρίου</em></strong></span> <span class='ocrx_word' id='word_1_192' title='bbox 291 2733 435 2814; x_wconf 79' lang='grc' dir='ltr'><strong><em>αἵματος.</em></strong></span> <span class='ocrx_word' id='word_1_193' title='bbox 479 2730 659 2815; x_wconf 83' lang='grc' dir='ltr'><strong><em>γέγραπται</em></strong></span> <span class='ocrx_word' id='word_1_194' title='bbox 683 2725 746 2815; x_wconf 83' lang='grc' dir='ltr'><strong><em>γάρ</em></strong></span> <span class='ocrx_word' id='word_1_195' title='bbox 766 2732 801 2796; x_wconf 85' lang='grc' dir='ltr'><strong><em>έν</em></strong></span> <span class='ocrx_word' id='word_1_196' title='bbox 826 2735 934 2820; x_wconf 79' lang='grc' dir='ltr'><strong><em>βίβλῳ</em></strong></span> <span class='ocrx_word' id='word_1_197' title='bbox 957 2729 1117 2814; x_wconf 84' lang='grc' dir='ltr'><strong><em>Ψαλμῶν,</em></strong></span> <span class='ocrx_word' id='word_1_198' title='bbox 1132 2756 1158 2798; x_wconf 76' lang='lat'><strong><em>2⁵</em></strong></span> 
     </span>
     <span class='ocr_line' id='line_1_27' title="bbox 150 2823 1118 2919; baseline 0.003 -24"><span class='ocrx_word' id='word_1_199' title='bbox 150 2824 327 2919; x_wconf 76' lang='grc' dir='ltr'><strong><em>γενηθήτω</em></strong></span> <span class='ocrx_word' id='word_1_200' title='bbox 352 2825 373 2916; x_wconf 90' lang='grc' dir='ltr'><strong><em>ή</em></strong></span> <span class='ocrx_word' id='word_1_201' title='bbox 398 2833 535 2908; x_wconf 80' lang='grc' dir='ltr'><strong><em>ἔπαυλις</em></strong></span> <span class='ocrx_word' id='word_1_202' title='bbox 559 2827 664 2899; x_wconf 83' lang='grc' dir='ltr'><strong><em>αὐτοῦ</em></strong></span> <span class='ocrx_word' id='word_1_203' title='bbox 689 2838 825 2917; x_wconf 81' lang='grc' dir='ltr'><strong><em>ἕρημος,</em></strong></span> <span class='ocrx_word' id='word_1_204' title='bbox 853 2832 908 2897; x_wconf 79' lang='grc' dir='ltr'><strong><em>καὶ</em></strong></span> <span class='ocrx_word' id='word_1_205' title='bbox 932 2827 977 2916; x_wconf 81' lang='grc' dir='ltr'><strong><em>μή</em></strong></span> <span class='ocrx_word' id='word_1_206' title='bbox 997 2823 1118 2898; x_wconf 86' lang='grc' dir='ltr'><strong><em>έστωό</em></strong></span> 
     </span>
     <span class='ocr_line' id='line_1_28' title="bbox 150 2926 1118 3021; baseline 0.002 -24"><span class='ocrx_word' id='word_1_207' title='bbox 150 2933 313 2998; x_wconf 87' lang='grc' dir='ltr'><strong><em>κατοικῶν</em></strong></span> <span class='ocrx_word' id='word_1_208' title='bbox 331 2933 367 2998; x_wconf 79' lang='grc' dir='ltr'><strong><em>ἐν</em></strong></span> <span class='ocrx_word' id='word_1_209' title='bbox 386 2926 487 3021; x_wconf 83' lang='grc' dir='ltr'><strong><em>αύτή,</em></strong></span> <span class='ocrx_word' id='word_1_210' title='bbox 512 2933 567 2999; x_wconf 80' lang='grc' dir='ltr'><strong><em>καὶ</em></strong></span> <span class='ocrx_word' id='word_1_211' title='bbox 586 2929 647 3017; x_wconf 88' lang='grc' dir='ltr'><strong><em>τήν</em></strong></span> <span class='ocrx_word' id='word_1_212' title='bbox 665 2930 849 3016; x_wconf 87' lang='grc' dir='ltr'><strong><em>έπισκοπήν</em></strong></span> <span class='ocrx_word' id='word_1_213' title='bbox 867 2928 971 2998; x_wconf 83' lang='grc' dir='ltr'><strong><em>αὐτοῦ</em></strong></span> <span class='ocrx_word' id='word_1_214' title='bbox 989 2933 1118 3015; x_wconf 83' lang='grc' dir='ltr'><strong><em>λαβέτω</em></strong></span> 
     </span>
     <span class='ocr_line' id='line_1_29' title="bbox 150 3025 1118 3119; baseline 0.001 -19"><span class='ocrx_word' id='word_1_215' title='bbox 150 3025 293 3116; x_wconf 73' lang='grc' dir='ltr'><strong><em>ἕτερος.”</em></strong></span> <span class='ocrx_word' id='word_1_216' title='bbox 337 3035 366 3100; x_wconf 84' lang='grc'><strong><em>4.</em></strong></span> <span class='ocrx_word' id='word_1_217' title='bbox 385 3037 489 3102; x_wconf 91' lang='grc' dir='ltr'><strong><em>ταῦτα</em></strong></span> <span class='ocrx_word' id='word_1_218' title='bbox 506 3039 589 3119; x_wconf 92' lang='grc' dir='ltr'><strong><em>γοῦν</em></strong></span> <span class='ocrx_word' id='word_1_219' title='bbox 606 3027 624 3099; x_wconf 89' lang='grc' dir='ltr'>ὁ</span> <span class='ocrx_word' id='word_1_220' title='bbox 644 3035 770 3116; x_wconf 76' lang='grc' dir='ltr'><strong><em>Πέτρος</em></strong></span> <span class='ocrx_word' id='word_1_221' title='bbox 797 3030 903 3100; x_wconf 77' lang='grc' dir='ltr'><strong><em>εἰκῶν</em></strong></span> <span class='ocrx_word' id='word_1_222' title='bbox 920 3027 1118 3101; x_wconf 79' lang='grc' dir='ltr'><strong><em>ὑποτίθεται</em></strong></span> 
     </span>
     <span class='ocr_line' id='line_1_30' title="bbox 150 3127 1119 3220; baseline -0.001 -18"><span class='ocrx_word' id='word_1_223' title='bbox 150 3136 263 3220; x_wconf 79' lang='grc' dir='ltr'><strong><em>ἕτερον</em></strong></span> <span class='ocrx_word' id='word_1_224' title='bbox 280 3127 354 3201; x_wconf 77' lang='grc' dir='ltr'><strong><em>ἀντὶ</em></strong></span> <span class='ocrx_word' id='word_1_225' title='bbox 372 3140 431 3202; x_wconf 91' lang='grc' dir='ltr'><strong><em>τοῦ</em></strong></span> <span class='ocrx_word' id='word_1_226' title='bbox 447 3129 556 3203; x_wconf 81' lang='grc' dir='ltr'><strong><em>Ἰούδα</em></strong></span> <span class='ocrx_word' id='word_1_227' title='bbox 581 3138 656 3203; x_wconf 82' lang='grc' dir='ltr'><strong><em>δεῖν</em></strong></span> <span class='ocrx_word' id='word_1_228' title='bbox 674 3130 882 3219; x_wconf 77' lang='grc' dir='ltr'><strong><em>παραλαβεῖν</em></strong></span> <span class='ocrx_word' id='word_1_229' title='bbox 907 3140 954 3213; x_wconf 75' lang='grc' dir='ltr'><strong><em>εἰς</em></strong></span> <span class='ocrx_word' id='word_1_230' title='bbox 971 3129 1029 3201; x_wconf 87' lang='grc' dir='ltr'><strong><em>τόν</em></strong></span> <span class='ocrx_word' id='word_1_231' title='bbox 1047 3138 1119 3201; x_wconf 82' lang='grc' dir='ltr'><strong><em>λεί-</em></strong></span> 
     </span>
     <span class='ocr_line' id='line_1_31' title="bbox 149 3230 1156 3322; baseline 0.001 -19"><span class='ocrx_word' id='word_1_232' title='bbox 149 3261 254 3303; x_wconf 89' lang='grc' dir='ltr'><strong><em>ποντα</em></strong></span> <span class='ocrx_word' id='word_1_233' title='bbox 271 3237 339 3302; x_wconf 91' lang='grc' dir='ltr'><strong><em>τῶν</em></strong></span> <span class='ocrx_word' id='word_1_234' title='bbox 365 3232 497 3304; x_wconf 89' lang='grc' dir='ltr'><strong><em>δῶδεκα</em></strong></span> <span class='ocrx_word' id='word_1_235' title='bbox 520 3231 714 3304; x_wconf 90' lang='grc' dir='ltr'><strong><em>ἀποστόλων</em></strong></span> <span class='ocrx_word' id='word_1_236' title='bbox 732 3232 896 3322; x_wconf 86' lang='grc' dir='ltr'><strong><em>ἀριθμὸν,</em></strong></span> <span class='ocrx_word' id='word_1_237' title='bbox 922 3230 1012 3314; x_wconf 77' lang='grc' dir='ltr'><strong><em>ὅπως</em></strong></span> <span class='ocrx_word' id='word_1_238' title='bbox 1030 3242 1117 3322; x_wconf 89' lang='grc' dir='ltr'><strong><em>πλη·</em></strong></span> <span class='ocrx_word' id='word_1_239' title='bbox 1130 3263 1156 3304; x_wconf 85' lang='grc' dir='ltr'><strong><em>ω</em></strong></span> 
     </span>
    </p>
   </div>
   <div class='ocr_carea' id='block_1_3' title="bbox 209 3463 421 3529">
    <p class='ocr_par' dir='ltr' id='par_1_3' title="bbox 209 3463 421 3529">
     <span class='ocr_line' id='line_1_32' title="bbox 209 3463 421 3529; baseline 0.024 -17"><span class='ocrx_word' id='word_1_240' title='bbox 209 3464 245 3513; x_wconf 78' lang='grc' dir='ltr'><strong><em>ιε</em></strong></span> <span class='ocrx_word' id='word_1_241' title='bbox 260 3463 323 3519; x_wconf 72' lang='lat' dir='ltr'><strong><em>Aet,</em></strong></span> <span class='ocrx_word' id='word_1_242' title='bbox 340 3467 363 3529; x_wconf 87' lang='lat'><strong><em>1,</em></strong></span> <span class='ocrx_word' id='word_1_243' title='bbox 379 3467 421 3517; x_wconf 82' lang='grc' dir='ltr'><strong><em>ιο.</em></strong></span> 
     </span>
    </p>
   </div>
   <div class='ocr_carea' id='block_1_4' title="bbox 0 0 1168 3818">
    <p class='ocr_par' dir='ltr' id='par_1_4' title="bbox 0 0 1168 3818">
     <span class='ocr_line' id='line_1_33' title="bbox 0 0 1168 3818; baseline 0 0"><span class='ocrx_word' id='word_1_244' title='bbox 0 0 1168 3818; x_wconf 95' lang='lat' dir='ltr'><strong><em> </em></strong></span> 
     </span>
    </p>
   </div>
  </div>
 </body>
</html>
