<?xml version="1.0" encoding="UTF-8"?>
<!DOCTYPE html PUBLIC "-//W3C//DTD XHTML 1.0 Transitional//EN"
    "http://www.w3.org/TR/xhtml1/DTD/xhtml1-transitional.dtd">
<html xmlns="http://www.w3.org/1999/xhtml" xml:lang="en" lang="en">
 <head>
  <title>
</title>
<meta http-equiv="Content-Type" content="text/html;charset=utf-8" />
  <meta name='ocr-system' content='tesseract 3.04.00' />
  <meta name='ocr-capabilities' content='ocr_page ocr_carea ocr_par ocr_line ocrx_word'/>
</head>
<body>
  <div class='ocr_page' id='page_1' title='image "./eusebiicaesarie01dindgoog/eusebiicaesarie01dindgoog_0489.png"; bbox 0 0 2326 3818; ppageno 0'>
   <div class='ocr_carea' id='block_1_1' title="bbox 147 108 703 171">
    <p class='ocr_par' dir='ltr' id='par_1_1' title="bbox 147 108 703 171">
     <span class='ocr_line' id='line_1_1' title="bbox 147 108 703 171; baseline -0.023 0"><span class='ocrx_word' id='word_1_1' title='bbox 147 108 210 171; x_wconf 76' lang='lat'><em>422</em></span> <span class='ocrx_word' id='word_1_2' title='bbox 557 109 703 160; x_wconf 74' lang='grc' dir='ltr'><em>σσεειιιι</em></span> 
     </span>
    </p>
   </div>
   <div class='ocr_carea' id='block_1_2' title="bbox 80 244 1162 1958">
    <p class='ocr_par' dir='ltr' id='par_1_2' title="bbox 80 244 1162 1958">
     <span class='ocr_line' id='line_1_2' title="bbox 148 244 1126 337; baseline 0.005 -20"><span class='ocrx_word' id='word_1_3' title='bbox 148 247 282 336; x_wconf 77' lang='grc' dir='ltr'><em>ἡδονῶν</em></span> <span class='ocrx_word' id='word_1_4' title='bbox 305 246 600 319; x_wconf 89' lang='grc' dir='ltr'><em>καταπαλαιόντων</em></span> <span class='ocrx_word' id='word_1_5' title='bbox 623 246 659 317; x_wconf 83' lang='grc' dir='ltr'><em>τὸ</em></span> <span class='ocrx_word' id='word_1_6' title='bbox 683 244 898 337; x_wconf 87' lang='grc' dir='ltr'><em>ἀνθρώπειον</em></span> <span class='ocrx_word' id='word_1_7' title='bbox 921 252 1036 334; x_wconf 80' lang='grc' dir='ltr'><em>γε’νος;</em></span> <span class='ocrx_word' id='word_1_8' title='bbox 1064 253 1126 323; x_wconf 80' lang='grc' dir='ltr'><em>καλ</em></span> 
     </span>
     <span class='ocr_line' id='line_1_3' title="bbox 80 347 1126 440; baseline 0.005 -23"><span class='ocrx_word' id='word_1_9' title='bbox 80 378 133 429; x_wconf 77' lang='grc' dir='ltr'><em>μοι]</em></span> <span class='ocrx_word' id='word_1_10' title='bbox 148 348 256 431; x_wconf 86' lang='grc' dir='ltr'><em>ἀλλως</em></span> <span class='ocrx_word' id='word_1_11' title='bbox 276 350 312 419; x_wconf 75' lang='grc' dir='ltr'><em>δὲ</em></span> <span class='ocrx_word' id='word_1_12' title='bbox 331 353 431 440; x_wconf 84' lang='grc' dir='ltr'><em>ἐχρην</em></span> <span class='ocrx_word' id='word_1_13' title='bbox 448 347 641 439; x_wconf 90' lang='grc' dir='ltr'><em>ἀνθρώποις</em></span> <span class='ocrx_word' id='word_1_14' title='bbox 664 353 749 419; x_wconf 79' lang='grc' dir='ltr'><em>θεοῦ</em></span> <span class='ocrx_word' id='word_1_15' title='bbox 771 347 872 436; x_wconf 91' lang='grc' dir='ltr'><em>λόγον</em></span> <span class='ocrx_word' id='word_1_16' title='bbox 889 347 1021 436; x_wconf 79' lang='grc' dir='ltr'><em>ὁμιλεῖν</em></span> <span class='ocrx_word' id='word_1_17' title='bbox 1038 355 1126 439; x_wconf 81' lang='grc' dir='ltr'><em>μέλ-</em></span> 
     </span>
     <span class='ocr_line' id='line_1_4' title="bbox 148 447 1125 542; baseline 0.003 -21"><span class='ocrx_word' id='word_1_18' title='bbox 148 461 259 540; x_wconf 90' lang='grc' dir='ltr'><em>λοντα,</em></span> <span class='ocrx_word' id='word_1_19' title='bbox 279 455 333 522; x_wconf 81' lang='grc' dir='ltr'><em>καὶ</em></span> <span class='ocrx_word' id='word_1_20' title='bbox 352 449 473 542; x_wconf 88' lang='grc' dir='ltr'><em>σαρκός</em></span> <span class='ocrx_word' id='word_1_21' title='bbox 490 450 605 532; x_wconf 79' lang='grc' dir='ltr'><strong><em>ἀκοαῖς</em></strong></span> <span class='ocrx_word' id='word_1_22' title='bbox 618 449 658 521; x_wconf 88' lang='grc' dir='ltr'><em>τά</em></span> <span class='ocrx_word' id='word_1_23' title='bbox 671 457 729 539; x_wconf 81' lang='grc' dir='ltr'><em>τῆς</em></span> <span class='ocrx_word' id='word_1_24' title='bbox 748 447 919 537; x_wconf 76' lang='grc' dir='ltr'><strong><em>εὐσεβείας</em></strong></span> <span class='ocrx_word' id='word_1_25' title='bbox 932 449 1125 540; x_wconf 81' lang='grc' dir='ltr'><em>μαθήματα</em></span> 
     </span>
     <span class='ocr_line' id='line_1_5' title="bbox 148 551 1126 643; baseline 0.002 -22"><span class='ocrx_word' id='word_1_26' title='bbox 148 551 406 643; x_wconf 76' lang='grc' dir='ltr'><em>παραδώσοντα,</em></span> <span class='ocrx_word' id='word_1_27' title='bbox 425 560 615 643; x_wconf 90' lang='grc' dir='ltr'><em>τεραστείας</em></span> <span class='ocrx_word' id='word_1_28' title='bbox 632 579 668 621; x_wconf 88' lang='grc' dir='ltr'><em>τε</em></span> <span class='ocrx_word' id='word_1_29' title='bbox 686 554 741 621; x_wconf 84' lang='grc' dir='ltr'><em>καὶ</em></span> <span class='ocrx_word' id='word_1_30' title='bbox 759 555 1041 640; x_wconf 82' lang='grc' dir='ltr'><em>παραδοξοποιίας</em></span> <span class='ocrx_word' id='word_1_31' title='bbox 1060 552 1126 626; x_wconf 83' lang='grc' dir='ltr'><em>ἀν-</em></span> 
     </span>
     <span class='ocr_line' id='line_1_6' title="bbox 80 650 1152 744; baseline 0.006 -23"><span class='ocrx_word' id='word_1_32' title='bbox 80 681 134 734; x_wconf 79' lang='grc' dir='ltr'><em>μιι]</em></span> <span class='ocrx_word' id='word_1_33' title='bbox 147 653 297 741; x_wconf 87' lang='grc' dir='ltr'><em>θρώπων</em></span> <span class='ocrx_word' id='word_1_34' title='bbox 322 653 510 742; x_wconf 81' lang='grc' dir='ltr'><em>ὀφθαλμοῖς</em></span> <span class='ocrx_word' id='word_1_35' title='bbox 536 660 621 724; x_wconf 80' lang='grc' dir='ltr'><em>θεοῦ</em></span> <span class='ocrx_word' id='word_1_36' title='bbox 646 680 682 722; x_wconf 90' lang='grc' dir='ltr'><em>τε</em></span> <span class='ocrx_word' id='word_1_37' title='bbox 702 650 846 740; x_wconf 76' lang='grc' dir='ltr'><em>δύναμιν</em></span> <span class='ocrx_word' id='word_1_38' title='bbox 864 657 986 740; x_wconf 81' lang='grc' dir='ltr'><em>ἐναργῆ</em></span> <span class='ocrx_word' id='word_1_39' title='bbox 1005 680 1152 744; x_wconf 79' lang='grc' dir='ltr'><em>παρα-τ</em></span> 
     </span>
     <span class='ocr_line' id='line_1_7' title="bbox 145 751 1127 845; baseline 0.001 -19"><span class='ocrx_word' id='word_1_40' title='bbox 145 755 327 844; x_wconf 84' lang='grc' dir='ltr'><em>στήσοντα,</em></span> <span class='ocrx_word' id='word_1_41' title='bbox 346 753 390 842; x_wconf 83' lang='grc' dir='ltr'><em>μὴ</em></span> <span class='ocrx_word' id='word_1_42' title='bbox 408 752 515 836; x_wconf 79' lang='grc' dir='ltr'><em>ἄλλως</em></span> <span class='ocrx_word' id='word_1_43' title='bbox 533 751 553 841; x_wconf 75' lang='grc' dir='ltr'>ἢ</span> <span class='ocrx_word' id='word_1_44' title='bbox 573 753 629 823; x_wconf 79' lang='grc' dir='ltr'><em>διὰ</em></span> <span class='ocrx_word' id='word_1_45' title='bbox 645 760 704 824; x_wconf 86' lang='grc' dir='ltr'><em>τοῦ</em></span> <span class='ocrx_word' id='word_1_46' title='bbox 722 751 894 842; x_wconf 74' lang='grc' dir='ltr'><em>συνήθους</em></span> <span class='ocrx_word' id='word_1_47' title='bbox 913 751 994 841; x_wconf 76' lang='grc' dir='ltr'><em>ἡμῖν</em></span> <span class='ocrx_word' id='word_1_48' title='bbox 1012 753 1127 845; x_wconf 85' lang='grc' dir='ltr'><em>ὀργά-</em></span> 
     </span>
     <span class='ocr_line' id='line_1_8' title="bbox 146 851 1128 945; baseline 0.005 -18"><span class='ocrx_word' id='word_1_49' title='bbox 146 886 208 927; x_wconf 90' lang='grc' dir='ltr'><em>νου</em></span> <span class='ocrx_word' id='word_1_50' title='bbox 233 860 330 926; x_wconf 72' lang='grc' dir='ltr'><em>τοῦτο</em></span> <span class='ocrx_word' id='word_1_51' title='bbox 353 858 491 945; x_wconf 82' lang='grc' dir='ltr'><em>πρᾶξαι,</em></span> <span class='ocrx_word' id='word_1_52' title='bbox 523 852 572 924; x_wconf 80' lang='grc' dir='ltr'><em>ὅτι</em></span> <span class='ocrx_word' id='word_1_53' title='bbox 599 854 681 925; x_wconf 73' lang='grc' dir='ltr'><em>οὐδὲ</em></span> <span class='ocrx_word' id='word_1_54' title='bbox 706 857 808 925; x_wconf 80' lang='grc' dir='ltr'><em>πλέον</em></span> <span class='ocrx_word' id='word_1_55' title='bbox 826 851 929 925; x_wconf 76' lang='grc' dir='ltr'><em>οάὃέν</em></span> <span class='ocrx_word' id='word_1_56' title='bbox 952 855 1128 943; x_wconf 85' lang='grc' dir='ltr'><em>σωμάτων</em></span> 
     </span>
     <span class='ocr_line' id='line_1_9' title="bbox 145 946 1127 1046; baseline 0.006 -19"><span class='ocrx_word' id='word_1_57' title='bbox 145 956 228 1046; x_wconf 81' lang='grc' dir='ltr'><em>ὁρᾶν</em></span> <span class='ocrx_word' id='word_1_58' title='bbox 240 954 433 1046; x_wconf 86' lang='grc' dir='ltr'><em>ἀνθρώπων</em></span> <span class='ocrx_word' id='word_1_59' title='bbox 447 956 592 1027; x_wconf 78' lang='grc' dir='ltr'><em>δυνατόν</em></span> <span class='ocrx_word' id='word_1_60' title='bbox 605 946 647 1046; x_wconf 78' lang='grc' dir='ltr'><em>ἦν</em></span> <span class='ocrx_word' id='word_1_61' title='bbox 664 952 864 1046; x_wconf 74' lang='grc' dir='ltr'><em>ὀφθαλμοῖς,</em></span> <span class='ocrx_word' id='word_1_62' title='bbox 883 953 960 1026; x_wconf 76' lang='grc' dir='ltr'><em>οὐδ’</em></span> <span class='ocrx_word' id='word_1_63' title='bbox 976 957 1127 1033; x_wconf 81' lang='grc' dir='ltr'><em>ἀκούειν</em></span> 
     </span>
     <span class='ocr_line' id='line_1_10' title="bbox 146 1055 1124 1149; baseline 0.006 -23"><span class='ocrx_word' id='word_1_64' title='bbox 146 1055 252 1145; x_wconf 79' lang='grc' dir='ltr'><em>ἀκοὴν</em></span> <span class='ocrx_word' id='word_1_65' title='bbox 270 1059 372 1127; x_wconf 80' lang='grc' dir='ltr'><em>πλέον</em></span> <span class='ocrx_word' id='word_1_66' title='bbox 389 1088 420 1127; x_wconf 91' lang='grc' dir='ltr'><em>τι</em></span> <span class='ocrx_word' id='word_1_67' title='bbox 438 1065 496 1127; x_wconf 83' lang='grc' dir='ltr'><em>τοῦ</em></span> <span class='ocrx_word' id='word_1_68' title='bbox 515 1056 571 1128; x_wconf 80' lang='grc' dir='ltr'><em>διά</em></span> <span class='ocrx_word' id='word_1_69' title='bbox 589 1056 735 1147; x_wconf 92' lang='grc' dir='ltr'><em>γλώττης</em></span> <span class='ocrx_word' id='word_1_70' title='bbox 753 1061 1006 1149; x_wconf 78' lang='grc' dir='ltr'><em>προφερομένου</em></span> <span class='ocrx_word' id='word_1_71' title='bbox 1021 1056 1124 1149; x_wconf 79' lang='grc' dir='ltr'><em>ἤχου.</em></span> 
     </span>
     <span class='ocr_line' id='line_1_11' title="bbox 146 1149 1159 1252; baseline 0.001 -27"><span class='ocrx_word' id='word_1_72' title='bbox 146 1163 197 1228; x_wconf 66' lang='grc'><em>93.</em></span> <span class='ocrx_word' id='word_1_73' title='bbox 216 1155 263 1227; x_wconf 78' lang='grc' dir='ltr'><em>ἵν’</em></span> <span class='ocrx_word' id='word_1_74' title='bbox 284 1149 348 1228; x_wconf 78' lang='grc' dir='ltr'><em>οὖν</em></span> <span class='ocrx_word' id='word_1_75' title='bbox 364 1162 420 1229; x_wconf 83' lang='grc' dir='ltr'><em>καλ</em></span> <span class='ocrx_word' id='word_1_76' title='bbox 440 1156 495 1228; x_wconf 78' lang='grc' dir='ltr'><em>ὃιά</em></span> <span class='ocrx_word' id='word_1_77' title='bbox 509 1158 672 1248; x_wconf 83' lang='grc' dir='ltr'><em>σωμάτων</em></span> <span class='ocrx_word' id='word_1_78' title='bbox 686 1159 876 1248; x_wconf 76' lang='grc' dir='ltr'><em>αἰσθήσεως</em></span> <span class='ocrx_word' id='word_1_79' title='bbox 890 1167 946 1247; x_wconf 78' lang='grc' dir='ltr'><em>τῆς</em></span> <span class='ocrx_word' id='word_1_80' title='bbox 961 1165 1028 1229; x_wconf 81' lang='grc' dir='ltr'><em>τών</em></span> <span class='ocrx_word' id='word_1_81' title='bbox 1039 1192 1124 1252; x_wconf 87' lang='grc' dir='ltr'><em>υοη-</em></span> <span class='ocrx_word' id='word_1_82' title='bbox 1156 1202 1159 1226; x_wconf 63' lang='grc' dir='ltr'><em>ι</em></span> 
     </span>
     <span class='ocr_line' id='line_1_12' title="bbox 146 1258 1124 1352; baseline 0.007 -24"><span class='ocrx_word' id='word_1_83' title='bbox 146 1264 214 1329; x_wconf 84' lang='grc' dir='ltr'><em>τών</em></span> <span class='ocrx_word' id='word_1_84' title='bbox 232 1262 287 1329; x_wconf 84' lang='grc' dir='ltr'><em>καὶ</em></span> <span class='ocrx_word' id='word_1_85' title='bbox 311 1258 498 1348; x_wconf 76' lang='grc' dir='ltr'><em>ἀσωμάτων</em></span> <span class='ocrx_word' id='word_1_86' title='bbox 522 1266 652 1343; x_wconf 92' lang='grc' dir='ltr'><em>ἐννοίας</em></span> <span class='ocrx_word' id='word_1_87' title='bbox 679 1260 933 1349; x_wconf 85' lang='grc' dir='ltr'><em>ἐπιλαβώμεθα,</em></span> <span class='ocrx_word' id='word_1_88' title='bbox 957 1259 1015 1330; x_wconf 87' lang='grc' dir='ltr'><em>τόν</em></span> <span class='ocrx_word' id='word_1_89' title='bbox 1034 1261 1124 1352; x_wconf 81' lang='grc' dir='ltr'><em>ἡμῖν</em></span> 
     </span>
     <span class='ocr_line' id='line_1_13' title="bbox 146 1359 1123 1452; baseline 0.006 -22"><span class='ocrx_word' id='word_1_90' title='bbox 146 1367 293 1450; x_wconf 77' lang='grc' dir='ltr'><em>συγγενῆ</em></span> <span class='ocrx_word' id='word_1_91' title='bbox 311 1366 366 1431; x_wconf 78' lang='grc' dir='ltr'><em>καὶ</em></span> <span class='ocrx_word' id='word_1_92' title='bbox 384 1360 553 1452; x_wconf 76' lang='grc' dir='ltr'><em>γνώριμον</em></span> <span class='ocrx_word' id='word_1_93' title='bbox 571 1361 671 1451; x_wconf 92' lang='grc' dir='ltr'><em>λόγον</em></span> <span class='ocrx_word' id='word_1_94' title='bbox 685 1359 783 1445; x_wconf 79' lang='grc' dir='ltr'><em>αὐτὸς</em></span> <span class='ocrx_word' id='word_1_95' title='bbox 801 1360 907 1443; x_wconf 86' lang='grc' dir='ltr'><em>ὁθεός</em></span> <span class='ocrx_word' id='word_1_96' title='bbox 921 1360 1017 1449; x_wconf 85' lang='grc' dir='ltr'><em>λόγος</em></span> <span class='ocrx_word' id='word_1_97' title='bbox 1036 1363 1123 1436; x_wconf 86' lang='grc' dir='ltr'><em>ἀνε-</em></span> 
     </span>
     <span class='ocr_line' id='line_1_14' title="bbox 146 1459 1122 1552; baseline 0.007 -21"><span class='ocrx_word' id='word_1_98' title='bbox 146 1461 315 1552; x_wconf 85' lang='grc' dir='ltr'><em>λάμβανε,</em></span> <span class='ocrx_word' id='word_1_99' title='bbox 339 1467 395 1533; x_wconf 85' lang='grc' dir='ltr'><em>καὶ</em></span> <span class='ocrx_word' id='word_1_100' title='bbox 419 1461 528 1534; x_wconf 86' lang='grc' dir='ltr'><em>πάντα</em></span> <span class='ocrx_word' id='word_1_101' title='bbox 550 1492 589 1551; x_wconf 91' lang='grc' dir='ltr'><em>γε</em></span> <span class='ocrx_word' id='word_1_102' title='bbox 615 1460 661 1534; x_wconf 76' lang='grc' dir='ltr'><em>δι’</em></span> <span class='ocrx_word' id='word_1_103' title='bbox 687 1459 791 1533; x_wconf 79' lang='grc' dir='ltr'><em>αὐτοῦ</em></span> <span class='ocrx_word' id='word_1_104' title='bbox 816 1462 855 1532; x_wconf 87' lang='grc' dir='ltr'><em>τά</em></span> <span class='ocrx_word' id='word_1_105' title='bbox 883 1461 1027 1550; x_wconf 82' lang='grc' dir='ltr'><em>σωτήρια</em></span> <span class='ocrx_word' id='word_1_106' title='bbox 1046 1486 1122 1549; x_wconf 86' lang='grc' dir='ltr'><em>τοῖς</em></span> 
     </span>
     <span class='ocr_line' id='line_1_15' title="bbox 117 1561 1121 1651; baseline 0.005 -18"><span class='ocrx_word' id='word_1_107' title='bbox 117 1561 319 1651; x_wconf 81' lang='grc' dir='ltr'><em>ιαύτηκόοις</em></span> <span class='ocrx_word' id='word_1_108' title='bbox 338 1568 393 1634; x_wconf 81' lang='grc' dir='ltr'><em>καὶ</em></span> <span class='ocrx_word' id='word_1_109' title='bbox 407 1563 585 1646; x_wconf 86' lang='grc' dir='ltr'><em>αὐτόπταις</em></span> <span class='ocrx_word' id='word_1_110' title='bbox 598 1570 666 1634; x_wconf 82' lang='grc' dir='ltr'><em>τών</em></span> <span class='ocrx_word' id='word_1_111' title='bbox 685 1566 815 1634; x_wconf 81' lang='grc' dir='ltr'><em>ἐνθέων</em></span> <span class='ocrx_word' id='word_1_112' title='bbox 834 1561 939 1634; x_wconf 74' lang='grc' dir='ltr'><em>αὐτοῦ</em></span> <span class='ocrx_word' id='word_1_113' title='bbox 952 1562 1063 1650; x_wconf 91' lang='grc' dir='ltr'><em>λόγων</em></span> <span class='ocrx_word' id='word_1_114' title='bbox 1082 1597 1121 1638; x_wconf 90' lang='grc' dir='ltr'><em>τε</em></span> 
     </span>
     <span class='ocr_line' id='line_1_16' title="bbox 146 1664 1162 1755; baseline 0.007 -22"><span class='ocrx_word' id='word_1_115' title='bbox 146 1669 201 1734; x_wconf 78' lang='grc' dir='ltr'><em>καὶ</em></span> <span class='ocrx_word' id='word_1_116' title='bbox 219 1674 328 1755; x_wconf 80' lang='grc' dir='ltr'><em>ἔργων</em></span> <span class='ocrx_word' id='word_1_117' title='bbox 344 1665 575 1754; x_wconf 77' lang='grc' dir='ltr'><em>προεβάλλετο.</em></span> <span class='ocrx_word' id='word_1_118' title='bbox 613 1671 663 1735; x_wconf 75' lang='lat'><em>24.</em></span> <span class='ocrx_word' id='word_1_119' title='bbox 683 1669 737 1734; x_wconf 78' lang='grc' dir='ltr'><em>καὶ</em></span> <span class='ocrx_word' id='word_1_120' title='bbox 755 1664 849 1735; x_wconf 77' lang='grc' dir='ltr'><em>σαντ’</em></span> <span class='ocrx_word' id='word_1_121' title='bbox 879 1672 1017 1753; x_wconf 81' lang='grc' dir='ltr'><em>ἔπραττε</em></span> <span class='ocrx_word' id='word_1_122' title='bbox 1041 1687 1119 1750; x_wconf 89' lang='grc' dir='ltr'><em>ταῖς</em></span> <span class='ocrx_word' id='word_1_123' title='bbox 1135 1698 1162 1739; x_wconf 79' lang='lat'><em>15</em></span> 
     </span>
     <span class='ocr_line' id='line_1_17' title="bbox 145 1761 1119 1855; baseline 0.006 -23"><span class='ocrx_word' id='word_1_124' title='bbox 145 1772 205 1836; x_wconf 85' lang='grc' dir='ltr'><em>τοῦ</em></span> <span class='ocrx_word' id='word_1_125' title='bbox 225 1765 376 1853; x_wconf 90' lang='grc' dir='ltr'><em>σώματος</em></span> <span class='ocrx_word' id='word_1_126' title='bbox 394 1764 553 1854; x_wconf 80' lang='grc' dir='ltr'><em>ἀνάγκαις</em></span> <span class='ocrx_word' id='word_1_127' title='bbox 571 1761 692 1854; x_wconf 85' lang='grc' dir='ltr'><em>ὁμοίως</em></span> <span class='ocrx_word' id='word_1_128' title='bbox 708 1766 791 1855; x_wconf 77' lang='grc' dir='ltr'><em>ἡμῖν</em></span> <span class='ocrx_word' id='word_1_129' title='bbox 808 1764 962 1854; x_wconf 77' lang='grc' dir='ltr'><em>οὐθαμῶς</em></span> <span class='ocrx_word' id='word_1_130' title='bbox 976 1775 1119 1838; x_wconf 76' lang='grc' dir='ltr'><em>καταδε-</em></span> 
     </span>
     <span class='ocr_line' id='line_1_18' title="bbox 146 1862 1119 1958; baseline 0.002 -22"><span class='ocrx_word' id='word_1_131' title='bbox 146 1865 344 1955; x_wconf 82' lang='grc' dir='ltr'><em>σμοώμενος,</em></span> <span class='ocrx_word' id='word_1_132' title='bbox 363 1864 446 1935; x_wconf 79' lang='grc' dir='ltr'><em>οὐδέ</em></span> <span class='ocrx_word' id='word_1_133' title='bbox 461 1897 492 1935; x_wconf 89' lang='grc' dir='ltr'><em>τι</em></span> <span class='ocrx_word' id='word_1_134' title='bbox 510 1885 622 1956; x_wconf 86' lang='grc' dir='ltr'><em>χεῖρον</em></span> <span class='ocrx_word' id='word_1_135' title='bbox 639 1862 785 1954; x_wconf 76' lang='grc' dir='ltr'><em>ἢμεῖζον</em></span> <span class='ocrx_word' id='word_1_136' title='bbox 799 1865 898 1946; x_wconf 84' lang='grc' dir='ltr'><em>αὐτὸς</em></span> <span class='ocrx_word' id='word_1_137' title='bbox 918 1870 1041 1938; x_wconf 78' lang='grc' dir='ltr'><em>ἑαυτοῦ</em></span> <span class='ocrx_word' id='word_1_138' title='bbox 1057 1875 1119 1958; x_wconf 83' lang='grc' dir='ltr'><em>της</em></span> 
     </span>
    </p>
   </div>
   <div class='ocr_carea' id='block_1_3' title="bbox 145 1963 1158 2463">
    <p class='ocr_par' dir='ltr' id='par_1_3' title="bbox 145 1963 1158 2463">
     <span class='ocr_line' id='line_1_19' title="bbox 145 1963 1119 2060; baseline 0.004 -24"><span class='ocrx_word' id='word_1_139' title='bbox 145 1967 304 2055; x_wconf 81' lang='grc' dir='ltr'><em>θεότητος</em></span> <span class='ocrx_word' id='word_1_140' title='bbox 320 1966 510 2053; x_wconf 78' lang='grc' dir='ltr'><em>ὑπομένων,</em></span> <span class='ocrx_word' id='word_1_141' title='bbox 529 1963 604 2036; x_wconf 78' lang='grc' dir='ltr'><em>οὐδ’</em></span> <span class='ocrx_word' id='word_1_142' title='bbox 624 1964 731 2045; x_wconf 80' lang='grc' dir='ltr'><em>οὕτως</em></span> <span class='ocrx_word' id='word_1_143' title='bbox 748 1963 802 2036; x_wconf 83' lang='grc' dir='ltr'><em>οἷα</em></span> <span class='ocrx_word' id='word_1_144' title='bbox 821 1965 1007 2057; x_wconf 88' lang='grc' dir='ltr'><em>ἀνθρώπου</em></span> <span class='ocrx_word' id='word_1_145' title='bbox 1025 1972 1119 2060; x_wconf 77' lang='grc' dir='ltr'><em>ψυχὴ</em></span> 
     </span>
     <span class='ocr_line' id='line_1_20' title="bbox 145 2066 1118 2158; baseline 0.005 -22"><span class='ocrx_word' id='word_1_146' title='bbox 145 2071 193 2158; x_wconf 73' lang='grc' dir='ltr'><em>τῷ</em></span> <span class='ocrx_word' id='word_1_147' title='bbox 215 2066 341 2155; x_wconf 88' lang='grc' dir='ltr'><em>σώματι</em></span> <span class='ocrx_word' id='word_1_148' title='bbox 365 2066 568 2154; x_wconf 80' lang='grc' dir='ltr'><em>πεδούμενος</em></span> <span class='ocrx_word' id='word_1_149' title='bbox 587 2066 632 2149; x_wconf 84' lang='grc' dir='ltr'><em>ώς</em></span> <span class='ocrx_word' id='word_1_150' title='bbox 649 2067 694 2156; x_wconf 81' lang='grc' dir='ltr'><em>μὴ</em></span> <span class='ocrx_word' id='word_1_151' title='bbox 714 2071 862 2156; x_wconf 73' lang='grc' dir='ltr'><em>ἐνεργεῖν</em></span> <span class='ocrx_word' id='word_1_152' title='bbox 888 2068 1058 2140; x_wconf 80' lang='grc' dir='ltr'><em>δύνασθαι</em></span> <span class='ocrx_word' id='word_1_153' title='bbox 1075 2071 1118 2141; x_wconf 88' lang='grc' dir='ltr'><em>τά</em></span> 
     </span>
     <span class='ocr_line' id='line_1_21' title="bbox 146 2169 1158 2259; baseline 0.006 -22"><span class='ocrx_word' id='word_1_154' title='bbox 146 2180 241 2254; x_wconf 82' lang='grc' dir='ltr'><em>θεῖα,</em></span> <span class='ocrx_word' id='word_1_155' title='bbox 266 2170 350 2256; x_wconf 74' lang='grc' dir='ltr'><em>μηδὲ</em></span> <span class='ocrx_word' id='word_1_156' title='bbox 374 2175 524 2258; x_wconf 81' lang='grc' dir='ltr'><em>πανταχῆ</em></span> <span class='ocrx_word' id='word_1_157' title='bbox 543 2187 699 2256; x_wconf 83' lang='grc' dir='ltr'><em>παρεῖναι</em></span> <span class='ocrx_word' id='word_1_158' title='bbox 716 2173 802 2240; x_wconf 83' lang='grc' dir='ltr'><em>θεοῦ</em></span> <span class='ocrx_word' id='word_1_159' title='bbox 821 2169 921 2258; x_wconf 91' lang='grc' dir='ltr'><em>λόγον</em></span> <span class='ocrx_word' id='word_1_160' title='bbox 939 2169 1039 2259; x_wconf 82' lang='grc' dir='ltr'><em>ὅντα,</em></span> <span class='ocrx_word' id='word_1_161' title='bbox 1059 2179 1117 2242; x_wconf 79' lang='grc' dir='ltr'><em>καὶ</em></span> <span class='ocrx_word' id='word_1_162' title='bbox 1130 2202 1158 2242; x_wconf 76' lang='grc' dir='ltr'><em>ιο</em></span> 
     </span>
     <span class='ocr_line' id='line_1_22' title="bbox 145 2267 1114 2360; baseline 0.002 -22"><span class='ocrx_word' id='word_1_163' title='bbox 145 2267 185 2339; x_wconf 86' lang='grc' dir='ltr'><em>τά</em></span> <span class='ocrx_word' id='word_1_164' title='bbox 213 2268 320 2339; x_wconf 77' lang='grc' dir='ltr'><em>πάντα</em></span> <span class='ocrx_word' id='word_1_165' title='bbox 338 2278 530 2360; x_wconf 81' lang='grc' dir='ltr'><em>πληροῦντα</em></span> <span class='ocrx_word' id='word_1_166' title='bbox 553 2274 609 2340; x_wconf 84' lang='grc' dir='ltr'><em>καὶ</em></span> <span class='ocrx_word' id='word_1_167' title='bbox 635 2271 690 2340; x_wconf 78' lang='grc' dir='ltr'><em>διά</em></span> <span class='ocrx_word' id='word_1_168' title='bbox 713 2269 848 2340; x_wconf 87' lang='grc' dir='ltr'><em>πάντων</em></span> <span class='ocrx_word' id='word_1_169' title='bbox 872 2270 1009 2360; x_wconf 76' lang='grc' dir='ltr'><em>ἥκονταΙ</em></span> <span class='ocrx_word' id='word_1_170' title='bbox 1038 2270 1114 2341; x_wconf 86' lang='grc' dir='ltr'><em>ἀλλ’</em></span> 
     </span>
     <span class='ocr_line' id='line_1_23' title="bbox 146 2362 1114 2463; baseline 0.001 -22"><span class='ocrx_word' id='word_1_171' title='bbox 146 2368 226 2442; x_wconf 73' lang='grc' dir='ltr'><em>οὐδὲ</em></span> <span class='ocrx_word' id='word_1_172' title='bbox 245 2371 353 2462; x_wconf 82' lang='grc' dir='ltr'><em>ῥύπον</em></span> <span class='ocrx_word' id='word_1_173' title='bbox 371 2368 391 2461; x_wconf 77' lang='grc' dir='ltr'><strong><em>ἢ</em></strong></span> <span class='ocrx_word' id='word_1_174' title='bbox 409 2371 545 2462; x_wconf 81' lang='grc' dir='ltr'><em>φθορὰν</em></span> <span class='ocrx_word' id='word_1_175' title='bbox 562 2369 583 2463; x_wconf 72' lang='grc' dir='ltr'><strong><em>ἢ</em></strong></span> <span class='ocrx_word' id='word_1_176' title='bbox 600 2381 727 2461; x_wconf 91' lang='grc' dir='ltr'><em>μίασμα</em></span> <span class='ocrx_word' id='word_1_177' title='bbox 746 2375 777 2455; x_wconf 81' lang='grc' dir='ltr'><em>ἐξ</em></span> <span class='ocrx_word' id='word_1_178' title='bbox 796 2362 834 2460; x_wconf 79' lang='grc' dir='ltr'><em>ἦς</em></span> <span class='ocrx_word' id='word_1_179' title='bbox 852 2372 1015 2461; x_wconf 82' lang='grc' dir='ltr'><em>ἀνείληφε</em></span> <span class='ocrx_word' id='word_1_180' title='bbox 1033 2396 1114 2461; x_wconf 90' lang='grc' dir='ltr'><em>σαρ-</em></span> 
     </span>
    </p>
   </div>
   <div class='ocr_carea' id='block_1_4' title="bbox 116 2471 1156 3474">
    <p class='ocr_par' dir='ltr' id='par_1_4' title="bbox 116 2471 1156 3474">
     <span class='ocr_line' id='line_1_24' title="bbox 145 2471 1116 2563; baseline 0 -21"><span class='ocrx_word' id='word_1_181' title='bbox 145 2472 202 2555; x_wconf 87' lang='grc' dir='ltr'><em>κός</em></span> <span class='ocrx_word' id='word_1_182' title='bbox 222 2476 500 2562; x_wconf 83' lang='grc' dir='ltr'><em>ἐπενηνεγμίνος,</em></span> <span class='ocrx_word' id='word_1_183' title='bbox 527 2473 577 2543; x_wconf 83' lang='grc' dir='ltr'><em>ὅτι</em></span> <span class='ocrx_word' id='word_1_184' title='bbox 604 2473 645 2563; x_wconf 79' lang='grc' dir='ltr'><em>δὴ</em></span> <span class='ocrx_word' id='word_1_185' title='bbox 669 2471 840 2560; x_wconf 87' lang='grc' dir='ltr'><em>ἀσώματος</em></span> <span class='ocrx_word' id='word_1_186' title='bbox 866 2471 914 2544; x_wconf 84' lang='grc' dir='ltr'><em>ών</em></span> <span class='ocrx_word' id='word_1_187' title='bbox 931 2472 1116 2562; x_wconf 77' lang='grc' dir='ltr'><em>τὴνφύσιν</em></span> 
     </span>
     <span class='ocr_line' id='line_1_25' title="bbox 146 2571 1116 2666; baseline -0.002 -23"><span class='ocrx_word' id='word_1_188' title='bbox 146 2578 202 2643; x_wconf 82' lang='grc' dir='ltr'><em>καὶ</em></span> <span class='ocrx_word' id='word_1_189' title='bbox 219 2572 319 2656; x_wconf 85' lang='grc' dir='ltr'><em>ἀν’λος</em></span> <span class='ocrx_word' id='word_1_190' title='bbox 338 2577 393 2644; x_wconf 80' lang='grc' dir='ltr'><em>καὶ</em></span> <span class='ocrx_word' id='word_1_191' title='bbox 411 2573 566 2662; x_wconf 87' lang='grc' dir='ltr'><em>ἀσαρκος,</em></span> <span class='ocrx_word' id='word_1_192' title='bbox 585 2571 639 2644; x_wconf 83' lang='grc' dir='ltr'><em>οἷα</em></span> <span class='ocrx_word' id='word_1_193' title='bbox 653 2577 737 2644; x_wconf 78' lang='grc' dir='ltr'><em>θεού</em></span> <span class='ocrx_word' id='word_1_194' title='bbox 754 2573 864 2662; x_wconf 90' lang='grc' dir='ltr'><em>λόγος,</em></span> <span class='ocrx_word' id='word_1_195' title='bbox 884 2577 990 2666; x_wconf 85' lang='grc' dir='ltr'><em>ἐνθέφ</em></span> <span class='ocrx_word' id='word_1_196' title='bbox 1009 2571 1116 2643; x_wconf 80' lang='grc' dir='ltr'><em>ὃννά-</em></span> 
     </span>
     <span class='ocr_line' id='line_1_26' title="bbox 116 2670 1154 2764; baseline -0.004 -19"><span class='ocrx_word' id='word_1_197' title='bbox 116 2719 128 2745; x_wconf 76' lang='lat' dir='ltr'>c</span> <span class='ocrx_word' id='word_1_198' title='bbox 145 2705 199 2762; x_wconf 88' lang='grc' dir='ltr'><em>μει</em></span> <span class='ocrx_word' id='word_1_199' title='bbox 218 2678 273 2743; x_wconf 88' lang='grc' dir='ltr'><em>καὶ</em></span> <span class='ocrx_word' id='word_1_200' title='bbox 291 2674 400 2762; x_wconf 91' lang='grc' dir='ltr'><em>λόγοις</em></span> <span class='ocrx_word' id='word_1_201' title='bbox 418 2670 498 2762; x_wconf 80' lang='grc' dir='ltr'><em>ἡμῖν</em></span> <span class='ocrx_word' id='word_1_202' title='bbox 521 2672 674 2763; x_wconf 82' lang='grc' dir='ltr'><em>ἀρρήτοις</em></span> <span class='ocrx_word' id='word_1_203' title='bbox 693 2679 804 2745; x_wconf 81' lang='grc' dir='ltr'><em>πᾶσαν</em></span> <span class='ocrx_word' id='word_1_204' title='bbox 827 2673 928 2764; x_wconf 80' lang='grc' dir='ltr'><em>ὑπῄει</em></span> <span class='ocrx_word' id='word_1_205' title='bbox 944 2673 1006 2760; x_wconf 79' lang='grc' dir='ltr'><em>τὴν</em></span> <span class='ocrx_word' id='word_1_206' title='bbox 1022 2679 1113 2741; x_wconf 72' lang='lat' dir='ltr'><em>oeno·</em></span> <span class='ocrx_word' id='word_1_207' title='bbox 1127 2701 1154 2742; x_wconf 79' lang='grc' dir='ltr'><em>κε</em></span> 
     </span>
     <span class='ocr_line' id='line_1_27' title="bbox 993 2799 1117 2862; baseline 0 -18"><span class='ocrx_word' id='word_1_208' title='bbox 993 2799 1117 2862; x_wconf 85' lang='grc' dir='ltr'><em>επαγο-</em></span> 
     </span>
     <span class='ocr_line' id='line_1_28' title="bbox 147 2873 1116 2966; baseline 0 -21"><span class='ocrx_word' id='word_1_209' title='bbox 147 2904 245 2964; x_wconf 91' lang='grc' dir='ltr'><em>μενος</em></span> <span class='ocrx_word' id='word_1_210' title='bbox 263 2882 330 2945; x_wconf 82' lang='grc' dir='ltr'><em>τών</em></span> <span class='ocrx_word' id='word_1_211' title='bbox 347 2873 540 2965; x_wconf 88' lang='grc' dir='ltr'><em>ἀλλοτρίων.</em></span> <span class='ocrx_word' id='word_1_212' title='bbox 583 2883 633 2949; x_wconf 80' lang='lat'><em>25.</em></span> <span class='ocrx_word' id='word_1_213' title='bbox 653 2875 779 2948; x_wconf 76' lang='grc' dir='ltr'><em>οὐκοῦν</em></span> <span class='ocrx_word' id='word_1_214' title='bbox 801 2907 833 2947; x_wconf 92' lang='grc' dir='ltr'><em>τι</em></span> <span class='ocrx_word' id='word_1_215' title='bbox 853 2886 1036 2966; x_wconf 84' lang='grc' dir='ltr'><em>φοβεῖσθαι</em></span> <span class='ocrx_word' id='word_1_216' title='bbox 1054 2874 1116 2965; x_wconf 76' lang='grc' dir='ltr'><em>χρὴ</em></span> 
     </span>
     <span class='ocr_line' id='line_1_29' title="bbox 147 2973 1117 3068; baseline 0.001 -23"><span class='ocrx_word' id='word_1_217' title='bbox 147 2977 209 3065; x_wconf 83' lang='grc' dir='ltr'><em>τὴν</em></span> <span class='ocrx_word' id='word_1_218' title='bbox 228 2985 391 3064; x_wconf 83' lang='grc' dir='ltr'><em>ἐνσαρκον</em></span> <span class='ocrx_word' id='word_1_219' title='bbox 409 2985 620 3066; x_wconf 78' lang='grc' dir='ltr'><em>οἰκονομίαν,</em></span> <span class='ocrx_word' id='word_1_220' title='bbox 646 2982 719 3049; x_wconf 85' lang='grc' dir='ltr'><em>ἐπεὶ</em></span> <span class='ocrx_word' id='word_1_221' title='bbox 737 2977 782 3068; x_wconf 77' lang='grc' dir='ltr'><em>μὴ</em></span> <span class='ocrx_word' id='word_1_222' title='bbox 802 2977 979 3067; x_wconf 76' lang='grc' dir='ltr'><em>ἐμολώνωο</em></span> <span class='ocrx_word' id='word_1_223' title='bbox 996 2976 1015 3047; x_wconf 87' lang='grc' dir='ltr'><strong>ὁ</strong></span> <span class='ocrx_word' id='word_1_224' title='bbox 1033 2973 1117 3064; x_wconf 87' lang='grc' dir='ltr'><em>ἀμό-</em></span> 
     </span>
     <span class='ocr_line' id='line_1_30' title="bbox 148 3077 1117 3168; baseline 0 -21"><span class='ocrx_word' id='word_1_225' title='bbox 148 3089 267 3160; x_wconf 91' lang='grc' dir='ltr'><em>λνντος</em></span> <span class='ocrx_word' id='word_1_226' title='bbox 285 3081 369 3167; x_wconf 68' lang='grc' dir='ltr'><em>μηδὲ</em></span> <span class='ocrx_word' id='word_1_227' title='bbox 385 3083 420 3148; x_wconf 91' lang='grc' dir='ltr'><em>ἐκ</em></span> <span class='ocrx_word' id='word_1_228' title='bbox 433 3083 491 3167; x_wconf 80' lang='grc' dir='ltr'><em>της</em></span> <span class='ocrx_word' id='word_1_229' title='bbox 505 3078 626 3167; x_wconf 87' lang='grc' dir='ltr'><em>σαρκὸς</em></span> <span class='ocrx_word' id='word_1_230' title='bbox 643 3077 661 3149; x_wconf 86' lang='grc' dir='ltr'>ὁ</span> <span class='ocrx_word' id='word_1_231' title='bbox 675 3078 833 3168; x_wconf 88' lang='grc' dir='ltr'><em>ἀμίαντος</em></span> <span class='ocrx_word' id='word_1_232' title='bbox 848 3083 1015 3168; x_wconf 80' lang='grc' dir='ltr'><em>ἐμιαίνετο</em></span> <span class='ocrx_word' id='word_1_233' title='bbox 1032 3079 1117 3167; x_wconf 74' lang='grc' dir='ltr'><em>μηδὲ</em></span> 
     </span>
     <span class='ocr_line' id='line_1_31' title="bbox 147 3175 1156 3272; baseline 0.001 -24"><span class='ocrx_word' id='word_1_234' title='bbox 147 3189 393 3271; x_wconf 88' lang='grc' dir='ltr'><em>σννεφθείρετο</em></span> <span class='ocrx_word' id='word_1_235' title='bbox 411 3184 452 3272; x_wconf 77' lang='grc' dir='ltr'><em>τη</em></span> <span class='ocrx_word' id='word_1_236' title='bbox 469 3185 528 3252; x_wconf 82' lang='grc' dir='ltr'><em>τοῦ</em></span> <span class='ocrx_word' id='word_1_237' title='bbox 547 3178 697 3271; x_wconf 90' lang='grc' dir='ltr'><em>σώματος</em></span> <span class='ocrx_word' id='word_1_238' title='bbox 710 3187 818 3271; x_wconf 78' lang='grc' dir='ltr'><em>οἰκείᾳ</em></span> <span class='ocrx_word' id='word_1_239' title='bbox 829 3175 963 3269; x_wconf 82' lang='grc' dir='ltr'><em>φάσειό</em></span> <span class='ocrx_word' id='word_1_240' title='bbox 982 3177 1117 3266; x_wconf 71' lang='grc' dir='ltr'><em>ἀπαθὴς</em></span> <span class='ocrx_word' id='word_1_241' title='bbox 1129 3206 1156 3249; x_wconf 75' lang='grc' dir='ltr'><em>τι</em></span> 
     </span>
     <span class='ocr_line' id='line_1_32' title="bbox 147 3277 1117 3372; baseline 0.004 -26"><span class='ocrx_word' id='word_1_242' title='bbox 147 3288 206 3347; x_wconf 85' lang='grc' dir='ltr'><em>τοῦ</em></span> <span class='ocrx_word' id='word_1_243' title='bbox 222 3289 306 3351; x_wconf 83' lang='grc' dir='ltr'><em>θεοῦ</em></span> <span class='ocrx_word' id='word_1_244' title='bbox 325 3282 432 3369; x_wconf 87' lang='grc' dir='ltr'><em>λόγος,</em></span> <span class='ocrx_word' id='word_1_245' title='bbox 455 3286 525 3363; x_wconf 81' lang='grc' dir='ltr'><em>ἐπεὶ</em></span> <span class='ocrx_word' id='word_1_246' title='bbox 543 3283 628 3372; x_wconf 69' lang='grc' dir='ltr'><em>μηδὲ</em></span> <span class='ocrx_word' id='word_1_247' title='bbox 639 3277 738 3370; x_wconf 76' lang='grc' dir='ltr'><em>ἡλίου</em></span> <span class='ocrx_word' id='word_1_248' title='bbox 750 3278 895 3351; x_wconf 88' lang='grc' dir='ltr'><em>πάθοιεν</em></span> <span class='ocrx_word' id='word_1_249' title='bbox 913 3277 956 3350; x_wconf 84' lang='grc' dir='ltr'><em>νά</em></span> <span class='ocrx_word' id='word_1_250' title='bbox 974 3310 1006 3350; x_wconf 91' lang='grc' dir='ltr'><em>τι</em></span> <span class='ocrx_word' id='word_1_251' title='bbox 1023 3277 1117 3350; x_wconf 87' lang='grc' dir='ltr'><em>ἀκτῖ-</em></span> 
     </span>
     <span class='ocr_line' id='line_1_33' title="bbox 143 3378 1116 3474; baseline 0.003 -28"><span class='ocrx_word' id='word_1_252' title='bbox 143 3406 203 3458; x_wconf 86' lang='grc' dir='ltr'><em>νες</em></span> <span class='ocrx_word' id='word_1_253' title='bbox 223 3388 350 3469; x_wconf 78' lang='grc' dir='ltr'><em>νεκρῶν</em></span> <span class='ocrx_word' id='word_1_254' title='bbox 368 3387 423 3452; x_wconf 85' lang='grc' dir='ltr'><em>καὶ</em></span> <span class='ocrx_word' id='word_1_255' title='bbox 442 3390 611 3454; x_wconf 87' lang='grc' dir='ltr'><em>παντοίων</em></span> <span class='ocrx_word' id='word_1_256' title='bbox 629 3381 792 3471; x_wconf 89' lang='grc' dir='ltr'><em>σωμάτων</em></span> <span class='ocrx_word' id='word_1_257' title='bbox 811 3378 1045 3470; x_wconf 87' lang='grc' dir='ltr'><em>ἐπαφώμεναι;</em></span> <span class='ocrx_word' id='word_1_258' title='bbox 1069 3385 1116 3474; x_wconf 77' lang='grc' dir='ltr'><em>τῷ</em></span> 
     </span>
    </p>
   </div>
   <div class='ocr_carea' id='block_1_5' title="bbox 0 0 1173 3818">
    <p class='ocr_par' dir='ltr' id='par_1_5' title="bbox 0 0 1173 3818">
     <span class='ocr_line' id='line_1_34' title="bbox 0 0 1173 3818; baseline 0 0"><span class='ocrx_word' id='word_1_259' title='bbox 0 0 1173 3818; x_wconf 95' lang='lat' dir='ltr'><em> </em></span> 
     </span>
    </p>
   </div>
  </div>
 </body>
</html>
