2326 3818
96 151 134 184 ,τε
459 128 673 182 ΚΕΦΑΛΑΙΩΝ

130 270 241 331 343,1.
281 259 433 343 Ὡςῆλιον
450 256 688 342 δικαιοσόιἮης
658 287 711 326 τον
728 259 857 344 Χριστὸν
872 257 956 325 ότῶν
975 259 1053 327 όλωι
1153 298 1156 321 ι

87 341 158 420 θεός
145 343 323 426 ὀνομάζει

131 438 189 494 351
218 442 241 493 3.
288 433 364 513 Περὶ
386 436 438 511 τῆς
458 429 708 513 τοῦθεουλόγου
732 434 772 506 εἰς
791 427 973 514 ἀνθρώπους
989 433 1053 496 ἐπι-

88 517 202 595 ὄημίας.

131 607 206 705 352,
229 612 267 670 10,
308 595 491 700 Ἀνάβασις
494 602 569 661 θεοῦ
592 596 902 706 προκατεληλυθότος,
928 601 978 662 καί
1005 600 1054 665 ἕπλ

88 685 180 771 ταύτη
196 689 296 765 κλησις
312 677 445 747 ἐθνῶν
428 678 580 763 απόντων,
596 681 647 747 τόν
663 685 715 747 ἕνα
728 685 777 747 καὶ
790 681 882 766 μόνον
897 681 974 747 θεὸν
989 685 1053 749 ἔπι-

86 771 289 852 γνωσομὲνων.

130 861 199 924 354,
216 866 259 922 29.
301 847 383 927 59'
369 855 508 958 εμφανῶς
528 852 565 932 5
554 859 612 915 ειν
632 846 647 916 5
664 849 736 928 θεός
759 855 801 927 είς
816 850 997 953 ἀνθρώπους
1012 855 1055 918 55·

86 963 183 1020 γεται,
204 937 254 998 καί
276 943 336 998 πᾶν
356 938 440 1019 γένος
459 930 632 1021 ἀνθρώπων
651 933 724 1019 πρὸς
745 930 851 1000 ἑαυτὸν
871 934 1052 1003 ἀνακαλέσα-

87 1031 170 1085 σθαι.

130 1112 242 1175 3566.
283 1104 337 1180 Ως
353 1105 454 1167 ἐπὶ
415 1131 470 1188 γης
486 1098 790 1185 όφθιίσεσθαιόθεός
806 1109 918 1187 λέγεται
937 1101 1037 1169 515
1001 1132 1053 1187 της

89 1214 141 1252 του
130 1193 289 1269 Χριστοῦ
305 1191 346 1263 είς
361 1185 541 1271 ἀνθρώπους
557 1194 740 1338 ίπιέφανείας.

131 1282 191 1339 356
217 1285 257 1335 21.
303 1279 460 1378 Παρουσία
482 1279 587 1377 κυρίου
603 1276 650 1338 ἐπὶ
666 1280 738 1377 γης,
750 1278 892 1378 βασιλεία
913 1299 943 1337 τε
959 1264 1053 1338 αὖτοῦ

88 1358 132 1422 ίπ
125 1363 209 1421 ιτῶν
224 1359 341 1436 ἐθνῶν,
363 1358 470 1423 καινόν
491 1385 521 1423 τε
542 1349 624 1446 ἀσμα
645 1354 680 1424 05
696 1387 737 1446 τρε
727 1354 921 1442 Ἰσραηλ,α
903 1356 977 1422 ἀλλά
993 1366 1054 1433 τοῖς

87 1446 188 1507 ἔθνεσι
205 1443 421 1548 δεθησόμενον.

129 1536 199 1598 357,
216 1540 257 1591 21.
297 1517 406 1609 Αισμα
426 1525 548 1613 καινὸν,
568 1533 680 1632 γνῶσίς
700 1553 729 1592 τε
745 1527 899 1629 ίθηῶν
863 1553 916 1608 της
936 1530 990 1591 τοῦ
1004 1551 1054 1590 κυ-

86 1616 152 1695 ρίου
170 1611 376 1692 δικαιοσύνης,
393 1615 548 1694 ἕρχόμενός
564 1639 593 1676 τε
609 1607 698 1687 αὐτός
714 1608 823 1717 κριτης
829 1617 889 1676 τῶν
904 1609 989 1676 όλων.

129 1705 206 1767 353,
230 1707 270 1762 16.
315 1696 416 1807 Λόγος
435 1706 512 1761 θεοῦ
532 1701 574 1772 είς
598 1693 779 1780 ἀνθρώπους
806 1695 1054 1777 ἀποστελλόμενος

87 1780 133 1843 ἐπὶ
155 1784 301 1867 θεραπείᾳ
321 1784 371 1844 καὶ
397 1786 527 1871 σωτηρίᾳ
555 1787 662 1864 ψυχῶν
688 1787 750 1845 τῶν.
768 1781 860 1844 πάλαι
882 1782 914 1844 ἕν
936 1784 1054 1857 κακίαις
1150 1776 1153 1815 ³

86 1868 318 1967 τετρυχωμένωη.

129 1959 200 2021 360,
221 1962 258 2013 13.
299 1946 419 2016 Ἐθνῶν
434 1957 537 2032 κλησις
552 1948 624 2026 θεός
640 1975 669 2015 τε
689 1946 849 2030 ἐπιφανής,
865 1977 915 2013 και
907 1943 1052 2033 εόλογη-

87 2035 174 2115 με’νος
196 2061 211 2098 ο
201 2031 383 2116 ἐρχόμενος
399 2034 461 2100 ἕν’
446 2039 573 2117 ονόματι
589 2040 705 2136 κυρίου.

129 2127 257 2189 361,14.
287 2118 398 2201 Κόριος
409 2119 581 2230 οὐρανόθεν
597 2115 710 2183 κατιών
723 2112 897 2197 ἀνθρώπων
909 2123 1054 2202 σωτηρίας

87 2203 197 2283 ἕνεκεν,
215 2199 280 2290 555
294 2229 324 2266 τε
341 2207 388 2269 ἐπί
404 2209 498 2292 τούτῳ
515 2201 644 2292 ἀδομένη
660 2201 760 2286 καινὴ,
777 2201 976 2285 ἡτηςκαινης
992 2206 1054 2266 δια-

87 2289 188 2369 θήκης
205 2269 259 2369 ὁίιλ
262 2287 331 2390 055

130 2383 200 2445 362,
217 2387 257 2438 20.
300 2370 422 2440 Οθεοῦ
438 2377 524 2479 λόγος
540 2374 589 2437 ἐπὶ
607 2379 662 2457 γῆς
677 2368 937 2454 ἀποστελλόμενος,
954 2399 1004 2435 και
996 2373 1055 2435 ἐν

86 2464 194 2541 βραχεῖ
205 2459 302 2547 χρόνῳ
317 2463 432 2537 πάντας
447 2455 629 2565 ἀνθρώπους
645 2460 812 2562 ὄιατρίχων.

130 2552 200 2614 363,
216 2556 242 2606 8.
279 2527 710 2648 λίύριοςέξοόρανοῦκοιτιῶν.
727 2538 891 2621 ἡγούμενος
907 2543 966 2600 τῶν
982 2541 1039 2617 πρλ

87 2621 143 2688 οὐκ
160 2625 389 2709 ἕγνωκότων’
353 2653 444 2691 αυτον
466 2628 585 2707 ἐθνῶν,
609 2620 691 2688 τοδε
703 2621 856 2686 Ἰουδαίων
877 2625 968 2695 ἔθνος
983 2620 1040 2682 ἀπο

87 2714 338 2792 στραφησόμενος.

130 2803 200 2864 364,
222 2810 246 2858 5.
295 2790 367 2897 5555
393 2787 563 2877 οὐρανόθεν
586 2789 697 2856 κατιών
722 2794 773 2855 καλ
795 2787 859 2872 μετ’
882 2786 1011 2868 ἀνθρώπ

88 2881 136 2943 ἐπί
151 2886 207 2962 γης
223 2884 379 2943 κατοικῶν.

131 2973 200 3047 366
217 2977 257 3026 11.
303 2966 381 3046 Περὶ
396 2968 448 3043 τῆς
464 2955 539 3042 ἕξ
507 2967 651 3069 ουρανῶν
659 2964 701 3038 είς
712 2955 919 3063 ἀνθρώπους
909 2955 986 3022 καθι

87 3053 141 3157 κριὶ
153 3053 226 3151 περὶ
235 3054 288 3127 τῆς
305 3050 403 3112 ἐπὶ
368 3075 419 3127 της
435 3051 598 3126 παρουσίας
612 3045 707 3111 αὐτοῦ
726 3049 885 3149 γενομένης
901 3041 966 3126 ἀποχ

87 3135 142 3214 μὲν
156 3158 208 3196 του
197 3128 370 3198 Ἰουδαίων
386 3136 505 3215 ε’θνους,
522 3128 710 3214 εἰσποιήσεως
722 3134 806 3198 55
765 3159 824 3197 των
835 3136 967 3197 λοιπῶνι

90 3244 149 3282 των
165 3219 276 3283 ἐθνῶν.

101 3352 104 3359 .
131 3311 200 3374 374,
217 3318 241 3368 7.
272 3300 352 3381 559'
339 3300 493 3386 ερχόμενος
507 3299 589 3384 ἥξειν
603 3303 655 3368 καὶ
671 3299 706 3367 05
721 3305 868 3386 χρονίσειν
884 3296 900 3366 5
915 3327 951 3365 το

89 3386 174 3470 λόγος
189 3391 415 3469 προεφητεόετο,
