2326 3818
150 115 212 180 528
547 108 706 164 Ὲυεκοιι

147 253 308 342 Ἰωσεδὲκ,
327 261 386 325 τοῦ
404 258 518 343 ίερίως
536 255 596 324 τοῦ
612 250 770 341 μεγάλου,
788 248 868 338 μετά
885 249 946 339 την
966 248 1032 321 άπδ
1055 263 1121 324 Βα-

151 360 301 445 βυλωνος
327 355 511 443 ἐπάνοδον,
536 357 591 424 καὶ
616 355 711 443 μέχρι
734 360 801 422 τῶν
825 351 955 441 χρόνων
982 360 1041 442 τῆς
1059 361 1120 425 τοῦ

152 464 298 548 σωτῆρος
322 454 417 548 ἡμῶν
436 456 546 545 Ἰησοῦ
569 459 715 544 Χριστοῦ
742 461 928 540 παρουσίας
959 454 1120 544 παρειλή-

151 589 270 650 φαμεν.
313 566 363 630 60.
382 559 473 649 οἶμαι
498 562 583 646 γοῦν
605 555 663 628 τόν
680 552 802 645 μεταξῦ
822 554 942 645 χρόνον
967 560 1024 644 τῆς
1043 554 1121 627 τοῦ-

150 691 218 732 των
235 669 454 751 προστασίας,
481 655 561 729 καθ’
586 655 626 729 δν
643 657 826 746 ἡγήσαντο,
853 663 1042 744 δηλοῦσθαι
1064 658 1143 735 διδε

150 771 211 834 τοῦ
221 760 308 833 “οἰπὸ
324 761 439 845 ἐξόδου
454 759 566 847 λόγου,
580 766 640 830 τοῦ
653 756 879 847 ἀποκριθῆναι
893 761 948 828 καί
961 764 1021 829 τοῦ
1034 767 1121 831 οίκο·

153 870 295 954 δομῆσαι
313 859 525 953 Ἰερουσαλὴμ
551 865 612 943 ἕως
636 863 771 950 χριστοῦ
798 858 1004 950 ἡγουμένου,
1025 864 1121 949 ἑβδο-

71 957 73 962 ’
151 964 255 1055 μάδες
273 963 354 1033 ἑπτά
372 965 428 1033 καί
446 962 628 1053 ἑβδομάδες
643 959 879 1049 ἐξηκονταδῦο·
907 969 974 1032 τοδν
988 967 1073 1035 ἐτοῖν
1086 965 1123 1035 δέ

152 1064 210 1147 τάς
222 1064 410 1158 ἑβδομάδας
423 1067 651 1154 συναγομένας
667 1071 714 1146 είς
725 1071 780 1151 ἐτη
792 1063 988 1150 τετρακόσια
1000 1060 1124 1154 ὀγδοή-

152 1196 253 1237 κοντα
271 1175 346 1255 τρία
358 1164 422 1237 άπδ
434 1170 492 1256 τῆς
500 1165 617 1253 Κῦρον
630 1172 800 1253 βασιλείας
814 1168 867 1234 ἐπὶ
881 1163 943 1254 τὴν
953 1162 1123 1255 Ῥωμαίων
1135 1202 1157 1244 ιο

152 1277 429 1358 παρεκτείνεσθαι
454 1266 577 1358 ἀρχὴν,
604 1265 683 1338 καθ’
705 1262 748 1354 ἣν
765 1265 939 1355 Πομπήιος
953 1263 1124 1358 Ῥωμαίων

152 1368 333 1461 στρατηγός
353 1368 485 1450 ἐπιστάς
503 1385 572 1450 τοίς
585 1367 825 1458 Ἱεροσολύμοις
836 1365 904 1438 εἷλε
915 1370 1125 1461 μὲνπολιορ-

86 1501 140 1552 (οοη
154 1481 209 1565 κίηι
235 1472 297 1560 τὴν
324 1471 438 1558 πόλιν,
465 1469 502 1541 τό
531 1471 568 1540 δέ
594 1476 662 1541 πᾶν
686 1479 785 1551 ἐθνος
811 1475 934 1541 δοῦλον
953 1466 1126 1560 Ῥωμαίοις

152 1572 392 1662 κατεστήσατο,
419 1571 463 1654 ὡς
490 1575 545 1642 καί
570 1570 696 1663 φόρους
722 1576 753 1654 ἐξ
779 1576 909 1642 ἐκείνου
930 1583 1041 1644 τελεῖν
1068 1577 1126 1645 καὶ

152 1693 220 1756 τοῖς
234 1674 402 1764 Ῥωμαίων
420 1687 618 1764 πειθαρχεῖν
636 1673 863 1763 ἐπιτάγμασιν.
905 1679 955 1743 61.
977 1677 1031 1744 ἐπὶ
1049 1681 1127 1747 τοῦ·
1139 1707 1162 1750 ιι

153 1805 211 1846 τον
229 1783 313 1865 γοῦν
330 1774 388 1846 τόν
405 1775 528 1866 χρόνον
549 1772 567 1845 ὁ
586 1781 653 1845 τῶν
677 1782 900 1864 τετρακοσίων
917 1771 1127 1864 ὀγδοήκοντα

153 1884 256 1966 τρισίν
280 1881 364 1948 ἐτῶν
387 1885 606 1965 περιορίζεται
629 1873 789 1966 άριθμὸς,
816 1873 870 1964 ἐφ’
896 1873 936 1946 δν
954 1880 1010 1947 καί
1029 1884 1129 1949 κατέ-

87 2005 140 2056 [εεη
155 1983 258 2067 ληξαν
280 1984 315 2048 οί
336 1976 418 2049 κατά
442 1975 501 2048 τόν
519 1979 671 2058 Μωσέως
694 1975 797 2066 νόμον
816 1981 852 2046 ἐκ
876 1980 1030 2066 πατέρων
1050 1985 1129 2051 δια-

155 2083 253 2167 δοχὴς
271 2079 332 2166 τὴν
351 2088 557 2166 προστασίαν
574 2083 633 2149 τοῦ
647 2086 770 2159 ἔθνους
787 2082 843 2148 καί
858 2078 920 2167 τὴν
934 2081 1129 2172 ἱερωσύνην

156 2178 379 2269 διειληφότες,
405 2175 463 2261 οῦς
487 2179 620 2270 χριστόν
643 2176 832 2269 ἡγούμενον
855 2179 917 2269 τὴν
940 2191 1045 2254 θείαν
1072 2187 1130 2255 ἐπί
1145 2226 1158 2247 2

154 2290 214 2353 τοῦ
232 2281 395 2371 παρόντος
413 2280 547 2371 γραφὴν
565 2278 738 2372 ὀνομάζειν
755 2277 991 2371 ὑπολαμβάνω.
1023 2290 1075 2356 62.
1099 2294 1131 2357 εί

156 2386 192 2454 δὲ
210 2382 271 2475 χρὴ
296 2389 351 2456 καὶ
375 2383 433 2454 τὸν
458 2382 643 2473 κατάλογον
662 2386 825 2454 ἐκθέσθαι
850 2387 909 2471 της
926 2391 996 2454 των
1013 2385 1131 2475 άρχιε-

127 2490 241 2575 ιρέων
259 2490 433 2576 διαδοχῆς,
452 2492 520 2556 τῶν
539 2491 576 2557 ἐν
593 2490 640 2580 τῷ
657 2488 852 2577 δηλουμένην
874 2484 997 2574 μεταξῦ
1015 2487 1130 2582 χρόνῳ

156 2590 420 2675 διαγενομένων,
446 2590 622 2657 καὶτοῦτο
651 2583 763 2667 οῦδείς
788 2584 918 2675 φθόνος
945 2594 991 2668 είς
1017 2590 1128 2680 παρά-

155 2710 272 2757 στασιν
285 2694 342 2778 τῆς
355 2690 613 2776 τῶνείρημένων
626 2683 786 2776 άληθείας
797 2680 1010 2777 ποιήσασθαι.
1032 2687 1128 2779 πξλδ-

154 2816 209 2865 τος
234 2794 351 2858 τοίνυν
377 2785 458 2876 μετά
490 2787 553 2876 τὴν
578 2795 637 2858 τοῦ
663 2785 795 2877 Δανιὴλ
818 2798 1042 2879 προφητείαν,
1073 2793 1129 2863 ἐπὶ

155 2885 272 2974 Κῦρον
292 2895 352 2958 τοῦ
369 2893 530 2976 βασιλέως
548 2895 710 2978 Περσῶν,
734 2889 816 2980 μετά
838 2888 900 2980 τὴν
923 2889 988 2963 άπὸ
1011 2901 1131 2982 Βαβυ-

156 2992 261 3071 λοδνος
282 2990 464 3080 ἐπάνοδον,
489 2989 615 3081 Ἰησοῦς
634 2987 652 3061 ό
670 2995 730 3063 τοῦ
741 2991 910 3081 Ἰωσεδὲκ,
937 2991 955 3063 ὁ
980 2991 1128 3084 ίερεῦςδ

155 3095 258 3181 μέγας
281 3102 501 3184 χρηματίσας,
528 3090 596 3182 άμα
614 3092 806 3183 Ζοροβάβελ
831 3093 962 3165 άνεισιν
985 3093 1051 3165 άπὸ
1068 3101 1129 3184 τῆς

157 3202 399 3284 αἰχμαλωσίας,
419 3198 474 3267 καί
492 3202 670 3285 θεμελίους
684 3194 924 3284 καταβάλλεται
941 3199 1002 3265 τοῦ
1020 3201 1127 3287 ίεροῦ,
1147 3238 1160 3259 ο

157 3292 227 3364 ἀλλ’
252 3301 484 3387 ἐπισχεθέντος
509 3301 569 3367 τοῦ
587 3303 687 3387 ἔργον
710 3295 776 3368 ῦπό
794 3301 862 3368 τοδν
880 3306 1072 3389 περιοίκων,
1092 3306 1132 3371 αί

157 3399 284 3482 πρωται
302 3399 382 3467 ἑπτά
402 3396 586 3487 ἕβδομάδες
604 3404 673 3470 τοδν
691 3402 775 3469 ἐτεδν
792 3405 831 3470 αί
846 3397 901 3470 διδ
918 3406 978 3469 τοῦ
996 3401 1128 3489 προφή·
