2326 3818
142 113 205 176 44ss
551 110 699 161 ουεεοα

143 257 240 339 τολης
260 248 462 339 ἐληλυθότας
480 248 606 339 μάγους
625 251 736 341 καὶτῷ
751 256 883 340 Χριστῷ
897 256 1021 342 παιδίῳ
1039 247 1112 320 ῦντι

143 351 469 443 προσκεκυνηκότας,
489 348 626 431 τούτους
646 351 731 420 εἶναι
749 348 811 438 την
830 349 976 438 δύναμιν
995 365 1112 440 Λαμα-

144 462 241 524 σκοῦ’
275 464 379 534 είποις
405 452 436 522 δ’
458 447 501 523 δν
519 450 786 541 καθολικώτερον
811 450 935 531 πάντας
954 452 1031 533 τοῦς
1050 452 1112 542 την

143 558 204 646 μέν
222 554 328 626 ἄθεον
347 557 402 624 καὶ
421 553 590 625 πολῦθεον
610 560 868 643 είδωλολατρίαν
881 550 1111 644 ἀποστραφέν-

142 688 211 748 τας,
230 662 276 751 τῷ
290 659 327 727 δέ
341 661 400 727 τοῦ
407 660 553 747 Χριστοῦ
566 655 655 748 λόγῳ
670 658 998 743 καταδουλωθέντας,
1017 655 1138 745 μέλι-ε

143 784 203 830 στα
237 767 267 830 εί
293 767 434 853 δυνατοί
457 785 544 838 τινες
572 757 640 827 εἷεν
669 761 705 826 ἐν
731 754 818 849 λόγῷ
846 761 900 825 καί
925 765 1028 849 σοφίᾳ
1052 761 1113 829 τοῦ

142 866 261 941 αίοῐνος
280 858 418 946 τοῦτον,
438 855 559 941 αῦτοῦς
578 858 663 929 εἶναι
678 858 754 938 τοῦς
771 854 1031 948 ὀνομαζομένους
1052 861 1113 928 δῦ-

142 992 244 1051 ναμιν
263 964 455 1049 Δαμασκοῦ.
500 966 569 1031 107.
590 960 672 1030 κατὰ
696 957 799 1029 ταυτᾶ
820 961 855 1029 δέ
874 964 929 1029 καί
947 958 987 1028 τα
1005 966 1112 1031 σκῦλα

143 1070 335 1151 Σαμαρείας
361 1059 494 1150 νοήσεις
521 1060 597 1143 τοῦς
624 1059 689 1131 ἆπό
715 1067 774 1131 τοῦ
789 1059 961 1132 Ἰουδαίων
989 1069 1112 1144 ἔθνους

113 1167 200 1236 ατοῦ
228 1168 373 1251 σωτῆρος
404 1163 498 1252 ἡμῶν
528 1162 679 1252 μαθητὰς
710 1166 767 1233 καὶ
797 1160 1022 1252 ἀποστόλους,
1054 1161 1152 1247 οῦςιο

143 1263 253 1354 ὥσπερ
282 1269 318 1333 ἐκ
344 1273 512 1355 πολεμίων
539 1273 605 1335 τῷν
638 1269 673 1334 ἐκ
703 1269 880 1355 περιτομῆς
908 1263 979 1334 κατ’
1008 1262 1113 1336 αὐτοῦ

142 1370 439 1456 στρατευσαμένων
458 1370 564 1437 σκῦλα
582 1364 643 1456 ὑφ’
665 1362 768 1436 αῦτόν
782 1366 896 1455 λαβὼν
911 1369 943 1449 ἐξ
959 1371 1113 1449 ἐναντίας

142 1466 337 1538 καθώπλισε
355 1472 416 1537 τοῦ
428 1473 495 1538 τών
510 1466 698 1557 Ἀσσυρίων
716 1473 890 1556 βασιλέως,
909 1465 996 1537 οὕτω
1011 1468 1113 1538 πόλιν

141 1574 305 1660 τροπικῶς
332 1573 540 1658 δηλονμένου
558 1575 617 1639 τοῦ
641 1567 799 1658 ἄρχοντος
817 1574 876 1638 τοῦ
895 1576 1016 1651 αίῷνος
1034 1567 1113 1639 τοῦ-

141 1700 209 1741 του.
248 1677 317 1739 108.
339 1674 409 1740 ἐπεὶ
428 1673 464 1740 δέ
482 1668 517 1741 τό
532 1667 709 1741 ε(ἐναντίον
722 1671 886 1758 βασιλέως
901 1666 1109 1760 Ἀσσυρίων”
1126 1697 1154 1746 ιε,

142 1776 348 1862 σαφέστερον
366 1768 536 1852 όἈκῦλας
555 1775 715 1854 ἐξέδωκεν
730 1769 834 1841 εἰπών
847 1766 918 1851 “ele
932 1773 1111 1860 πρόσωπον

142 1876 304 1961 βασιλέως
320 1869 540 1962 Ἀσσυρίων,”
562 1878 740 1961 ἐπίστησον
756 1871 802 1961 μη’
820 1901 899 1942 ποτε
917 1869 982 1962 ῦρα
1001 1875 1055 1943 καὶ
1075 1877 1112 1941 ἐν

141 1973 268 2054 τούτοις
275 1963 512 2062 τὴνῬωμαίων
520 1972 627 2062 ἀρχὴν
641 1980 747 2063 δηλοῖ,
757 1985 790 2043 εί
795 2002 833 2062 γε
845 1972 1111 2054 κατευθῦνοντες

143 2071 163 2161 η’
178 2072 463 2162 κατενθυνόμενοι
475 2071 641 2161 Ἀσσύριοι
654 2074 962 2165 μεθερμηνεῦονται
976 2074 1058 2145 καπῦι
1072 2072 1111 2145 τό

24 2210 25 2214 ’
117 2219 127 2245 c
141 2182 248 2269 μικρῷ
261 2173 412 2265 πρόσθεν
425 2172 665 2265 ἀποδεδομένα.
692 2180 762 2247 ἐπεὶ
777 2186 894 2246 τοίνυν
908 2182 947 2267 τῷ
961 2180 1037 2266 περὶ
1051 2181 1112 2248 τοῦ
1124 2203 1151 2242 20

141 2282 287 2366 σωτῆρος
312 2273 406 2366 ἡμῶν
430 2276 612 2368 προρρήσει
631 2280 687 2348 καὶ
711 2282 775 2348 νῦν
794 2277 811 2348 ὁ
836 2284 904 2348 τῷν
923 2277 1111 2368 Ἀσσυρίων

141 2382 388 2466 συμπέπλεκται
417 2377 591 2469 βασιλεῦς,
619 2378 752 2460 εἰκότως
781 2376 861 2468 ἡμῖν
890 2376 1065 2450 κάνταῦθα
1090 2379 1111 2468 ἡ

135 2479 304 2570 Ῥωμαίων
316 2479 398 2572 ιἰρχη
411 2489 643 2570 παρείληπται,
663 2479 719 2551 διδ
736 2479 772 2551 τό
784 2479 865 2571 πρός
883 2485 944 2551 τοῦ
960 2488 1044 2551 θεοῦ
1063 2489 1111 2562 είς

140 2582 201 2669 τὴν
219 2587 286 2652 τῷν
306 2588 418 2652 ἐθνῷν
444 2579 617 2669 ὑποταγὴν
636 2581 917 2654 κατευθῦνεσθαι.
963 2588 1032 2650 109.
1054 2581 1110 2670 λη’-

141 2695 267 2766 ψεσθαι
280 2687 459 2770 τοιγαροῦν
471 2681 508 2752 τό
521 2680 714 2772 τικτόμενον
732 2691 868 2754 παιδίον
882 2680 943 2768 τὴν
962 2680 1110 2769 δυ’ναμιν
1123 2704 1150 2744 25

141 2787 326 2871 Δαμασκοῦ
343 2787 399 2853 καὶ
417 2783 456 2852 τδι
474 2788 581 2854 σκῦλα
599 2794 802 2874 Σαμαρείας,
821 2787 877 2854 καὶ
894 2780 1110 2872 παραδώσειν

142 2891 188 2964 είς
213 2883 392 2974 πρόσωπον
406 2881 593 2976 Ἀσσυρίων
616 2889 672 2956 καὶ
697 2891 734 2957 ἐν
750 2884 939 2976 ὀφθαλμοῖς
957 2888 1026 2956 τῷν
1043 2883 1110 2954 ῦπό
1146 2930 1150 2936 -

140 2989 199 3055 τοῦ
232 2992 315 3056 θεοῦ
349 2990 653 3077 κατευθυνομένων
679 2997 889 3073 θεσπίζεται,
923 2991 979 3057 καί
1005 2991 1110 3055 ταῦτα

140 3086 293 3176 ποιήσειν
319 3086 386 3177 ἅμα
404 3093 446 3179 τῷ
464 3087 568 3159 αὐτοῦ
590 3093 738 3176 γενέσει,
762 3084 895 3183 ἄρρητῷ
920 3092 977 3159 καὶ
1001 3089 1110 3180 ἐνθέῷ

112 3218 125 3257 ι
140 3190 297 3280 δυνάμει,
323 3199 370 3261 έτι
388 3189 579 3280 νηπιόζοντι
603 3189 728 3280 σώματι
746 3195 891 3261 τοσαῦτα
917 3195 953 3261 ἐν
971 3188 1110 3279 ἀνθρώ·
1124 3212 1150 3252 ³0

140 3319 212 3373 ποις
230 3290 520 3381 οίκονομοῦμενον.
555 3298 624 3362 110.
644 3284 752 3362 πάντα
767 3291 805 3360 δέ
822 3296 926 3362 ταῦτα
943 3289 961 3361 δ
980 3289 1110 3380 προφή-

138 3420 195 3477 της
223 3386 259 3461 ἐν
283 3393 371 3484 τόμῷ
395 3397 499 3486 καινῷ
527 3397 581 3462 καί
606 3391 738 3486 μεγοῖλῷ
765 3398 879 3485 γραφῇ
896 3397 1111 3484 παραδοῦναι
