2326 3818
113 99 174 164 108
268 44 273 54 '
520 96 668 150 τουτον

116 238 315 329 στράφησαν
339 234 439 309 αύτοί
459 264 495 308 τε
508 234 664 308 Ἰουδαῖοι
688 239 743 307 καὶ
767 242 808 306 οί·
824 238 933 307 λοιποὶ
958 233 1083 322 πάντες

114 339 290 431 ἀνθρωποι
313 338 394 431 μετά
418 337 479 429 την
502 346 563 409 τού
588 342 735 430 σωτῆρος
753 333 847 428 ἡμῶν
867 337 1080 429 ἐπιφάνειαν,

115 440 382 526 καταπτύσαντες
412 441 520 530 πάσης
557 446 827 531 δεισιδαιμονίας.
883 435 952 530 “τῄ
995 444 1083 529 γοῦν

115 544 219 639 ἡμέρᾳ
244 549 366 636 ἐκείνη,
394 545 517 634 φησίν,
543 546 677 631 ἐκβαλεῖ
699 540 880 634 ἀνθρωπος
903 541 943 612 τά
960 541 1082 630 βδελύ-

113 677 220 737 γματα
238 645 345 717 αύτού
363 643 401 715 τά
425 647 550 735 χρυσά,
571 647 625 714 καλ
645 643 685 714 τά
702 640 834 735 ἀργυρά
859 641 880 712 ἀ
908 649 1111 735 ἐποίησαν,ς

114 765 318 840 προσκυνεῖν
338 764 406 830 τοῖς
430 742 608 835 ματαίοις”.
646 750 695 816 73.
715 742 797 817 καθ’
821 742 902 816 ὅλου
926 740 970 828 ολς
995 743 1084 829 εἰκός

114 852 168 919 καλ
206 850 282 935 περὶ
307 847 431 928 παντὸς
454 843 639 939 ἀνθρώπου
657 851 760 918 ταῦτα
790 844 993 937 ἀναφωνῶν,
1027 845 1085 919 διά

114 948 176 1036 τὴν
194 951 383 1038 μέλλουσαν
402 955 541 1019 ἔσεσθαι
559 952 626 1019 τῶν
646 951 757 1020 ἐθνῶν
771 952 897 1038 κλῆσιν.
920 953 969 1019 74.
987 954 1083 1033 ἰδίως

117 1052 152 1121 δὲ
168 1039 270 1132 αὖθις
279 1047 602 1141 περίτούἸονδαίων
609 1057 732 1132 ἔθνους
748 1048 815 1120 ὑπὸ
833 1056 914 1140 μίαν
930 1048 1086 1123 διάνοιαν

117 1154 191 1240 ἑξῆς
217 1153 360 1241 ἐπιλέγει
379 1148 398 1177 “
412 1150 488 1223 ἰδού
507 1150 549 1242 δὴ
567 1150 585 1221 ὅ
606 1149 766 1241 δεσπότης
794 1151 908 1240 κύριος
929 1151 1085 1241 Σαβαὼθ
1097 1195 1122 1237 10

115 1252 233 1342 ἀφελεῖ
252 1249 317 1324 ἀπὸ
336 1257 393 1344 της
412 1251 575 1336 Ἰουδαίας
593 1256 649 1324 καλ
667 1251 732 1324 ἀπδ
750 1251 964 1344 Ἰερουσαλὴμ
987 1252 1086 1346 ἰσχύ-

114 1359 269 1453 ονταδκαλ
289 1354 484 1446 ἰσχύουσαν,
504 1353 601 1446 ἰσχύν
618 1353 733 1446 ἀρτου,
751 1357 807 1426 καλ
828 1354 924 1446 ἰσχύν
948 1351 1083 1440 ὕδατος.

115 1466 256 1547 γίγαντα
274 1461 330 1529 καί
345 1457 513 1549 ἰσχύοντα,
528 1459 583 1528 καλ
602 1454 1008 1548 ἀνθρωπονπολεμιστην,
1027 1462 1086 1531 καλ

117 1559 298 1649 δικαστὴν,
317 1563 372 1630 καλ
396 1559 583 1651 προφήτην,
602 1561 657 1629 καὶ
677 1557 872 1648 στοχαστὴν,
900 1563 956 1630 καί
979 1583 1085 1652 πρεσ-

60 1680 101 1731 (68)
117 1658 273 1750 βύτερον,
292 1664 348 1731 καλ
372 1660 677 1750 πεντηκόνταρχον,
699 1662 755 1730 καλ
773 1658 973 1749 θαυμαστόν
996 1660 1084 1753 σύμ·
1096 1702 1122 1745 15

115 1769 252 1852 βουλον,
271 1764 327 1832 καὶ
346 1760 453 1851 σοφδν
470 1759 700 1853 ἀρχιτέκτονα,
724 1765 780 1832 καί
798 1760 940 1834 συνετόν
962 1760 1084 1856 ἀκροα-

114 1860 212 1952 τήν·”
231 1866 287 1934 καὶ
306 1861 346 1934 τά
359 1861 486 1943 τούτοις
510 1866 592 1952 ἑξῆς.
635 1868 684 1934 75.
704 1869 790 1935 ἔνθα
814 1862 992 1953 ἐπιστήσας
1018 1892 1085 1937 πα·

115 1963 218 2053 ράθες
237 1964 277 2035 τά
294 1963 522 2055 προλεγόμενα
539 1968 597 2054 τῆς
621 1972 823 2056 προφητείας
851 1962 897 2036 δι’
922 1957 971 2036 οἷν
994 1977 1084 2059 εἰρη-

115 2095 168 2135 ται
184 2060 230 2135 “ὁ
250 2065 347 2156 λόγος
365 2060 383 2135 ὁ
402 2063 579 2156 γενόμενος
597 2065 686 2159 παρά
704 2074 826 2157 κυρίου
845 2066 927 2156 πρὸς
941 2066 1086 2140 Ἡσαΐαν
1102 2057 1105 2063 ¹

115 2166 192 2239 νίόν
208 2162 324 2258 Ἀμολς,
339 2165 424 2255 ὑπὲρ
435 2164 660 2256 τῆςἸουδαίας
678 2164 1081 2262 καλύπλρ’1ερονσαλήμ,”
1095 2212 1123 2253 ,0

116 2267 161 2353 ὦς
196 2274 324 2359 μᾶλλον
353 2265 427 2340 κατ’
443 2265 557 2342 αύτάν
586 2264 716 2361 ἣύπὲρ
745 2268 858 2340 αὐτῶν
892 2269 932 2340 τά
963 2274 1086 2364 ἐπενη-

114 2375 259 2463 νεγμίνα
276 2369 450 2464 τυγχάνει,
477 2380 507 2444 εἰ
523 2370 569 2463 μή
586 2402 634 2455 τις
652 2369 717 2462 ἀρα
741 2375 778 2442 ἐν
803 2368 931 2455 τούτοις
956 2373 1085 2446 λανθά·

114 2503 184 2545 νων
207 2479 393 2565 περιέχεται
416 2478 506 2556 νούς.
546 2479 595 2543 76.
609 2476 680 2555 πῶς
697 2473 760 2564 γὰρ
778 2476 909 2563 μέλλων
922 2469 1085 2567 ἀφαιρεῖν

115 2573 179 2645 ἀπὸ
198 2581 255 2663 τῆς
270 2573 435 2657 Ἰουδαίας
453 2578 508 2644 καλ
535 2570 600 2644 ἀπὸ
612 2573 826 2665 Ἰερουσαλὴμ
845 2573 1003 2666 ἰσχύοντα
1026 2580 1085 2649 καὶ

79 2701 94 2742 b
116 2674 311 2765 ἰσχύουσαν,
332 2674 429 2766 ἰσχύν
447 2673 550 2767 ἀρτου
568 2677 623 2745 καὶ
642 2673 738 2766 ἰσχύν
750 2675 884 2768 ὕδατος,
898 2680 953 2748 καλ
972 2676 1084 2753 πάντα
1095 2716 1122 2759 25

115 2774 154 2845 τά
174 2780 211 2846 ἐν
224 2775 338 2858 αὐτοῖς
356 2775 458 2847 πάλαι
478 2778 713 2868 διαπρέποντα,
733 2776 816 2872 ὑπὲρ
840 2782 898 2868 τῆς
918 2779 1102 2864 Ἰουδαίας·

116 2879 171 2946 καὶ
189 2873 275 2970 ύπλρ
288 2876 504 2972 Ἰερουσαλὴμ
522 2885 660 2950 ἔσεσθαι
682 2877 723 2950 τά
738 2879 961 2972 θεσπιζόμενα
979 2882 1083 2973 πρού-

116 2987 209 3068 λεγε,
238 2983 308 3062 πῶς
334 2980 371 3051 δὲ
390 2979 475 3072 ὑπὲρ
511 2976 623 3053 αὐτῶν
648 2986 716 3055 ἐστι
743 2986 798 3053 καλ
816 2982 856 3052 τδι
883 2985 958 3073 ἑξῆς
982 2975 1086 3069 αὖθις

115 3080 278 3172 λεγόμενα
288 3078 307 3107 “
316 3080 445 3154 ἀνεῖται
458 3081 684 3175 Ἰερουσαλὴμ,
703 3086 759 3155 καὶ
784 3079 805 3174 η
827 3080 972 3156 Ἰουδαία
994 3107 1082 3178 συμ-

32 3261 41 3277 .
115 3186 284 3275 πέπτωκε,
309 3187 421 3255 καλαί
442 3191 590 3273 γλῶσσαι
615 3184 728 3258 αὐτῶν
752 3186 834 3275 μετά
860 3183 1017 3279 ἀνομίας,
1040 3186 1120 3263 τάιο

117 3282 199 3372 πρὸς
217 3289 335 3376 κύριον
353 3283 605 3370 ἀπειθούντες.”

113 3399 317 3412 --υι--

183 3437 215 3485 -ιο
233 3436 279 3489 Es.
299 3439 324 3500 3,
338 3435 362 3485 ε.
400 3452 401 3456 =
