2326 3818
133 136 195 200 522
538 134 684 186 ευεεευ

134 273 337 367 φορούμενοι
355 277 410 344 καὶ
429 273 486 357 τᾶς
503 277 582 364 περὶ
597 279 742 365 Χριστοῦ
756 273 957 364 προρρήσεις
975 272 1104 364 ἀνακη-

107 377 327 468 ορῦττοντες,
353 379 409 447 καὶ
434 383 470 447 οἱ
489 374 547 457 τὰς
572 381 609 446 έν
625 394 695 456 τοῖς
714 381 815 464 ἱεροῖς
841 374 951 464 λόγοις
969 371 1103 467 ὁράσεις

133 479 238 569 ὑγιοῦς
257 477 517 566 ἐποπτεύοντες,
543 486 577 548 οἳ
592 480 649 548 καὶ
667 475 724 548 ἁτε
741 476 1020 567 ἁπονλεισθείσης
1040 476 1102 548 αύ·

133 586 191 670 τής
208 586 264 671 τῆς
282 589 380 662 θείας
398 579 529 670 χὰριτος
548 583 603 649 καλ
621 597 805 669 σφραγῖσιν
830 578 942 668 ὥσπερ
960 588 1104 650 καταδε-

133 693 251 771 θείσης
275 685 438 767 ἐξέλιπον·
481 678 533 751 διό
563 688 743 770 συμβαίνει
770 686 803 764 ἐξ
828 685 959 751 ἐκείνου
987 687 1127 771 μηκέτιε

133 783 308 876 προφήτην
331 788 481 871 ἐνεργεῖν
506 782 590 872 μηδὲ
613 780 743 872 ὁρῶντα
760 790 970 872 χρηματίζειν
989 789 1026 854 έν
1044 781 1103 853 αύ-

133 903 218 976 τοῖς,
236 881 302 955 ἁπδ
319 892 389 954 τῶν
406 887 623 972 δηλουμένων
640 884 770 974 χρόνων
787 887 843 954 καὶ
862 892 908 965 εἱς
926 880 1011 974 ἡμᾶς
1029 884 1104 956 τού·

28 1072 31 1079 ,
132 1017 201 1058 των
224 983 382 1056 ἁπάντων
408 985 673 1057 διαλελοιπότων.
722 991 772 1055 35.
800 984 928 1066 τούτοις
952 989 1104 1076 ἐπιφέρει

67 1084 208 1169 [ειι]“καὶ
225 1092 285 1159 τοῦ
303 1103 414 1177 χρῖσαι
432 1086 528 1175 ἅγιον
546 1083 660 1176 ἁγίων.
667 1083 684 1110 ”
717 1091 774 1158 καὶ
789 1089 938 1158 τοῦτοδὲ
956 1087 1105 1159 αὐτόθεν

133 1188 304 1280 πρόδηλον
327 1187 372 1271 ὡς
394 1191 489 1279 μέχρι
512 1195 581 1259 τῶν
603 1194 662 1259 τοῦ
685 1195 833 1278 σωτῆρος
856 1185 951 1279 ἡμῶν
968 1190 1100 1279 χρόνων
1116 1219 1139 1260 ιο

133 1290 221 1381 ἁγιοι
251 1290 358 1380 ἁγίων
388 1297 424 1361 οἱ
451 1286 532 1379 παρ’
558 1289 723 1380 Ἑβραίοις
748 1287 913 1380 ἁρχιερεῖς
940 1296 1103 1381 ἐχρίοντο,

133 1392 215 1465 κατα
232 1392 294 1482 τήν
312 1391 394 1464 κατὰ
412 1391 471 1462 τδν
483 1395 544 1462 τοῦ
560 1394 708 1473 Μωσέως
722 1391 826 1481 νόμον
844 1397 1104 1483 ἐπιτελουμένην

103 1496 318 1585 ιὰγιστείαν·
348 1498 380 1577 ἐξ
400 1498 530 1565 ἐκείνου
556 1494 593 1564 δέ
610 1497 666 1564 καὶ
688 1484 780 1564 οῦτοι
800 1500 1027 1564 διαλελοίπασι
1046 1525 1102 1566 κα·

132 1595 301 1687 ταλλήλως
324 1600 366 1686 τή
389 1603 584 1688 προφητεία.
626 1600 677 1665 36.
696 1591 716 1683 ἡ
735 1596 797 1685 μέν
820 1586 885 1666 οῦν
907 1600 967 1665 τοῦ
984 1589 1102 1684 Ἰακύβ

132 1701 215 1790 πρὸς
233 1696 291 1770 τόν
305 1695 435 1769 Ἰούδαν
460 1693 677 1787 ἁναφτόνησις
694 1695 891 1787 ἡγουμένων
909 1700 965 1767 καὶ
982 1695 1102 1787 ἀρχόν·
1117 1726 1141 1768 ιε

132 1830 200 1870 των
221 1803 282 1870 τοῦ
299 1798 474 1870 Ἰουδαίων
497 1807 620 1880 ἔθνους
644 1807 793 1882 ἔκλειψιν
817 1797 938 1887 ἐδήλου
962 1798 1046 1869 κατὰ
1063 1801 1104 1870 τὰ

132 1904 389 1992 προτεταγμένα,
430 1904 481 1969 37.
502 1901 616 1988 ἐπειδὴ
636 1901 674 1970 δὲ
690 1899 731 1970 τὰ
748 1904 805 1989 τής
823 1909 1026 1989 προστασίας
1043 1907 1105 1973 τοῦ

133 2007 219 2073 λαοῦ
242 2004 423 2090 προφητῶν
447 2002 502 2069 καὶ
527 2004 644 2090 ἱερέων
661 2000 762 2072 πύλαι
789 2001 951 2092 πρότερον
968 2000 1102 2093 ήρτητο,

133 2101 330 2183 ἁκολούθως
348 2110 577 2191 προθεσπίσας
595 2101 613 2174 ὁ
632 2102 728 2192 λόγος
747 2104 803 2174 διὰ
820 2111 879 2193 τής
893 2131 1102 2195 προπαρατε·

132 2213 251 2293 θείσης
269 2212 471 2294 προφητείας
489 2203 551 2293 τήν
564 2209 632 2276 των
645 2202 817 2295 ἀρχόντων
834 2209 889 2276 καὶ
903 2204 1101 2294 ἡγουμένων
1116 2236 1142 2277 εο

132 2311 192 2378 τοῦ
207 2305 380 2377 Ἰουδαίων
394 2314 517 2388 ἔθνους
534 2314 737 2396 καθαίρεσιν
752 2311 806 2378 ἐπὶ
824 2313 863 2400 τῇ
881 2314 940 2378 τοῦ
955 2314 1102 2399 Χριστοῦ

105 2416 319 2501 οπαρουσίηι,
345 2407 400 2478 διὰ
424 2414 482 2497 τὴς
499 2407 581 2497 μετὰ
598 2426 710 2499 χεῖρας
727 2419 931 2500 προφητείας
954 2410 1016 2499 τήν
1033 2415 1102 2481 των

132 2514 313 2601 προφητῶν
343 2513 399 2579 καὶ
430 2516 498 2580 τῶν
522 2515 639 2598 ἱερέων
663 2517 730 2582 των
753 2510 833 2601 παρ’
860 2509 973 2592 αὐτοῖς
998 2511 1101 2582 πύλαι

133 2610 387 2702 διαπρεπόντων
401 2619 550 2695 ἔκλειψιν
565 2607 748 2700 ἁναφωνεῖ,
768 2609 812 2694 ἁς
830 2612 1026 2683 καὶτούτων
1046 2617 1100 2684 ἐπὶ

131 2717 173 2802 τή
189 2716 248 2784 τοῦ
268 2715 413 2798 Χριστοῦ
431 2715 610 2803 ἐπιφανείη
630 2712 888 2802 διαλειψόντων,
907 2710 927 2783 δ
943 2717 999 2784 καὶ
1018 2713 1099 2786 αὐτὸ
1113 2743 1140 2784 τε

131 2829 199 2894 τοῖς
223 2820 331 2901 ἔργοις
354 2810 374 2900 ἡ
399 2821 566 2902 παρουσία
582 2817 652 2884 ιτοῦ
675 2821 823 2905 σωτῆρος
846 2811 941 2905 ἡμων
959 2816 1102 2887 ἐπιστύ-
1136 2850 1149 2863 ·-

133 2937 220 2984 σατο.
258 2918 308 2985 38.
329 2917 400 2985 ἐπεὶ
420 2916 456 2984 δὲ
470 2910 487 2984 ἁ
502 2913 640 2998 Ἀκύλας
655 2910 736 2986 “τοῦ
749 2913 883 3000 ἀλεῖψαι
896 2915 1100 3006 ἡγιασμένον

132 3011 365 3105 ἡγιασμένων”
392 3019 569 3105 ἐξέδωκεν,
594 3015 742 3106 οἰήσεται
765 3022 827 3107 μέν
849 3047 898 3100 τις
921 3018 979 3089 τὸν
997 3018 1100 3090 πὰλαι

132 3118 220 3208 παρὰ
236 3113 407 3200 Ἰουδαίοις
431 3114 585 3209 ἁρχιερέα
605 3124 809 3208 δηλοῦσθαι,
829 3127 896 3191 τῶν
913 3122 975 3209 μὲν
992 3120 1099 3213 τούτῳ

131 3213 390 3308 ῦποβεβηκότων
408 3223 542 3290 πολλων
561 3224 677 3310 ἱερέων
694 3215 800 3309 ἁγίων
814 3226 1100 3312 προσαγορευομέ-
1114 3251 1141 3292 ω

131 3346 217 3408 νων,
242 3319 340 3408 ἁγίου
359 3323 396 3392 δέ
414 3316 520 3410 ἁγίων
537 3319 642 3412 μόνον
666 3326 727 3391 τοῦ
744 3318 829 3412 ὑπὲρ
847 3321 973 3405 πάντας
990 3319 1099 3412 ἁρχιε-

131 3419 231 3509 νέως,
256 3421 372 3509 ἐπειδή
398 3426 496 3492 τοῦτο
515 3429 570 3492 καὶ
595 3430 778 3514 προχείρως
801 3422 985 3515 νοούμενόν
1009 3428 1100 3496 ἐστιν
1126 3451 1134 3464 “
