2326 3818
122 113 186 176 316
527 110 676 163 EUsEssn

123 258 181 340 τής
205 250 363 340 θεότητος
389 252 643 339 ἐπινοουμένης,
669 247 742 330 ἕνός
765 275 800 318 τε
816 245 913 329 όντος
932 254 1027 321 θεοῦ
1042 254 1103 323 τοῦ

125 349 205 423 καθ’
233 351 352 423 ἑαυτὸν
375 348 528 441 άνάρχως
551 353 606 420 καὶ
629 346 819 439 άγεννήτως
840 346 959 438 ὄντος,
986 350 1050 423 διά
1067 354 1102 425 δλ

124 459 184 524 τοῦ
201 458 280 525 υἱοῦ
298 452 342 535 ὡς
359 449 403 524 άν
421 451 464 523 δι’
487 450 649 538 ἐσόπτρου
668 453 724 522 καὶ
743 449 870 531 εἰκόνος
889 454 1101 545 ἐπιθεωροῦ-

123 560 237 646 μένου.
282 561 331 625 15.
349 553 447 625 τοῦτό
472 582 522 624 τοι
546 555 601 622 καὶ
625 551 661 622 τὸ
686 549 912 639 πνευματικόν
939 554 1101 627 παιδεύει

125 656 254 746 λόγιον,
280 653 341 727 οῦκ
364 653 471 735 άλλως
496 651 628 742 φάσκον
645 651 730 724 θεόν
750 654 835 724 εἶναι
861 656 1120 745 προσκυνητῦνι

125 757 183 829 τόν
215 757 421 846 δηλούμενον
450 752 525 823 ἀλλ’
556 751 577 843 ή
609 752 664 824 διά
693 753 752 825 τὸν
783 757 983 826 ἐνοικοῦντα
1011 754 1103 852 αῦτηῐ

126 862 262 948 πατέρα.
306 853 366 926 “gv
390 858 443 926 σοὶ
469 853 550 944 γάρ,
580 858 680 943 φησὶ,
704 853 961 945 προσεύξονται,
988 853 1043 929 ὅτι
1068 862 1103 931 ἐν

128 963 179 1028 σοὶ
197 957 215 1028 ὁ
234 956 313 1039 θεός
333 961 419 1044 ἐστι,
437 958 493 1026 καὶ
512 955 554 1026 σῦ
573 958 609 1026 δὲ
630 952 728 1038 αῦτός
745 954 825 1037 θεὸς
843 950 892 1026 τόν
909 956 1026 1050 σωτήρ
1044 960 1105 1030 τοῦ

123 1056 253 1149 Ἰσραήλ
277 1056 468 1149 τυγχάνεις,
493 1060 549 1128 καλ
573 1057 629 1127 διά
650 1062 748 1128 τοῦτο
776 1056 909 1147 ἰσχυρός
934 1061 993 1129 καὶ
1020 1089 1103 1150 κρυ-

60 1190 114 1243 ρκη
129 1178 228 1249 φαῑος
245 1159 326 1242 θεὸς
345 1160 392 1249 εἶ,
413 1161 485 1229 ἐπεὶ
509 1162 546 1230 ἐν
563 1161 616 1230 σοὶ
633 1156 651 1228 ό
670 1157 767 1248 θεὸς,
786 1161 842 1228 καὶ
859 1154 922 1229 οῦκ
941 1168 1038 1233 ἔστιν
1055 1169 1132 1233 ἕτιιι

128 1259 216 1349 πλήν
235 1258 374 1333 αῦτοῦ.”
414 1267 462 1330 16.
476 1258 551 1330 ἀντὶ
566 1261 603 1330 δὲ·
616 1259 677 1330 τοῦ
689 1255 891 1330 “ἐκοπίασεν
909 1258 1101 1350 Αἴγυπτος”

129 1360 164 1434 τό
178 1362 354 1454 Ἑβραλκὸν
372 1365 427 1432 καὶ
445 1368 480 1431 οί
495 1364 605 1432 λοιποὶ
622 1358 744 1443 πάντες
761 1363 962 1449 ἑρμηνευταὶ
975 1356 1103 1447 “mistos

130 1464 330 1554 Αίγύπτου”
352 1460 595 1550 ἐκδεδοόκασιν,
619 1460 665 1532 ἵν’
688 1453 708 1552 ή
731 1461 768 1531 τὸ
794 1459 977 1550 λεγόμενον
993 1467 1104 1536 τοιοῦ-

130 1595 189 1637 τον
208 1563 285 1637 “σοὶ
309 1562 600 1655 προσκυνήσουσι,
627 1570 687 1633 καί
711 1583 763 1633 σοι
786 1571 919 1634 ἔσονται
943 1569 1063 1636 δοῦλοι
1086 1560 1105 1637 ό

131 1666 231 1747 κόπος
257 1666 450 1755 Αἰγύπτου,
475 1663 575 1752 καλή
601 1668 741 1754 ἐμπορία
764 1663 961 1752 Αἰθιόπων,
987 1669 1047 1736 καὶ
1072 1672 1134 1737 otu

132 1765 326 1855 Σεβωείμ·”
373 1765 417 1837 δι’
445 1757 493 1835 ὦν
515 1763 670 1855 βάρβαρα
694 1765 785 1853 οἶμαι
811 1767 867 1835 καὶ
891 1761 1006 1855 ῦσημά
1028 1796 1105 1839 τινα

132 1875 217 1956 ἔθνη
236 1873 425 1957 δηλοῦσθαι
450 1867 505 1936 καὶ
524 1864 633 1936 πάντα
651 1864 713 1935 ὅσα
732 1862 797 1954 ήδη
817 1864 919 1936 πάλαι
938 1865 1106 1961 πρότερον

131 1975 170 2058 τή
198 1973 376 2058 δαιμονική
398 1965 582 2055 τετρόχοετο
608 1972 861 2060 δεισιδαιμονίᾳ.
913 1971 963 2037 17.
986 1966 1106 2058 ἐπειδή

132 2069 195 2158 γὰρ
214 2067 393 2157 Αἰγύπτιοι
412 2066 554 2138 ἐδόκουν
571 2065 707 2141 πάντων
723 2072 791 2140 τοῖν
810 2072 922 2139 ἐθνῦυ
940 2075 1106 2142 δεισιδαι-

132 2171 326 2259 μονέστατοι
343 2167 521 2260 τυγχάνειν
543 2175 672 2260 πρῶτοί
692 2199 728 2240 τε
745 2168 903 2261 κατάρξαι
925 2173 984 2257 τής
1003 2179 1141 2243 ελδω-ιι

66 2302 119 2356 μα]
134 2269 296 2360 λολάτρου
319 2272 463 2361 πλάνης,
492 2269 626 2353 εἰκότως
650 2270 801 2360 πρώτους
826 2268 947 2353 αῦτοῦς
964 2279 1107 2361 τίθησιν

103 2369 447 2464 οόποταγησομένους
469 2377 516 2467 τῷ
534 2376 685 2466 Χριστῷ,
711 2375 766 2442 καὶ
792 2369 839 2442 δι’
859 2370 971 2442 αὐτῶν
989 2375 1107 2445 καὶτὰ

134 2480 210 2567 περὶ
233 2481 302 2548 τῶν
324 2482 451 2547 λοιπῶν
475 2478 727 2564 εἰδωλολατρῦν
750 2472 879 2566 φανερά
903 2481 1105 2547 καθιστᾶσα.

135 2584 184 2647 18.
210 2581 267 2647 καὶ
291 2582 396 2646 ταῦτα
413 2573 627 2662 πεπλήρωται
645 2577 699 2644 ἐπὶ
716 2578 776 2645 τοῦ
793 2579 941 2664 σωτῆρος
966 2577 1024 2644 καὶ
1042 2604 1107 2646 xv-

134 2684 210 2767 ρίου
228 2672 341 2765 ήμῶν,
365 2681 412 2769 τῷ
437 2681 474 2746 ἐν
498 2681 602 2744 πᾶσιν
628 2681 743 2745 ἔθνεσι
761 2688 1030 2763 προσκυνεῖσθαι
1047 2679 1104 2747 καλ
1117 2703 1144 2746 ιο

137 2775 313 2846 δουλεύειν
330 2772 421 2868 αὐτῷ
445 2782 548 2865 μυρία
566 2773 682 2864 πλήθη
700 2781 768 2846 τῶν
791 2775 856 2847 άνόι
873 2775 935 2866 τήν
951 2780 1106 2867 οἰκουμέ-

135 2904 200 2964 νην
219 2879 339 2947 ἐθνῶν.
378 2882 425 2948 19.
446 2884 615 2959 Αἰθίοπας
640 2877 678 2947 δὲ
701 2879 756 2946 καὶ
774 2881 929 2968 Σεβωελμ
952 2875 1030 2960 τοῦς
1048 2881 1106 2947 ἐν-

134 2984 246 3047 ταῦθα
277 2976 525 3068 προσκυνήσειν
555 2985 601 3072 τῷ
627 2982 760 3072 Χριστῷ
790 2970 1103 3069 προφητευομένους

135 3083 191 3151 καὶ
211 3079 265 3149 διά
282 3085 342 3149 τοῦ
360 3078 413 3148 οα’
436 3085 577 3170 Ψαλμοῦ
601 3077 745 3169 ἡγοῦμαι
770 3085 958 3168 δηλοῦσθαι
982 3074 1029 3149 δι’
1055 3068 1105 3149 οἷν

137 3194 264 3271 εἴρηται
277 3176 444 3251 ’Ἔνοόπιον
458 3179 562 3251 αὐτοῦ
576 3186 842 3271 προσπεσοῦνται
857 3188 1033 3269 Αίθίοπες,
1047 3181 1144 3250 καλου

205 3418 237 3466 30
255 3415 301 3465 Ρε.
315 3417 356 3480 71,
370 3416 394 3464 9.
