2326 3818
298 128 483 184 ουωοαευ.
501 129 635 180 ονεαο.
654 130 730 181 vm.
751 134 774 179 1.
961 128 1025 192 493

54 267 256 356 ἀποκείμενα
283 265 390 360 αὐτῶ,
418 271 473 337 καλ
499 265 561 355 ὅρα
586 274 616 336 εί
639 266 683 356 μή
709 263 794 337 αύτά
823 259 884 355 ήν,
912 265 933 337 ά
956 285 1026 349 τοϊς

55 367 140 458 άμφὶ
165 367 223 438 τὸν
239 365 387 458 Ἀβραάμ
416 367 621 457 προπάτορσι
645 371 803 458 περὶτῆς
827 374 896 439 τῶν
914 375 1025 441 έθνῶν

55 469 201 557 κλήσεως
219 464 236 538 ὁ
254 466 334 549 θεὸς
356 467 514 557 άνείρηκε
536 478 710 550 θεσπίσας.
742 475 924 559 γέγραπται
942 476 1026 558 γοῦν

56 570 99 651 ῶς
118 568 183 660 άρα
202 571 295 641 εἶπεν
312 569 329 639 δ
348 571 428 653 θεὸς
445 573 492 663 τῷ
504 568 653 659 Ἀβραάμ
666 565 745 640 “nal
759 579 818 661 ἐση
836 570 1024 659 εὐλογητὸς,

30 675 111 742 σκαλ
129 669 300 761 εὐλογήσω
315 669 391 752 τούς
410 670 633 760 εὐλογοῦντάς
648 694 696 760 σε,
715 675 771 741 καὶ
781 670 859 753 τούς
877 701 1024 761 καταρω-

55 777 175 863 μένους
189 795 227 844 σε
241 772 483 863 καταράσομαι·
513 775 568 843 καὶ
584 771 910 862 ένευλογηθήσονται
922 781 958 843 έν
973 798 1025 842 σοι

54 880 157 945 πάσαι
176 880 213 945 αἱ
228 878 333 964 φυλαὶ
351 879 409 963 τής
426 872 519 963 γής.”
547 880 576 945 4.
588 878 644 944 καὶ
659 865 760 956 αύθις
773 872 944 964 Ἣβραάμ
965 870 1023 943 δέ’

55 979 139 1066 φησὶ
152 974 348 1066 “γινόμενος
367 983 459 1048 ἔσται
478 984 526 1057 είς
546 983 646 1057 ἔθνος
663 980 747 1066 μέγα
765 981 820 1046 καὶ
844 973 946 1064 πολύ,
971 978 1026 1045 καὶ

56 1077 379 1166 ἐνευλογηθήσονται
398 1082 435 1148 έν
453 1074 545 1171 αὐτῷ
562 1077 670 1147 πάντα
687 1079 728 1147 τά
750 1085 834 1166 ἐθνη
857 1082 914 1167 της
932 1072 1025 1166 γής.”

18 1203 42 1241 10
56 1179 95 1249 τά
113 1176 209 1267 ὅμοια
229 1181 266 1248 δέ
284 1180 338 1248 καὶ
357 1183 403 1271 τῶ
418 1176 529 1250 Ἰσαάκ
546 1177 564 1249 ὁ
583 1176 727 1268 χρησμὸς
745 1184 864 1248 τοῦτον
883 1183 1030 1267 ἐκφωνεί

54 1279 114 1349 τὸν
138 1270 264 1369 τρόπον
283 1275 361 1348 “nal
387 1283 553 1367 πληθυνῶ
579 1279 615 1349 τὸ
641 1281 771 1369 σπέρμα
796 1303 858 1350 σου
883 1275 926 1360 ῶς
949 1279 1027 1360 τούς

54 1378 193 1470 ἀστέρας
217 1388 276 1451 τοῦ
302 1378 467 1469 ούρανοῦ,
491 1384 547 1450 καὶ
572 1380 895 1470 ἐνευλογηθήσονται
922 1384 958 1450 ἐν
980 1385 1027 1473 τῶ
1041 1409 1096 1459 μοι)

56 1486 221 1569 σπέρματί
241 1503 304 1552 σου
328 1480 436 1552 πάντα
460 1482 499 1552 τά
527 1490 612 1570 ἐθνη
635 1486 693 1570 της
710 1479 804 1570 γής.”
849 1490 898 1551 ἐτι
917 1483 1028 1558 δὲκαὶ

54 1586 101 1675 τῷ
121 1578 238 1670 Ἰακῶβ
268 1587 405 1653 τοιαῦτα
437 1581 478 1671 δή
503 1594 631 1671 εἴρηται
648 1581 738 1672 “ἐγῶ
763 1582 876 1672 κύριος
903 1578 920 1652 ὁ
947 1580 1028 1664 θεδς

18 1682 200 1772 15Ἀβραάμ
229 1687 290 1753 τού
320 1682 443 1772 πατρός
480 1705 542 1754 σου
574 1687 629 1754 καὶ
659 1678 677 1754 ὁ
708 1682 790 1764 θεὸς
817 1682 945 1771 Ἰσαάκ,
982 1683 1027 1773 μή

55 1783 196 1873 φοβοῦ.”
247 1789 303 1854 καὶ
335 1787 408 1875 ἕξής
434 1780 519 1855 “καὶ
551 1784 877 1875 ἐνενλογηθήσονται
908 1792 945 1855 έν
976 1807 1028 1855 σοι

55 1891 158 1958 πάσαι
182 1893 220 1957 αί
242 1890 348 1976 φυλαὶ
373 1891 431 1976 τής
454 1883 546 1976 γής.”
594 1891 651 1957 καὶ
674 1885 790 1959 άλλοτε
816 1887 909 1956 εἶπεν
938 1885 1028 1979 αύτῷ

54 1983 72 2056 ὁ
96 1987 175 2068 θεὸς
201 1984 291 2077 “ἐγῶ
315 1984 333 2058 ὁ
359 1986 439 2069 θεός
465 2011 544 2076 σου,
569 1987 715 2072 αύξάυου
745 1991 801 2059 καὶ
833 1985 1026 2076 πληθύνου·

56 2096 141 2176 ἔθνη
173 2093 228 2158 καὶ
258 2092 454 2176 συναγωγαὶ
487 2094 599 2160 ἐθνῶν
631 2089 859 2172 ἐξελεύσονται
891 2093 927 2159 ἐκ
954 2093 1028 2178 σού,

18 2214 43 2253 εο
57 2192 112 2257 καὶ
131 2197 280 2277 βασιλεῖς
300 2194 336 2259 ἐκ
353 2194 411 2278 της
429 2186 556 2278 ὀσφύος
575 2214 636 2261 σου
656 2191 891 2272 ἐξελεύσονται.
925 2191 953 2260 61
973 2220 1029 2260 το-

57 2288 179 2369 σαύτας
197 2292 274 2377 περὶ
291 2293 349 2377 τής
367 2295 435 2359 τῶν
454 2294 566 2361 ἐθνῶν
584 2288 733 2378 κλήσεως
751 2288 951 2380 προρρήσεις
969 2296 1028 2360 τού

56 2398 140 2461 θεοῦ
159 2387 426 2480 προμεμαθηκῶς
444 2388 461 2459 ὁ
478 2387 607 2478 Ἰακῶβ,
626 2397 759 2460 παίδων
777 2387 867 2481 αύτῷ
881 2387 940 2459 τὸν
958 2387 1029 2477 άρι-

57 2491 148 2581 θμὸν
160 2494 415 2580 γεγεννημένων
431 2489 587 2580 δεκαδύο,
606 2488 688 2577 πρὸς
700 2495 741 2581 τή
754 2497 890 2580 τελευτή
905 2514 1028 2576 συγκα-

58 2596 154 2672 λέσας
171 2591 248 2673 τούς
267 2591 394 2674 πάντας
412 2592 624 2682 περιεσκόπει
643 2597 675 2676 ἐξ
694 2588 813 2663 ὁποίου
831 2589 895 2680 άρα
915 2588 1028 2661 αὐτῶν
1044 2621 1057 2660 b

20 2721 45 2761 ω
58 2700 115 2783 τής
135 2701 293 2784 διαδοχῆς
311 2692 351 2764 τά
368 2699 437 2765 τῶν
453 2705 513 2765 τοῦ
530 2698 616 2766 θεοῦ
632 2693 851 2786 προρρήσεων
865 2696 918 2763 ε’πλ
937 2695 1028 2774 τέλος

57 2794 142 2880 ήξει·
169 2793 228 2865 εἶτ’
248 2799 378 2877 ἐπιθείς
396 2799 485 2886 τρισὶ
501 2797 564 2885 μὶν
581 2812 650 2877 τοῖς
667 2795 810 2885 πράτοις
828 2794 918 2889 αὐτῶ
936 2825 1029 2884 γενο-

58 2897 168 2983 μένοις
194 2899 311 2967 παισὶν
336 2900 490 2986 ἐλέγχους
514 2887 562 2966 ῶν
581 2900 853 2986 ἐπλημμέλησαν,
880 2900 1030 2985 ἐπιφέρει

59 2994 229 3067 διδάσκων
246 2993 296 3066 ὅτι
314 3001 382 3068 τῶν
399 3000 653 3087 τετολμημένων
672 2994 785 3078 αὐτοῖς
806 3002 904 3068 ἕνεκα
922 2996 961 3066 ού
982 2993 1027 3065 δι’

60 3094 172 3169 αύτῶν
192 3097 487 3189 έκπληρωθήσεται
510 3097 550 3168 τά
573 3102 641 3168 τῶν
664 3100 882 3188 προρρήσεων
908 3098 1029 3166 ἀποτε-

21 3226 47 3267 εο
61 3203 213 3289 λέσματα.
259 3206 287 3269 7.
309 3204 363 3270 ἐπὶ
381 3202 418 3271 δέ
435 3198 494 3271 τδν
511 3203 668 3290 τέταρτον
687 3201 798 3271 έλθῶν
811 3197 870 3269 τὸν
886 3195 1027 3285 Ἰούδαν,

127 3368 143 3414 4
162 3366 325 3424 Gen.12,⁴2.
463 3368 478 3415 7
497 3365 566 3415 Gen.
580 3367 620 3428 18,
636 3366 679 3417 18.
817 3366 846 3413 11
867 3363 935 3413 Gen.
949 3365 988 3424 26,
1003 3366 1027 3418 4,
1087 3401 1093 3423 ,

61 3434 93 3481 14
113 3434 180 3483 Gen.
193 3435 234 3497 28,
250 3437 289 3486 13.
395 3436 426 3484 17
445 3433 515 3483 Gen.
530 3436 571 3487 35.
587 3435 626 3483 11.
