2326 3818
327 109 512 159 οενονεν.
531 109 667 160 EVANG.
687 110 724 162 11.
739 114 762 184 3⁸
971 109 1031 171 115

49 247 263 337 οἰναστρέφει
292 246 328 318 τὸ
364 249 591 336 καταλειφθὲν
614 251 675 318 τού
705 245 836 339 Ἰσραήλ
862 252 915 320 ἐπὶ
945 248 1031 320 θεὸν

63 349 229 440 ἰσχύοντα.
266 355 316 419 96.
338 353 394 418 καί
416 348 475 418 ἐὰν
498 351 633 437 γένηται
658 347 836 440 ὁάριθμὸς
860 355 928 421 τῶν
945 358 1031 422 υίῶν

58 451 190 543 Ἰσραήλ
214 448 258 532 ὦς
285 449 306 537 ἡ
333 447 438 540 ἄμμος
462 455 520 539 τής
545 447 736 540 θαλάσσης,
763 451 800 521 τὸ
824 451 1030 542 κατοίλειμμα

62 553 175 628 αὐτῶν
199 551 399 641 σωθήσεται.
432 551 542 641 Ιλόγον
570 551 641 643 γὰρ,
665 557 837 623 συντελῶν
866 557 921 623 καὶ
946 578 1031 624 συν-

22 689 35 727 5
62 661 193 746 τέμνων
229 657 266 725 ἐν
301 654 517 744 δικαιοσύνη,
553 651 605 725 ὅτι
636 654 736 742 λόγον
762 658 1030 745 συντετμημένον

57 756 194 847 ποιήσει
212 755 230 827 5
249 756 329 838 θεὸς
348 760 384 826 έν
401 760 443 847 τῇ
460 761 641 849 οἰκουμένῃ
660 753 750 849 ὅλη.”

140 864 190 930 97.
219 855 407 930 Κάνταῦθα
425 858 588 950 πρόσσχες
606 858 657 930 ὅτι
678 864 715 931 ἐν
731 863 773 953 τῇ
792 864 860 930 τῶν
873 871 1029 947 σκυθρω-

62 966 136 1033 πῶν
154 958 291 1053 ἀπειλῇ,
310 963 433 1051 φησὶν,
458 969 548 1032 ἔσται
571 960 589 1032 5
619 959 758 1050 φεύγων
779 960 827 1042 ’ὡς
850 958 868 1031 5
892 959 1030 1051 φεύγων

62 1061 127 1134 ἀπὸ
152 1061 277 1152 φλογὸς
301 1067 493 1152 καιομένης·
512 1066 581 1146 καὶ
604 1070 640 1134 οί
660 1066 941 1152 καταλειφθέντες
966 1060 1024 1133 ἀπ’

23 1196 48 1234 10
62 1164 174 1236 αὐτῶν
208 1162 351 1254 ἀριθμὸς
381 1172 491 1253 ἔσται,
522 1167 578 1234 καὶ
602 1172 739 1235 παιδίον
761 1164 884 1255 μικρὸν
907 1164 1059 1254 γροίψειᾱ

62 1263 193 1346 αύτούς.
235 1262 283 1336 δι’
311 1257 360 1335 οἷν
390 1265 427 1336 τὸ
451 1265 595 1337 σπάνιον
623 1271 693 1336 τῶυ
722 1269 938 1355 φευξομένωυ
972 1269 1031 1338 τὸν

61 1366 206 1457 ὄλεθρον
224 1370 285 1437 τού
303 1371 339 1437 έν
357 1372 535 1456 περιτομῆς
554 1373 654 1457 λαοῦ,
679 1370 735 1439 καὶ
758 1365 817 1438 τδν
840 1372 897 1457 τής
911 1363 1029 1455 Ἱερου-

62 1466 171 1558 σαλήμ
190 1467 384 1558 ἐμπρησμὸν
401 1476 611 1557 παρίστησιν.
643 1477 679 1540 οί
694 1476 731 1539 δε
750 1472 1030 1557 καταλειφθέντες

62 1561 441 1659 οὗτοι,φησὶυ,ύριθμός
455 1577 602 1640 ἔσονταί
624 1577 673 1641 98.
683 1569 771 1641 τούπ’
789 1579 881 1642 ἔστιν
893 1568 1029 1663 ἀριθμῷ

25 1703 48 1742 15
63 1675 180 1761 ληπτοὶ
203 1670 416 1762 γενήσονται,
441 1671 529 1743 οὕτω
555 1680 690 1764 βραχεῖς
722 1675 777 1742 καὶ
808 1671 1029 1762 εὐαρίθμητοι

61 1772 164 1856 ὄντες.
200 1777 351 1846 τοσούτοι
371 1770 404 1845 δ’
420 1765 488 1846 ούν
506 1769 551 1857 ύς
570 1779 608 1846 έν
624 1784 799 1865 συγκρίσει
822 1779 883 1845 τού
906 1775 1030 1857 παντὸς

61 1875 215 1966 πλήθους
232 1874 480 1948 τούἸουδαίων
504 1884 628 1958 ἔθνους
656 1882 691 1947 οί
726 1884 773 1959 είς
808 1873 867 1947 τὸν
891 1880 1026 1964 σωτῆρα

62 1981 117 2048 καὶ
141 1977 260 2067 κύριον
278 1975 373 2068 ήμῶν
404 1976 660 2062 πεπιστευκότες
685 1978 880 2070 γεγόνασιν,
911 1987 946 2048 οἳ
974 1981 1029 2047 καὶ

63 2079 320 2169 κατηξιώθησαν
349 2087 407 2170 τής
432 2076 491 2150 ὑπ’
528 2077 632 2152 αύτού
663 2087 814 2172 γραφής,
842 2076 886 2162 ως
932 2088 1031 2168 δηλοῖ

23 2179 203 2270 οιφιίσκων
238 2177 255 2251 ὁ
292 2179 389 2269 λόγος
421 2179 505 2252 “nal
537 2190 675 2253 παιδίον
708 2183 830 2274 γράφει
860 2179 1024 2262 αύτούς”’

62 2279 264 2375 πρρδιδύξας
289 2282 356 2352 ὅτι
375 2311 454 2355 ποτε
472 2276 515 2371 ήν
539 2283 575 2354 τὸ
600 2290 737 2355 παιδίου
769 2290 805 2354 έν
830 2279 880 2364 οἷς
913 2292 1028 2371 ἔλεγεν
1043 2309 1085 2359 (τε)

56 2383 157 2454 “ίδού
175 2379 196 2473 ή
215 2389 384 2475 παρθένος
405 2391 441 2456 έν
459 2387 577 2472 γαστρί
605 2389 686 2472 ἕξει,
711 2390 767 2455 καὶ
784 2389 910 2466 τέξεται
935 2384 1026 2454 υίόν·

61 2490 117 2557 καὶ
135 2490 216 2578 πρὶν
235 2483 256 2576 ή
274 2492 402 2575 γνῶναι
421 2487 457 2558 τὸ
485 2492 621 2557 παιδίον
640 2497 756 2557 καλεῖν
780 2488 905 2573 πατέρα
928 2483 1025 2575 ήμη-

61 2585 167 2678 τέρα.”
184 2592 298 2660 99.καὶ
318 2588 499 2678 ἐπειδήπερ
511 2593 664 2678 ,ἐνταῦθα
681 2595 819 2659 παιδίον
830 2591 936 2677 φησὶν
948 2586 1027 2675 γρύ-

20 2709 46 2755 2⁵
63 2707 118 2773 ψει
139 2687 275 2780 αύτούς,
302 2690 436 2774 εἰκότως
462 2695 498 2761 έν
524 2706 594 2774 τοῖς
617 2689 769 2780 πρόσθεν
792 2694 920 2778 ἐλέγετο
941 2685 1026 2760 “nal

63 2800 154 2861 ε”σται
171 2793 209 2862 τὸ
227 2791 438 2882 ὑπολειφθὲν
464 2797 500 2863 έν
533 2791 628 2864 Σιεδν
659 2796 715 2863 καὶ
739 2791 775 2863 τό
800 2794 1028 2881 καταλειφθὲν

63 2898 100 2963 έν
114 2888 338 2984 Ἰερουσαλήμ,
357 2891 445 2981 ἅγιοι
463 2893 691 2984 κληθήσονται
701 2894 822 2976 πάντες
837 2901 871 2965 οί
882 2899 1027 2983 γραφέν·

61 3024 114 3076 τες
139 3001 185 3076 είς
210 2994 306 3083 ζωήν.
347 2992 459 3085 ὥσπερ
481 3000 565 3085 γούν
592 2998 628 3066 έν
653 3002 792 3076 ἐκείνοις
816 2997 851 3066 τὸ
876 3007 1029 3066 καταλει-

61 3097 152 3187 φθὲν
187 3093 375 3186 ύνόμαστο,
409 3103 444 3166 oc
467 3096 498 3166 5³
533 3093 628 3167 αύτοὶ
653 3104 837 3187 γραφέντες
861 3089 948 3185 »ἦσαν
981 3106 1028 3175 εἰς

22 3230 48 3270 3ο
62 3195 160 3287 ζωήν,
176 3197 281 3281 οὕτως
295 3201 350 3268 καὶ
366 3203 515 3270 ἐνταῦθα
533 3203 568 3269 οί
580 3204 860 3289 καταλειφθέντες
884 3197 941 3266 ἀπ’
964 3195 1027 3266 αύ-

61 3304 128 3370 τώυ
157 3296 300 3390 ύριθμὸς
331 3309 462 3371 ἔσονται
494 3303 549 3370 καί
574 3307 712 3371 παιδίον
743 3299 863 3389 γράφει
895 3296 1025 3381 αύτούς.

64 3408 132 3470 100.
162 3406 259 3473 τούτο
288 3405 324 3473 δὲ
348 3405 575 3493 καταλειφθὲν
602 3406 637 3472 ἐκ
664 3406 725 3472 τού
746 3402 906 3492 Ἰσραὴλ,
927 3405 988 3470 κοδι
1009 3405 1045 3464 οἱ

865 3515 916 3578 g*
