2326 3818
334 112 520 196 οΕΜοΝεΤ.
532 113 669 166 Ενεαο.
688 117 722 167 ν.
740 118 782 166 κο.
801 118 842 168 3ο.
996 113 1059 176 349

91 251 270 340 ἐκτήσαντο
288 257 324 321 οί
339 254 477 338 πατέρες
495 246 589 340 ἡμῶν
607 258 740 341 εἴδωλα,
760 255 815 321 καὶ
833 251 895 324 οῦκ
913 261 1003 323 ἔστιν
1023 258 1058 322 έν

90 350 204 432 αῦτολς
228 348 380 441 ώφέλεια.
424 359 454 420 εί
476 350 606 439 ποιήσει
630 351 720 444 αὑτῶ
744 350 925 442 ἅνθρωπος
942 352 1057 442 θεοῦς,

90 456 145 523 καὶ
164 444 255 523 οῦτοι
272 451 335 523 οῦκ
353 456 417 522 εἰσὶ
435 455 527 539 θεοὶ,
548 450 603 521 διά
621 459 717 523 τοῦτο
737 451 812 523 ίδοῦ
835 451 900 542 ἐγώ
920 454 1059 573 δηλώσω

91 552 205 636 αὐτοῖς
224 557 260 624 ἐν
277 559 323 647 τῶ
337 557 443 646 καιρῷ
454 552 560 646 τούτῳ
574 551 636 642 την
648 551 743 675 χελρά
759 583 836 643 μου,
854 557 909 623 καὶ
925 560 1104 643 γνωριῶ
1071 584 1104 633 σε
1105 585 1125 634 ε)

65 653 204 738 εαῦτοῖς
222 654 283 743 τὴν
302 652 450 744 δυ’ναμίν
467 682 549 744 μου,
568 657 623 725 καλ
640 653 828 743 γνώσονται
846 651 896 725 ὅτι
915 654 979 743 ἐγώ
998 654 1057 724 κῦ-
1074 684 1127 735 [159]

92 752 192 844 ριος.”

166 863 196 928 2.
216 854 374 946 Κῦριος
357 859 458 950 ετέρῳ
473 853 604 946 εῦχεται
618 864 736 950 κυρίῳ,
754 886 801 951 τρο
789 859 915 947 πατρὶ
930 855 1059 945 δηλαδη

90 961 146 1027 καὶ
169 962 241 1052 θεῷ
265 964 333 1028 τῶν
358 955 464 1045 ὅλων,
496 961 534 1027 έν
557 954 607 1039 οἷς
635 956 816 1047 ἀρχόμενός
839 980 922 1048 φησι
940 955 1060 1048 “κῦριε

91 1057 185 1148 ἰσχῦς
209 1056 295 1148 μου”
317 1060 374 1127 καλ
396 1057 436 1127 τά
462 1061 545 1146 ἑξῆς.
587 1065 703 1146 σαφῶς
723 1060 760 1128 δέ
777 1057 838 1147 τὴν
860 1061 928 1130 τῶν
948 1063 1060 1130 ἐθνῶν

51 1190 77 1228 10
91 1163 126 1229 ἐκ
144 1163 202 1247 τῆς
226 1162 461 1240 πολυπλανοῦς
485 1164 740 1250 εἰδωλολατρίας
766 1162 820 1230 έπλ
843 1159 906 1251 τὴν
930 1168 977 1242 εἰς
1001 1159 1060 1231 τδν

90 1259 175 1330 θεὸν
193 1257 369 1347 εὐσέβειαν
386 1257 576 1348 μεταβολὴν
593 1268 753 1344 θεσπίζει.
796 1263 852 1330 καὶ
875 1260 959 1350 αὕτη
985 1264 1021 1330 δὲ
1039 1261 1059 1350 ἡ

91 1350 276 1450 προφητεία
289 1359 371 1450 μετά
389 1357 450 1448 την
465 1366 511 1441 είς
520 1358 723 1450 ἀνθρώπους
736 1367 796 1430 τοῦ
810 1365 957 1452 σωτῆρος
966 1360 1061 1451 ἡμῶν

87 1459 199 1549 Ἰησοῦ
216 1464 364 1551 Χριστοῦ
376 1465 566 1550 παρουσίαν
581 1465 804 1552 ἐναργέστατα
818 1468 987 1532 δείκνυται
1001 1490 1060 1531 πε-

92 1566 301 1650 πληρωμένη.

53 1692 79 1731 15
168 1668 196 1732 3.
229 1658 327 1734 Ἀλλά
356 1660 421 1752 γάρ
455 1659 502 1732 δι’
534 1659 623 1735 ὅλων
646 1661 823 1754 τριάκοντα
846 1671 1062 1755 προφητικῶν

91 1771 284 1852 κεφαλαίων
302 1763 463 1853 δεύτερον
479 1764 565 1835 θεὸν
581 1763 662 1853 μετά
680 1763 738 1836 τδν
755 1763 914 1836 ἀνωτάτω
932 1767 988 1835 καὶ
1008 1768 1062 1835 έπὶ

90 1869 172 1935 πᾶσι
189 1862 249 1936 τὸν
267 1868 400 1956 σωτῆρα
419 1866 475 1936 καὶ
493 1863 613 1955 κῦριον
636 1865 731 1956 ἡμῶν
747 1866 806 1937 τόν
823 1869 884 1937 τοῦ
900 1870 987 1936 θεοῦ
1004 1863 1061 1935 λό-
1078 1893 1091 1932 ι

91 1994 152 2053 γον
177 1966 263 2036 εἶναι
285 1965 515 2057 μεμαθηκότες
545 1965 599 2055 ἐφ’
629 1969 748 2057 ἑτέραν
770 1974 828 2055 τῆς
851 1965 933 2037 κατά
960 1964 1062 2036 αὐτὸν

92 2073 281 2155 οἰκονομίας
305 2064 471 2139 ῦπόθεσιν
494 2067 769 2159 μεταβησόμεθα,
794 2066 898 2138 αῦτδν
924 2070 965 2155 δὴ
988 2072 1062 2137 τοῦ·

54 2194 151 2237 κτον
168 2166 252 2238 θεὸν
271 2174 318 2248 είς
335 2165 539 2260 ἀνθρώπους
558 2168 753 2241 ἐλεύσεσθαι
774 2176 847 2240 δεῖν
861 2174 898 2240 ἐκ
915 2173 982 2241 τῶν
1000 2167 1062 2238 αῦ-

92 2274 160 2338 τῶν
177 2267 267 2357 παρά
281 2263 445 2359 Ἑβραίοις
464 2273 566 2360 ίερῶν
584 2278 713 2356 βίβλων
731 2269 962 2359 συστήσοντες.

426 2870 582 2922 BIBAION
599 2871 735 2922 ΕΚΤΟΝ.

173 2972 195 3043 Ι.
217 2977 344 3063 Σαφῶς
363 2978 400 3046 ἐν
416 2982 463 3070 τῶ
481 2977 620 3070 πέμπτῳ
635 2975 867 3069 συγγράμματι
884 2985 942 3066 τῆς
956 2975 1065 3065 Εῦαγ-
1078 3001 1132 3051 (2⁵⁷)

96 3078 230 3163 μελικῆς
242 3072 458 3160 Ἀποδείξεως
483 3073 669 3170 ῶρισμένου
692 3082 753 3149 τοῦ
769 3082 846 3170 περὶ
870 3078 993 3169 πατρὸς
1011 3080 1065 3145 καὶ

57 3207 84 3248 ει
97 3180 177 3246 υίοῦ
193 3175 312 3266 λόγου,
330 3180 387 3248 καὶ
404 3183 492 3249 θεοῦ
507 3179 570 3269 μὲν
588 3178 662 3263 ἑνὸς
679 3185 738 3252 τοῦ
755 3183 809 3250 έκλ
828 3179 964 3249 πάντων
982 3172 1065 3265 ῶμο-

96 3280 299 3368 λογημένου,
332 3280 490 3371 δευτέρας
522 3281 558 3351 δέ
584 3279 655 3370 μετ’
683 3280 786 3352 αὐτὸν
809 3277 1066 3370 ἀποδειχθείσης

97 3374 213 3463 οῦσίας
229 3377 416 3470 ἡγουμένης
429 3385 497 3452 τῶν
510 3388 682 3471 γεννητῶν
693 3378 861 3471 ἀπάντων,
881 3379 925 3471 ἣν
943 3389 1066 3472 σοφίαν
