2326 3818
331 155 516 207 DEMONST.
534 155 667 208 EVANG.
685 155 718 205 x,
738 157 762 206 8.
971 152 1033 215 681

64 304 197 384 τιῶται,
215 293 270 365 ὅτε
288 293 506 383 ἐσταύρωσαν
523 291 582 364 τὸν
595 291 744 381 Ἰησοῦν,
760 299 883 380 ἔλαβον
900 291 940 362 τὰ
960 290 1035 381 ίμά-

65 428 117 468 τια
136 396 253 486 αύτού,
271 399 327 466 καί
346 400 508 485 ἐποίησαν
520 397 664 482 τέσσαρα
677 397 773 483 μέρη,
792 390 920 487 ἑκάστῳ
939 415 1064 484 στρα·ο

66 499 166 590 τιύτη
183 500 292 588 μέρος.
327 494 386 567 τδν
404 503 527 587 χιτῶνα
546 497 595 584 δὲ,
613 494 663 566 ὅτι
681 493 831 586 ἀρραφος
844 485 898 582 ἦν,
919 500 956 565 ἐκ
969 500 1037 566 των

66 599 202 671 ἀνωθεν
218 599 368 687 ὑφαντὸς
387 597 432 668 δι’
453 595 551 686 ὅλου,
577 597 673 667 εἷπον
690 594 772 687 πρὸς
790 593 971 685 ἀλλήλους,
990 595 1036 685 μή

27 731 39 770 5
67 710 233 791 σχίσωμεν
256 697 377 788 αύτὸν,
415 697 499 768 ἀλλὰ
530 697 683 787 λάχωμεν
711 701 789 787 περὶ
813 695 918 768 αύτού
946 705 1036 779 τίνος

67 811 175 891 ἔσται,
198 808 255 872 ἵνα
279 805 444 892 πληρωθῇ
468 795 488 888 ἡ
514 800 628 890 γραφή
652 799 673 888 ἡ
699 802 862 888 λέγουσα,
888 805 1037 887 διεμερί-

66 926 167 975 σαντο
185 903 225 974 τά
244 902 356 993 ίμάτιά
373 931 439 991 μου
457 903 605 989 ἑαυτοῖς,
631 903 687 970 καλ
705 903 760 971 ἐπὶ
784 899 842 971 τόν
861 899 1037 990 ἱματισμόν

66 1035 132 1095 μου
155 1012 279 1093 ἔβαλον
303 1001 458 1092 κλήρον.”
503 1009 538 1072 ολ
552 1004 614 1092 μὲν
631 994 695 1073 ούν
717 1009 915 1089 στρατιῶται
932 1010 1036 1072 ταῦτα

67 1111 212 1178 ἐποίουν.
254 1112 304 1175 81.
324 1108 380 1175 καὶ
404 1104 422 1175 ὁ
446 1115 625 1184 Ματθαῖος
652 1104 688 1173 δὲ
712 1120 784 1186 τοῖς
803 1105 1037 1192 γεγενημένοις

27 1239 53 1278 10
66 1212 186 1278 τούτου
202 1207 261 1276 τὸν
278 1204 403 1297 τρόπον
416 1208 696 1296 μαρτυρεῖλέγων
707 1202 984 1295 “σταυρω’σαντες
999 1205 1037 1274 δὲ

66 1307 169 1379 αύτδν
188 1314 418 1397 διεμερίσαντο
441 1304 481 1378 τά
500 1305 613 1396 ίμάτια
630 1306 753 1393 αὐτού,
780 1305 938 1393 βαλόντες
956 1313 1036 1394 κλή-

67 1440 145 1498 ρου,
163 1416 221 1481 ἵνα
237 1415 403 1499 πληρωθῇ
421 1410 458 1479 τὸ
476 1409 585 1498 ῥηθὲν
603 1407 659 1478 διά
676 1415 736 1478 τοῦ
753 1407 946 1496 προφήτου,
968 1414 1037 1476 διε-

65 1520 244 1602 μερίσαντο
257 1510 296 1580 τά
311 1508 425 1600 ἱμάτιά
433 1538 499 1600 μου
506 1514 649 1597 ἑαυτοῖς,
659 1512 715 1579 καὶ
725 1511 779 1579 ἐπὶ
793 1509 852 1579 τὸν
861 1507 1037 1598 ἱματισμόν
1051 1545 1062 1573 ι

65 1642 132 1702 μου
150 1621 272 1699 ἔβαλον
289 1617 432 1700 κλήρου,
457 1615 513 1682 καὶ
531 1609 717 1701 καθήμενοι
736 1610 876 1700 ἐτήρουν
894 1606 1031 1682 αύτόν.”
1050 1634 1104 1686 [8151

28 1720 116 1785 1582.
138 1712 237 1795 κύνες
263 1715 300 1784 δὲ
323 1704 410 1803 ἦσαν
434 1719 636 1794 κυκλοῦντες
655 1709 759 1783 αύτδν
783 1716 838 1782 καὶ
856 1712 1036 1800 συναγωγή

66 1817 363 1906 πονηρευομένων,
381 1819 415 1885 οί
433 1817 468 1884 ἐκ
486 1818 664 1904 περιτομῆς
688 1812 845 1903 ἀρχουτες
866 1820 934 1884 τῶν
954 1812 1039 1884 Ἰου-

67 1924 190 2006 δαίων,
222 1923 257 1987 ολ
277 1943 314 1986 τε
337 1931 541 2007 γραμματεῖς
565 1918 621 1986 καὶ
652 1921 687 1985 οί
713 1913 895 2005 ἀρχιερεῖς,
927 1917 982 1984 καὶ
1006 1920 1041 1984 οί

68 2029 265 2108 Φαρισαῖοι,
283 2023 318 2088 ολ
333 2020 389 2088 καλ
407 2017 444 2088 τὸ
463 2021 531 2088 πᾶν
548 2016 785 2099 ἀνασείσαντες
803 2021 933 2105 πλῆθος
952 2020 1039 2100 ἐξαι-

66 2118 235 2208 τήσασθαι
252 2118 288 2188 τό
308 2115 389 2207 αἷμα
408 2117 515 2189 αύτού
532 2116 612 2188 καθ’
635 2121 765 2189 ἑαυτῶν
789 2120 845 2187 καὶ
869 2116 952 2187 κατά
970 2122 1039 2187 τῶν

28 2252 55 2291 εο
69 2228 168 2292 ίδίων
185 2223 322 2290 τέκνων.
360 2225 410 2288 83.
431 2223 546 2309 σαφῶς
563 2222 649 2307 γούν
666 2212 835 2300 ὁἮσαΐας
854 2215 958 2299 κύνας
976 2214 1039 2286 αύ-

66 2320 144 2403 τούς
158 2321 321 2392 ἀποκαλεῖ
331 2317 474 2410 φάσκων
486 2317 632 2402 ’πάντες
646 2318 746 2402 κύνες
759 2323 857 2408 ἐνεοί,
877 2316 917 2389 ού
936 2317 1038 2389 δυνά·

66 2452 161 2513 μενοι
179 2417 369 2493 ύλακτεῖν.”
412 2424 490 2492 δέον
512 2419 576 2511 γάρ
601 2417 742 2510 αύτούς,
767 2429 797 2490 εί
821 2423 878 2491 καὶ
900 2418 945 2509 μή
964 2448 1039 2490 ποι-

66 2527 178 2615 μένων
194 2521 319 2613 τρόπον
330 2519 567 2612 ἀνειλήφεσαν,
586 2521 670 2592 ἀλλὰ
685 2528 784 2610 δίκην
796 2529 879 2610 γοῦν
896 2520 1066 2609 άγαθῶνο

67 2632 181 2696 κυνῶν
197 2624 260 2714 τήν
277 2628 337 2694 τού
349 2622 513 2696 δεσπότου
527 2622 666 2713 λογικήν
678 2632 825 2713 ποίμνην
837 2626 893 2693 καὶ
905 2623 945 2692 τὰ
957 2621 1038 2712 πρό·

28 2756 54 2796 25
68 2737 153 2816 βατα
177 2731 236 2798 τού
260 2737 356 2797 οῖκον
371 2723 501 2817 Ἰσραήλ
524 2723 752 2815 φυλάττοντας
778 2728 1039 2814 ἐπιστημονικῶς

65 2824 235 2915 ύλακτεῖν,
254 2836 433 2907 σαίνοντας
443 2828 505 2916 μὲν
522 2830 578 2896 καί
593 2826 874 2915 ἐπιγινωσκοντας
886 2826 945 2898 τὸν
958 2828 1039 2896 ἑαυ-

64 2932 132 2999 των
151 2926 319 3017 δεσπότην
336 2931 391 2998 καὶ
409 2924 645 3018 ἀρχιποίμενα,
663 2925 753 3018 πάση
771 2956 806 2998 τε
824 2931 962 3017 φυλακή
977 2927 1039 3015 τὴν

65 3033 334 3119 πεπιστευμένηυ
342 3029 456 3111 αὑτοῖς
468 3038 614 3120 ποίμνην
622 3033 868 3119 φρουροῦντας,
879 3029 1039 3099 ὑλακτεῖν

67 3133 116 3222 δὲ,
135 3129 252 3222 ελάρα,
271 3129 353 3201 κατὰ
370 3134 438 3202 των
456 3138 583 3216 ἔξωθεν
601 3129 890 3219 ἐπιβουλευόντων
908 3133 949 3220 τῇ
966 3138 1038 3199 ποί-

28 3261 54 3303 οο
68 3254 150 3327 μνη·
191 3238 225 3304 οί
255 3233 293 3302 δὲ
322 3240 437 3304 κανων
466 3230 591 3322 τρόπον
614 3236 718 3304 ἐνεῶυ
748 3232 795 3315 ως
822 3228 958 3320 ἀληθῶς
982 3233 1039 3300 καὶ

139 3469 171 3517 10
189 3465 289 3517 Matth.
302 3467 344 3532 27,
358 3467 401 3517 35.
504 3467 535 3515 21
554 3464 601 3516 Εε.
617 3467 713 3530 56,10.
