2326 3818
371 125 554 178 DEMONST.
575 127 708 182 εοεαε,
729 128 749 178 1.
768 131 792 178 ο.
1023 127 1065 190 43

94 269 217 358 χειρῶν
233 263 348 356 ὑμῶν,
369 265 454 337 διότι
472 263 530 336 ἄπ’
551 263 725 339 άνατολῶν
743 270 906 357 καὶμέχρι
926 273 1066 357 δυσμῶν

94 369 133 439 τὸ
149 366 254 458 ὄνομά
268 398 333 457 μου
349 366 543 452 δεδόξασται
558 373 594 438 έν
608 386 677 449 τοῖς
695 378 823 456 ἔθνεσι,
843 372 898 439 καί
913 375 950 440 έν
964 373 1064 440 παντί

96 468 187 564 τόπῳ
199 480 355 560 θυμίαμα
368 469 571 562 προσάγεται
588 475 633 563 τῶ
645 468 787 559 ὀνόματί
803 500 869 559 μου
887 474 943 541 καί
957 481 1065 542 θυσία

95 569 263 662 καθαρά.”

65 703 82 744 τ
172 679 223 745 44.
249 671 292 743 Τό
310 671 373 762 γάρ
398 677 435 743 έν
458 676 558 744 παντὶ
579 671 671 766 τόπφ
689 680 845 760 θυμίαμα
863 677 919 742 καὶ
936 682 1064 744 θυσίαν
1083 709 1093 735 c

40 772 44 780 ’
95 771 328 865 ἀναφέρεσθαι
351 779 423 867 θεῶ
446 782 481 845 τί
502 778 615 865 ἕτερον
639 783 839 865 παρίστησιν
857 771 877 862 ή
895 771 945 844 ὅτι
963 774 1008 863 μή
1028 780 1064 845 έν

88 875 348 967 Ἱεροσολύμοις,
374 874 452 966 μηδ’
475 873 717 969 ἀφωρισμένως
736 881 773 946 έν
791 880 878 970 τῶδε
896 881 941 969 τῶ
959 875 1063 970 τόπῳ,

95 983 133 1049 έν
150 976 240 1070 πάση
266 979 303 1049 δέ
326 975 418 1071 χῶροι
442 981 498 1047 καί
523 980 559 1048 ἐν
583 982 663 1049 πάσι
687 995 754 1059 τοῖς
773 987 889 1050 ἔθνεσι
906 981 1064 1068 μέλλουσι

94 1078 131 1151 τό
149 1078 199 1151 δι’
221 1078 330 1171 εὐχῶν
347 1088 503 1170 θυμίαμα
519 1082 575 1149 καί
593 1080 654 1168 τήν
672 1079 713 1150 ού
732 1077 777 1150 δι’
799 1080 960 1169 αἱμάτων,
979 1079 1064 1151 ἀλλά

50 1211 82 1251 το
97 1178 145 1252 δι’
166 1190 274 1270 ἔργων
289 1177 439 1270 εὐσεβῶν
453 1180 608 1271 καθαράν
623 1180 864 1271 ὠνομασμένην
877 1190 1004 1254 θυσίαν
1017 1187 1063 1276 τῷ

96 1287 151 1353 ἐπὶ
168 1287 270 1354 πᾶσιν
287 1283 471 1374 ἀναφέρειν
488 1288 574 1376 θεῷς
592 1288 644 1353 45.
664 1288 727 1374 βοᾷ
747 1283 784 1353 δέ
803 1283 990 1373 διαρρήδην
1008 1287 1064 1354 καί

94 1386 257 1475 κέκραγεν
279 1381 446 1466 δἩσαίας
470 1391 641 1468 θεσπίζων
664 1381 731 1472 ἅμα
755 1387 810 1454 καὶ
828 1388 936 1472 λέγων
949 1381 1064 1455 ’Ἔσται

93 1485 337 1577 θυσιαστήριον
354 1492 400 1580 τῷ
419 1493 525 1578 κυρίφ
540 1489 582 1554 έν
599 1482 691 1576 χῶροι
699 1483 885 1574 Αἰγύπτου,
905 1488 960 1554 καί
974 1515 1064 1572 γνω-

95 1586 171 1672 στδς
189 1597 280 1661 ἔσται
298 1587 411 1678 κύριος
429 1605 496 1671 τοίς
510 1595 720 1677 Αἰγυπτίοις,
739 1590 795 1657 καί
806 1585 984 1658 ἀποστελεῖ
1000 1584 1064 1656 αύ-

50 1721 81 1760 15
94 1707 162 1773 τοῖς
187 1688 372 1781 άνθρωπον
394 1687 430 1771 δς
454 1689 558 1761 σῶσει
581 1685 719 1778 αύτούς,
744 1692 799 1760 καί
818 1688 1005 1777 γνῶσονται
1031 1696 1065 1760 οἰ
1078 1709 1092 1749 d

94 1791 274 1882 Αἰγύπτιοι
291 1791 350 1864 τόν
367 1792 485 1882 κύριον
504 1798 541 1863 έν
559 1795 600 1884 τή
618 1789 724 1885 ήμέρᾳ
745 1796 872 1883 έκείνη,
892 1795 948 1863 καὶ
966 1790 1063 1881 ποιή-

93 1917 212 1966 σουσιν
235 1903 376 1985 θυσίας,
407 1897 463 1966 καί
489 1893 638 1978 εὔξονται
664 1891 762 1984 εὐχάς
785 1898 833 1986 τῶ
856 1903 980 1986 κυρίῳ,
1006 1897 1063 1964 καὶ

93 1991 346 2084 άποδῶσουσιν,
365 2000 421 2066 καὶ
440 1995 745 2084 ἐπιστραφήσονται
762 1994 844 2086 πρός
858 1994 987 2086 κύριον,
1007 1997 1062 2068 καί

94 2097 324 2168 εἰσακούσεται
341 2096 472 2185 αὐτῶν,
490 2100 546 2167 καὶ
566 2095 693 2167 ἰάσεται
711 2096 866 2179 αύτούς.”

52 2226 79 2266 20
169 2201 221 2267 46.
240 2188 323 2285 Ἀρά
348 2223 401 2269 σοι
426 2201 592 2287 δοκοῦμεν
614 2197 726 2287 άληθή
751 2203 861 2287 λέγειν
878 2198 1061 2288 μετάθεσιν

92 2301 152 2367 τοῦ
176 2301 329 2379 Μωσέως
359 2296 481 2384 νόμον,
510 2305 637 2386 μάλλον
663 2299 701 2368 δέ
725 2305 858 2370 παῦλαν
883 2303 939 2369 καὶ
962 2298 1062 2370 λύσιν

92 2396 277 2486 φάσκοντες
296 2397 351 2467 διά
369 2401 436 2468 τῶν
455 2402 671 2487 προφητικῶν
683 2407 808 2486 φωνῶν
821 2407 1061 2482 θεσπίζεσθαι;

92 2505 143 2572 47.
164 2499 261 2589 ὁμέν
284 2529 322 2588 γε
339 2505 468 2587 Μωσής
491 2495 735 2587 θυσιαστήριον
758 2501 813 2568 καί
836 2506 960 2580 θυσίας
983 2497 1058 2568 οὐδ’

92 2600 256 2693 άλλαχόσε
273 2604 334 2691 γής
359 2595 380 2690 ή
404 2606 441 2671 έν
464 2599 550 2693 μόνη
569 2604 610 2692 τῇ
623 2597 786 2694 Ἰουδαίᾳ,
810 2604 866 2671 καί
885 2600 1006 2689 ταύτης
1025 2605 1062 2671 έν

49 2733 79 2774 25
92 2710 151 2797 μιᾷ
168 2702 262 2776 πόλει
287 2702 521 2794 συστήσασθαι
544 2714 739 2793 νομοθετεῑ’
772 2698 793 2792 ή
818 2704 856 2773 δὲ
874 2712 1062 2793 προφητεία

93 2813 129 2876 έν
153 2805 244 2898 χῶρᾳ
270 2809 376 2896 φησὶν
400 2805 575 2895 Αἰγύπτου
605 2809 653 2899 τῶ
682 2815 788 2899 κυρίῳ
817 2797 1079 2895 θυσιαστήριον

88 2906 358 2997 ἰδρυθήσεσθαι,
378 2911 433 2980 καὶ
450 2906 527 2991 τούς
535 2915 742 2996 Αἰγυπτίους
757 2904 879 2990 αύτούς
890 2911 937 3001 τῷ
954 2915 1045 3002 κυρί,

90 3014 158 3081 τῶν
172 3015 367 3100 προφητῶν,
380 3006 455 3081 ἀλλ’
475 3008 587 3081 οὐκέτι
599 3026 667 3093 τοῖς
685 3007 849 3104 πατρῴοις
867 3022 961 3092 θεοῖς
980 3019 1061 3078 καλ-

91 3111 259 3203 λιερήσειν
276 3110 334 3194 τάς
351 3120 495 3200 θυσίας,
514 3114 569 3182 καί
584 3117 642 3200 τής
655 3120 864 3201 θεογνωσίας
877 3111 919 3181 οὐ
934 3111 1061 3180 Μωσία
1080 3104 1086 3110 ’

48 3243 76 3283 εο
91 3225 199 3284 αἰτιον
216 3211 288 3285 οὐδ’
311 3218 426 3303 ἕτερον
438 3220 506 3283 τῶν
518 3217 701 3303 προφητῶν
711 3209 825 3294 αὐτοῖς
844 3211 1060 3301 γενήσεσθαι,

90 3365 295 3373 σῇ--ι--μ

161 3449 192 3497 12
210 3449 263 3497 les.
278 3449 319 3508 19,
335 3449 374 3500 19.
