2326 3818
144 139 186 205 36
550 136 699 189 Ειιεεειι

144 280 203 351 τὸν
222 286 369 367 δίκαιον,
394 275 453 347 τόν
477 279 640 367 θεοσεβῆ,
665 280 722 365 τῆς
742 283 790 357 είς
816 273 921 367 άκρον
940 274 1121 367 εὐσεβείας

145 376 236 474 αὐτῷ
255 383 310 450 καὶ
329 385 581 470 δικαιοπραγίας
598 387 647 460 τίς
661 376 727 467 άρα
741 384 830 449 αίτία
847 369 902 469 ἦν,
919 377 965 470 μή
979 386 1014 450 τί
1023 408 1064 468 γε
1076 378 1122 453 τά

147 484 297 565 Μωσέως
324 484 598 572 παραγγέλματα,
621 478 786 570 οὐδαμοῖς.
840 477 923 551 άλλά
942 480 1121 571 σαββάτου

145 583 267 677 ἡμέρας
286 582 477 674 έπιτήρησις
495 575 553 672 ἦν,
573 581 593 672 ἦ
611 610 700 663 τινος
717 580 819 671 άλλης
834 579 1017 671 Ἰουδαϊκῆς
1037 589 1121 659 ἐθε-

102 694 366 778 ·ᾱλοθρησκείας
384 683 537 775 φυλακή,
567 683 691 774 πόθεν,
715 687 932 778 πρεσβυτέρῳ
950 702 1018 768 τοῖς
1037 684 1148 777 χρό-ε

144 819 215 870 νοις
235 789 386 868 Μωσέως
412 790 547 875 καὶτῆς
571 784 641 856 κατ’
670 784 773 856 αὐτὸν
799 795 999 875 νομοθεσίας
1016 814 1124 875 γενο-

144 894 255 984 μένῳ;
274 888 291 959 ὁ
310 890 372 978 μὲν
389 889 452 977 γάρ
472 891 598 978 Μωσῆς
616 892 757 977 ἕβδομος
783 892 815 971 ἐξ
831 885 978 978 Ἀβρααμ
996 916 1120 978 γενεα-

146 1003 309 1081 λογεῐται,
342 985 455 1061 οὑτοσὶ
484 991 520 1061 δὲ
546 991 708 1079 πέμπτος,
745 992 823 1060 δνσὶ
854 993 1030 1081 προτέραις
1053 993 1124 1067 ’τόν
1156 1000 1161 1027 ⁷

147 1094 276 1163 Μωσέα
294 1111 424 1181 γενεαῖς
438 1090 603 1182 προάγων.
638 1097 686 1160 14.
706 1093 771 1161 θέα
790 1088 822 1161 δ’
842 1082 904 1162 οὖν
923 1095 978 1162 καὶ
995 1091 1124 1169 τούτου

146 1193 205 1264 τὸν
223 1200 299 1282 βίον
306 1247 316 1282 ,
336 1195 486 1276 Μωσέως
504 1193 566 1282 μὲν
582 1197 639 1282 τῆς
659 1201 859 1282 νομοθεσίας
877 1190 979 1266 οὐδέν
998 1194 1162 1286 ἐπαγόμ

146 1324 267 1385 μενον,
284 1300 342 1384 τῆς
367 1296 403 1365 δὲ·
428 1300 487 1365 τοῦ
505 1299 651 1385 σωτῆρος
676 1293 771 1384 ἡμων
790 1292 1004 1384 εόαγγελικῆς
1022 1290 1136 1371 ‹Ma-⁸

146 1406 284 1480 σκαλίας
302 1396 363 1469 οὐκ
381 1395 567 1486 άλλότριον.
605 1398 693 1486 λέγει
712 1394 744 1466 δ’
765 1388 829 1468 οὖν
847 1395 945 1480 αὐτὸς
962 1397 1022 1468 τόν
1041 1401 1124 1475 {av-

145 1505 205 1572 τοῦ
225 1498 357 1583 διεξιών
375 1506 451 1587 βίον
471 1504 507 1569 έν
524 1501 566 1589 τῇ
583 1498 665 1590 πρὸς
688 1490 765 1579 τοδς
785 1501 936 1588 ἑταίρους
952 1497 1148 1597 ἀπολογίᾳ·

140 1600 311 1671 “διέσωσα
328 1599 392 1690 γάρ
410 1600 542 1689 πτωχὸν
560 1605 596 1670 ἐκ
614 1600 721 1689 χειρός
741 1599 921 1690 δυνάστου,
939 1605 995 1672 καὶ
1012 1595 1125 1694 όρφα·

148 1705 208 1796 νῷ,
228 1692 255 1795 ᾧ
272 1697 334 1770 οόκ
352 1692 394 1789 ἦν
411 1700 558 1790 βοηθὸς,
578 1701 757 1790 ἐβοήθησα,
784 1701 887 1792 στόμα
902 1704 940 1773 δέ
957 1701 1062 1793 χήρας
1079 1730 1159 1797 m

149 1799 344 1893 εὐλόγησεν,
359 1801 578 1892 δικαιοσύνην
592 1803 629 1871 δὲ
645 1801 866 1874 ἐνεδεδύκειν.
897 1803 1125 1898 ἠμφιασάμην

150 1906 187 1976 δὲ
205 1911 307 1994 κρίμα
326 1917 381 1975 ίσα
396 1910 557 1993 διπλοίδι,
575 1902 750 1993 ὀφθαλμός
764 1903 853 1995 ἤμην
864 1911 1015 1997 τυφλῶν,
1034 1909 1124 2001 ποιός

151 2008 187 2076 δέ
205 2013 343 2096 χωλῶν,
363 2005 427 2095 ἐγω
446 2003 534 2096 ἥμην
552 2002 659 2094 πατὴρ
678 2004 894 2078 άδννάτων.”

92 2136 133 2188 (ιε)
228 2113 277 2177 15.
299 2104 396 2178 Αάτά
420 2107 461 2196 δὴ
485 2111 589 2178 τοιάτα
607 2103 763 2199 άντικρυς
780 2107 820 2179 τά
843 2114 946 2180 πᾶσιν
963 2104 1047 2198 ἡμίν
1065 2109 1125 2185 διά

149 2213 207 2300 τῆς
222 2204 436 2297 εὐαγγελικῇς
451 2216 667 2290 διδασκαλίας
680 2209 861 2301 μαθήματα
879 2210 1121 2302 κηρυττόμενα

149 2311 234 2383 άλλά
252 2313 307 2382 καὶ
333 2306 377 2394 ὦς
396 2309 494 2394 είδάς
519 2303 557 2382 εὖ
573 2309 662 2402 μάλα
679 2310 716 2383 τό
735 2320 863 2383 κλαίειν
888 2312 970 2402 μετὰ
988 2313 1123 2389 κλαιόν-

21 2440 32 2452 ’
89 2441 90 2444 ’
148 2445 232 2505 των,
252 2418 308 2485 καὶ
325 2412 550 2504 τό“μακάριοι
568 2420 603 2484 oi
617 2422 801 2503 κλαίοντες,
820 2411 870 2484 ότι
885 2413 1085 2502 γελάσονται
1093 2412 1122 2451 ³³

149 2521 204 2587 καὶ
223 2515 259 2588 τό
274 2513 328 2588 “el
341 2515 459 2606 πάσχει
475 2523 511 2586 ἓν
528 2519 637 2605 μέλος,
657 2513 845 2605 σνμπάσχει
859 2513 966 2586 πάντα
979 2513 1020 2585 τά
1037 2520 1123 2610 μέλη

151 2621 188 2687 έν
222 2634 291 2696 τοῖς
325 2621 381 2704 τῆς
420 2615 636 2705 εὐαγγελικης
669 2623 886 2700 διδασκαλίας
922 2616 1124 2708 μαθήμασιν

151 2715 386 2807 περιεχόμενα,
412 2717 447 2786 τό
471 2716 552 2807 πρὸς
576 2708 652 2799 τοδς
678 2722 714 2788 ἐν
736 2724 782 2812 τῷ
806 2726 870 2813 βίω
888 2729 1125 2812 ταλαιπωρου-

151 2821 272 2907 μένους
291 2816 536 2910 φιλάνθρωπον
551 2823 762 2910 ἐπεδείκνυε,
781 2824 889 2910 λέγων
902 2817 990 2909 ’Ἐγὼ
1010 2823 1047 2893 δὲ
1066 2826 1125 2897 ἐπί

152 2924 253 2990 παντὶ
276 2918 435 3015 άδυνάτςο
462 2928 621 2991 ἔκλαυσα·
665 2925 822 3007 έστέναξα
848 2924 884 2994 δὲ
908 2922 993 2994 ίδοδν
1011 2920 1126 3019 ἄνδρα

158 3026 195 3092 έν
213 3017 404 3111 άνάγκαις.”

122 3152 137 3192 b
229 3130 278 3194 16.
299 3124 382 3195 Εἶτα
396 3121 497 3194 πάλιν
509 3131 568 3215 τῆς
584 3121 799 3215 εόαγγελικῆς
813 3132 1030 3210 διδασκαλίας
1044 3128 1127 3217 τούς

153 3222 316 3316 άσέμνους
330 3224 605 3317 ἀπαγορευούσης
619 3231 776 3319 γέλωτας,
791 3225 972 3319 προλαβών
984 3224 1002 3299 ό
1015 3231 1126 3319 μακά-

223 3395 254 3441 14
272 3394 335 3446 Job.
349 3396 392 3460 29,
407 3396 446 3445 12,
555 3396 587 3444 22
606 3393 682 3443 Rom.
697 3395 792 3457 12,15.
907 3397 940 3445 23
959 3395 1027 3446 Luc.
1040 3397 1065 3458 6,
1079 3400 1124 3454 21.

157 3462 179 3512 1.
194 3459 254 3510 Cor.
269 3463 308 3525 12,
322 3463 363 3510 26.
468 3462 501 3511 26
518 3461 583 3512 Job.
596 3463 638 3524 30,
652 3463 694 3512 25.
