2326 3818
284 135 482 188 υυμοαετ.
501 135 750 190 τνεαοεεαε.
767 139 806 188 13.
983 135 1044 199 603

396 337 476 410 Ἀπό
494 344 557 410 τοῦ
569 338 716 411 Ἡσαΐου.

40 501 44 525 ¹
150 488 226 550 XIII.
251 470 438 564 αἸσχύσατε
467 491 576 565 χεῖρες
606 471 793 564 ἀνειμένοι,
830 478 886 545 καλ
917 477 1066 565 γόναταε

73 579 347 668 παραλελυμένα,
370 578 622 667 παρακαλέσατε
640 583 675 646 οί
689 574 884 666 όλιγόψυχοι
908 583 949 667 τῇ
969 585 1042 648 δια-

72 687 166 772 νοίᾳ,
186 676 354 768 ἰσχύσατε,
373 674 418 767 μή
436 686 614 767 φοβεῖσθε,
633 677 709 749 ίδοῦ
726 676 744 748 ὃ
762 676 842 759 θεὸς
860 673 954 767 ήμῶν
972 688 1043 767 κρί-

46 804 128 852 εσιν
151 779 401 850 ἀνταποδίδωσι
423 782 479 851 καλ
504 776 752 869 ἀνταποδόσει,
776 775 874 860 αύτός
897 775 968 868 ἥξει
986 782 1042 848 καὶ

73 880 175 953 σύσει
198 881 292 971 ήμοῖς.
335 879 409 952 τότε
427 880 686 972 ἀναχθήσονται
710 880 880 971 ὀφθαλμοὶ
903 885 1042 969 τυφλοῦν

72 988 129 1054 καὶ
148 976 215 1054 ὦτα
229 987 354 1073 κωφοῦν
373 980 689 1071 ἀκούσονται,“τότε
706 981 835 1054 ἀλείται
854 979 897 1066 ως
922 990 1043 1071 ἔλαφος

71 1082 89 1156 ὁ
109 1085 230 1176 χωλὸς,
249 1088 304 1155 καὶ
322 1082 427 1173 τρανή
447 1093 539 1155 ἔσται
556 1088 691 1172 γλῶσσα
708 1081 931 1173 μογιλάλων.”

150 1192 180 1254 2.
200 1189 267 1256 Καὶ
284 1183 414 1255 τούτων
432 1192 515 1275 ἔχεις
534 1189 571 1255 έν
588 1203 657 1268 τοῖς
677 1185 884 1274 εὐαγγελίοις
902 1184 942 1256 τοὶ
959 1184 1044 1257 ἀπο-

35 1315 60 1354 ιο
72 1290 255 1375 τελέσματα
278 1293 375 1356 τοῦτο
398 1287 461 1374 μέν
482 1285 627 1374 ὁπηνίκα
644 1292 690 1380 τῷ
715 1291 839 1378 σωτήρι
863 1291 918 1357 καλ
936 1295 1043 1380 κυρίῳ

72 1388 168 1480 ήμιῦν
191 1388 400 1476 προσέφερον
430 1385 658 1477 παραλυτικὸν
689 1391 743 1458 ἐπὶ
772 1395 888 1476 κλίνης
919 1396 1045 1477 βεβλη-
1120 1386 1124 1391 ’

72 1494 193 1580 μένον,
212 1485 252 1559 ὃν
269 1491 326 1557 καὶ
342 1487 420 1576 ὑγιή
439 1486 526 1582 λόγῳ
544 1488 785 1578 κατεστήσατο,
811 1494 907 1559 τοῦτο
933 1489 971 1558 δὲ
988 1488 1043 1559 ὅτε

72 1600 186 1682 μυρίοι
209 1591 329 1678 τυφλοὶ
354 1594 408 1659 καλ
434 1593 687 1678 δαιμονιοίντες,
713 1596 760 1660 ἔτι
784 1588 851 1679 μήν
870 1589 1072 1680 διαφόροιςο

72 1693 183 1773 νόσοις
202 1695 256 1761 καὶ
275 1699 451 1780 μαλακίαις
475 1689 779 1780 καταπονούμενοι,
805 1689 887 1782 πρός
905 1695 962 1780 τής
981 1690 1044 1761 αύ-

34 1817 60 1859 15
72 1798 134 1865 τοῦ
157 1800 323 1884 σωτηρίου
348 1790 522 1881 δυνάμεως
539 1798 608 1863 τῶν
631 1795 753 1863 παθοῦν
775 1790 1042 1881 ἀπηλλάττοντο·

73 1894 160 1967 3.ού
180 1892 246 1984 μήν
269 1891 427 1965 ἀλλὰκαὶ
452 1891 498 1964 δι’
519 1885 567 1965 οῦν
586 1897 684 1965 είσέτι
703 1897 768 1965 νῦν
785 1890 865 1964 καθ’
885 1893 963 1982 ὅλης
986 1900 1044 1982 τής

72 2001 270 2084 οίκουμένης
294 2004 400 2086 μυρία
423 1994 537 2086 πλήθη
561 1994 781 2085 πολυτρόποις
805 2002 920 2077 κακίας
940 2002 1045 2066 εἴδεσι

73 2098 255 2184 δεδεμένα,
287 2095 454 2183 ἀγνωσίας
484 2125 520 2166 τε
550 2103 610 2167 τοῦ
634 2101 690 2173 ἐπὶ
715 2097 851 2169 πάντων
874 2102 959 2168 θεοῦ
986 2098 1044 2180 τὰς

71 2195 181 2285 ψυχὰς
211 2201 472 2285 πεπληρωμένα,
504 2205 705 2286 θαυμασίως
737 2201 792 2267 καὶ
823 2195 909 2287 ὑπὲρ
935 2198 1044 2268 πάντα

33 2323 58 2363 εο
73 2295 173 2386 λόγου
195 2313 264 2376 τοῖς
286 2301 344 2383 τῆς
370 2303 589 2379 διδασκαλίας
616 2294 722 2368 αῦτοῦ
743 2296 931 2386 φαρμάκοις
956 2306 1044 2368 ίάται

73 2402 129 2470 καλ
147 2395 345 2487 θεραπεύει·
373 2397 461 2485 πλήν
478 2396 529 2467 ὅτι
547 2400 603 2467 καλ
620 2395 700 2477 θεὸς
719 2402 756 2467 ἐν
772 2397 902 2478 τούτοις
920 2395 1044 2485 ἀνηγό-

73 2529 188 2590 ρευται
211 2497 293 2570 κατολ
316 2497 451 2588 καιρὸν,
484 2497 528 2580 ὡς
553 2493 596 2569 ἀν
626 2505 761 2569 τοιαῦτα
786 2502 950 2588 ἐνεργῶν,
978 2496 1043 2588 ήδη

73 2600 237 2691 πρότερον
254 2599 335 2690 ήμίν
355 2606 392 2673 έν
408 2617 479 2684 ταῖς
498 2603 575 2693 περλ
593 2607 651 2690 τῆς
664 2597 822 2691 θεότητος
840 2598 945 2671 αὐτοῦ
962 2630 1044 2690 μαρ-

72 2712 203 2837 τυρίαις
220 2700 462 2774 ἀποδέδεικται.
499 2709 529 2775 4.
549 2707 606 2774 καὶ
624 2704 749 2792 ἔπρεπέ
762 2729 802 2792 γε
818 2705 884 2772 νῦν
901 2707 996 2793 γοῦν,
1016 2709 1046 2773 εί

34 2829 60 2870 ω
73 2809 129 2875 καὶ
147 2803 284 2893 ἀλλοτε,
309 2805 393 2876 θεὸν
416 2801 520 2876 αύτόν
536 2805 792 2895 ὁμολογεῖσθαι,
815 2834 872 2875 οτε
889 2807 944 2876 καὶ
963 2813 1043 2896 ἔργα
1058 2834 1112 2884 μοι)

41 2912 133 2978 θεί
131 2937 170 2990 ας
118 2901 287 2977 ίκαλ’
263 2935 307 2987 ως
325 2905 461 2995 ἀληθοῦς
480 2909 601 2976 ἐνθέου
620 2903 795 2994 δυνάμεως
820 2907 1044 2977 ἐπεδείκνυτο

71 3016 157 3079 θεοῦ
184 3006 248 3099 γάρ
274 3005 381 3096 μόνου
407 2997 450 3095 ήν
476 3010 533 3076 καὶ
558 3002 641 3078 οῦδὲ
665 3004 813 3076 ἀλλου’
794 3006 1045 3097 ρωννύναιν
983 3008 1045 3094 μὲν

72 3113 309 3199 παρειμένους,
342 3117 520 3196 ζωογονεῖν
552 3108 590 3178 δὲ
619 3105 777 3199 νεκρούς,
810 3114 979 3197 σωτηρίαν
1009 3136 1044 3177 τε

71 3212 257 3282 ἀσθενοῦσι
275 3214 450 3300 παρέχειν,
468 3208 618 3298 ἀνοίγειν
630 3238 666 3280 τε
688 3206 886 3298 ὀφθαλμούς
904 3214 1044 3296 τυφλοῦν
