2326 3818
348 146 534 200 οοωοωευ.
546 147 679 201 mm.
693 147 770 201 v111.
782 151 807 199 3.
992 145 1056 210 549

87 285 220 379 ὀπώρας
240 293 485 379 διαφθαρείσης
503 289 637 376 γέγονε,
655 290 783 377 μάλλον
802 288 839 357 δὲ
858 294 906 368 εἰς
924 297 1055 358 λιθολο-

86 397 182 478 γίαν,
206 386 289 459 κατά
303 388 371 482 Ιτήν
389 386 568 479 Ἐβραλκὴν
592 385 796 477 ἀνάγνωσιν.
847 395 898 458 11.
930 387 947 458 ὁ
971 394 1056 477 γοῦν

82 489 223 572 Ἀκύλας
256 494 340 579 φησί
370 488 449 561 “διά
479 492 576 560 τοάτο
599 488 697 582 χάριν
720 487 818 579 δμώυ
843 487 939 561 Σιών
962 489 1054 583 χώρα

85 588 382 685 ἀροτριαθήσεται,
408 595 464 663 καί
478 586 693 682 Ἰερουσαλήμ
711 590 1083 681 λιθολογηθήσεται,”ι

59 691 151 766 εὖπὸ
182 693 245 784 γίιρ
276 692 479 784 ἀλλοφύλων
502 689 640 780 ἀνδρων
672 705 924 766 κατοικισθεῖσι
955 697 1056 765 εἰσέτι

86 798 142 865 καί
160 793 307 887 σήμερον
320 804 559 884 λιθολογείται,
578 793 716 866 πάντων
729 793 808 866 καθ’
830 790 916 887 ἡμᾶς
934 793 1055 878 αὐτους

85 903 154 968 τών
184 897 247 985 τήν
274 897 373 968 πόλιν
404 895 590 982 οἰκούντων
615 896 693 980 τοδς
725 896 790 968 ἀπὸ
815 902 873 986 τῆς
898 896 1055 980 πτώσεως

86 995 190 1088 αάτής
220 1006 339 1082 λίθους
370 996 626 1090 ἀναλεγομένων
659 1010 707 1082 εἰς
744 1027 781 1069 τε
817 999 858 1070 τδι
894 1007 964 1071 ἰδια
1000 1001 1056 1069 καί

86 1101 181 1172 κοινά
199 1103 256 1171 καί
275 1099 419 1192 δημόσια
437 1099 692 1190 οἰκοδομήματα.
731 1106 781 1171 12.
809 1105 866 1172 καί
884 1110 976 1173 ἔστιν
994 1100 1057 1192 ὀφ-

47 1235 72 1275 10
86 1211 229 1292 θαλμοῖς
246 1209 458 1295 παραλαβεῖν
475 1201 684 1293 σκυθρωπὸν
696 1204 826 1293 θέαμα,
845 1201 925 1284 τοδς
945 1208 977 1286 ἐξ
997 1200 1056 1273 αὖ·

85 1307 144 1373 τοῦ
175 1306 235 1373 τοῦ
251 1309 360 1394 ίεροῦ
389 1307 445 1374 καὶ
477 1303 591 1374 αὐτῶν
612 1309 681 1375 τών
708 1301 810 1375 πάλαι
840 1303 975 1375 ἀδύτων
1000 1308 1056 1374 καί

63 1402 192 1493 ἁγίων
210 1411 330 1487 λίθους
354 1413 400 1487 εἰς
418 1403 458 1476 τά
485 1411 553 1476 τών
578 1404 728 1477 εἰδώλων
752 1407 873 1495 τεμένη
899 1416 945 1487 εἰς
964 1433 999 1476 τε
1016 1408 1060 1475 τὰ

84 1509 153 1576 τών
166 1504 354 1595 πανδήμοιο
370 1505 552 1597 θεαμάτων
577 1505 877 1633 κατασκευάσματα
895 1506 1058 1597 ἀπειλημ-

85 1608 222 1732 μένους
242 1597 291 1679 ών
304 1605 410 1692 οὕτως
425 1612 588 1735 έναργώς
589 1625 659 1690 τοίς
678 1612 782 1680 πᾶσιν
781 1607 982 1731 δρωμένων
1002 1612 1057 1678 καί

46 1704 103 1781 155
122 1707 235 1790 καινὸς
259 1710 361 1800 νόμος
384 1713 439 1781 καί
458 1707 591 1800 λόγοςὸ
614 1716 673 1800 τῆς
696 1715 814 1801 καινής
831 1718 890 1781 τοῦ
909 1718 1057 1802 σωτῆρος

85 1804 182 1901 ήμών
204 1809 314 1901 Ἰησοῦ
342 1817 403 1884 τοῦ
427 1818 574 1904 Χριστοῦ
600 1811 764 1903 διαθήκης
790 1815 923 1884 ἐκεῖθέν
946 1826 1057 1884 ποθεν

85 1910 267 2002 προελθών
298 1920 397 2003 δήλος
421 1910 549 2004 ἀνείη.
599 1919 648 1985 13.
677 1913 729 2003 ἐφ’
757 1905 784 2008 ᾦ
808 1921 912 2005 μυρία
937 1913 1051 2004 πλήθη
1066 1943 1120 1994 μου

86 2018 195 2103 λαών,
227 2023 313 2104 έθνη
343 2044 380 2085 τε
410 2033 552 2087 παντοία
583 2019 651 2086 τών
681 2023 833 2107 πατρίων
864 2014 1055 2088 ἀποστάντα

85 2119 179 2185 θεών
208 2120 264 2185 καί
294 2119 354 2205 τής
378 2121 522 2198 παλαιάς
547 2123 795 2208 δεισιδαίμονος
820 2115 966 2208 πλάνης,
996 2118 1056 2190 τὸν

47 2248 73 2287 κο
88 2217 142 2284 έπί
160 2213 297 2286 πάντων
315 2215 399 2288 θεὸν
416 2216 640 2290 ἀνακαλεῖται.
680 2224 728 2290 14.
750 2218 801 2290 διδ
819 2222 875 2289 καί
893 2224 1053 2309 κατηξίω-

85 2345 138 2386 ται
162 2319 220 2404 τής
243 2317 436 2406 βαθυτάτης
461 2317 615 2410 εἰρήνης,
647 2315 691 2402 ώς
713 2325 1054 2412 μηκέτιπολυαρχίας

87 2417 173 2487 εἰναι
197 2419 282 2508 μηδὲ
301 2426 472 2507 βασιλείας
495 2422 578 2491 κατδι
602 2419 724 2504 τόπους
744 2421 852 2510 ’μηδὲ
873 2428 971 2502 ἔθνος
999 2421 1050 2490 ἐπ’

87 2526 187 2599 ἔθνος
206 2525 377 2610 ῥομφαίαν
395 2533 525 2612 αἴρειν,
544 2519 637 2613 μηδ’,
657 2519 701 2604 ώς
719 2520 755 2592 τδ
774 2523 872 2613 πρὶν,
898 2526 1053 2610 πολέμοις

85 2637 154 2704 τοῖς
178 2618 251 2692 κατ’
273 2619 430 2711 ἀλλήλων
452 2622 640 2715 σχολάζειν,
665 2621 900 2696 ἀναπαύεσθαι
926 2624 963 2693 δὲ
986 2627 1054 2693 τῶν

45 2755 72 2796 25
86 2728 246 2812 γεωργῶν
264 2728 405 2797 ἕκαστον
422 2722 578 2798 ὑποκάτω
597 2723 746 2816 ἀμπέλου
756 2729 812 2795 καί
824 2723 979 2795 ὑποκάτω
993 2748 1054 2795 συ-

84 2828 145 2913 κής
170 2823 293 2916 αὑτοῦ,
318 2828 461 2917 μηδενὸς
480 2831 703 2915 έκφοβοῦυτος
722 2823 866 2908 αὐτούς’
886 2824 969 2897 κατά
993 2827 1055 2914 τήν

84 2935 300 3017 προφητείαν.
344 2933 393 2997 15.
414 2919 462 2998 ών
484 2925 589 3008 οὕτως
608 2923 683 2997 οὐδ’
711 2924 831 2997 ἀλλοτέ
851 2954 903 2996 πω
924 2931 956 3010 ἐξ
975 2936 1082 2997 αἰῶ-ι)

82 3056 139 3110 νος
158 3027 320 3121 πρότερον
337 3025 358 3117 ή
377 3026 459 3099 κατά
476 3026 537 3115 τήν
556 3032 623 3098 τών
644 3023 815 3117 Ῥωμαίων
835 3028 1049 3119 ἐπικράτησιν

83 3124 149 3199 ἀπὸ
167 3135 236 3201 τών
253 3127 384 3219 χρόνων
406 3136 464 3218 τής
490 3134 685 3219 ἐπιφανείας
705 3135 766 3200 του
789 3136 936 3218 σωτῆρος
953 3127 1049 3215 ήμώυ

44 3262 70 3303 εο
84 3233 142 3300 καί
161 3238 207 3313 εἰς
225 3235 325 3323 δεῦρο
345 3233 621 3319 συντελουμένων
643 3227 892 3320 ἀναμφίλεκτον
906 3227 1048 3316 ἡγοῦμαι

84 3331 147 3419 τήν
165 3331 336 3416 ἀπόδειξιν
355 3334 527 3422 εἰληφέναι
552 3331 610 3401 τδν
634 3330 755 3421 χρόνον
778 3335 836 3418 τῆς
855 3332 1048 3417 θεσπιζομέ-

84 3461 144 3520 νης
163 3440 210 3516 εἰς
228 3430 430 3525 ἀνθρώπους
448 3439 507 3504 τοῦ
525 3439 645 3524 κυρίου
664 3437 857 3524 παρουσίας.
