2326 3818
117 135 181 199 620
410 91 412 95 ’
526 133 676 187 nusum
712 119 715 125 ’

119 279 311 365 δομοῦντες,
329 269 364 355 ῦς
382 275 437 343 καὶ
454 269 738 361 ἀποδοκιμασθελς
754 269 816 344 ἀπ’
836 272 949 344 αὐτων
967 281 1014 355 είς
1032 302 1089 344 κε-

119 376 232 468 φαλὴν
250 379 364 466 ἑτέρας
381 381 505 465 γωνίας
528 377 586 462 τῆς
611 380 644 458 ἐξ
669 379 781 446 έθνῦν
799 380 973 465 ἐκκλησίας
991 379 1086 447 κατέ-

120 501 192 569 στη,
210 475 254 570 ἣν
272 473 316 558 ῦς
334 476 379 566 μὴ
396 492 466 559 τοῖς
488 479 591 547 πᾶσιν
612 470 803 568 ὁρωμένην,
826 474 940 567 μόνοις
965 478 1002 546 δὲ
1019 493 1090 559 τοῖς

120 595 336 670 προφητικοίς
365 576 556 668 ὀφθαλμοῖς
585 578 786 669 θαυμαστὴν
816 579 906 649 είναί
933 600 1038 668 φησιν
1071 578 1090 650 ὁ

120 680 215 772 λόγος
246 678 387 771 φάσκων
408 675 490 750 “καλ
523 687 591 750 ἔστι
621 678 800 770 θαυμαστὴ
831 684 868 751 έν
898 676 1090 770 ὀφθαλμοῖς
1114 711 1128 752 ε

120 779 243 874 ἡμοῦν.”
285 789 313 853 7.
342 779 404 870 τὴν
427 782 464 852 δέ
483 778 680 870 ἐπιφάνειαν
706 778 812 852 αῦτοῦ
836 780 938 852 πάλιν
961 777 1091 875 ἡμέραν

119 881 272 976 ὀνομάζει
291 879 362 972 “ἣν
387 886 542 970 ἐποίησεν
565 881 582 953 ὁ
608 880 761 974 κῦριος,”
784 886 864 954 ’ἐπεὶ
883 887 939 954 καὶ
956 889 1029 973 φῦς
1047 875 1091 974 ἦν

68 1071 70 1075 .
92 985 220 1068 ιαῦτός
236 984 275 1056 τὸ
290 982 457 1072 ἀληθινὸν
480 988 536 1055 καὶ
552 981 643 1073 ἥλιος
667 983 881 1074 δικαιοσύνης
904 990 961 1055 καί
983 984 1090 1076 ἡμέρα

120 1093 180 1159 τοῦ
197 1090 295 1174 θεοῦ,
314 1089 350 1157 ἐν
363 1075 523 1177 ,ἤγένοιτο
542 1089 598 1157 καὶ
611 1082 696 1175 ἡμᾶς
711 1093 819 1158 εἰπεῖν
826 1085 844 1111 “
850 1084 934 1176 αῦτη
948 1085 969 1175 ἡ
982 1083 1091 1179 ἡμέρα

121 1185 164 1280 ἣν
188 1194 343 1276 ἐποίησεν
365 1186 383 1257 ὁ
408 1187 539 1280 κάρτος,
566 1184 847 1278 ἀγαλλιασοῦμεθα
864 1191 921 1259 καὶ
941 1186 1088 1281 εῦφραν-
1105 1218 1129 1257 ιο

122 1293 238 1380 θεῖμεν
256 1294 294 1362 ἐν
310 1287 422 1381 αῦτῇ.”

199 1394 265 1464 Καὶ
284 1389 412 1463 τούτων
437 1392 474 1461 δὲ
496 1397 615 1462 τοῦτον
637 1395 916 1481 σνυτετμημένων
937 1389 996 1463 τὸν
1017 1391 1091 1481 τρό-

123 1522 188 1565 πον
205 1492 318 1581 καιρὸς
336 1495 392 1563 καὶ
412 1496 465 1563 έπλ
477 1490 535 1574 τάς
549 1496 627 1584 περὶ
644 1497 704 1565 τοῦ
722 1491 854 1576 πάθους
874 1491 976 1564 αὐτοῦ
994 1523 1091 1583 μετα·
1146 1552 1149 1557 .

123 1599 223 1684 βῆναι
240 1603 453 1684 προφητείας.

172 1759 173 1762 ,
1104 1724 1130 1765 ιε

512 1846 710 1856 ——a—

64 2033 110 2135 λλῖλ
435 2080 590 2132 Βεελιον
608 2081 791 2134 AEKATON.

200 2215 222 2274 1.
262 2200 358 2272 Μετά
375 2201 433 2283 τὰς
450 2200 699 2293 ἀποδεδομένας
718 2200 917 2292 προρρήσεις
940 2204 1017 2294 περὶ
1034 2207 1092 2293 τῆς
1105 2233 1132 2273 νο

124 2309 172 2383 είς
194 2300 398 2392 ἀνθρώπους
422 2302 568 2394 ἀφίξεως
589 2308 651 2374 τοῦ
676 2306 988 2394 προκηρνττομένου
1007 2314 1093 2376 θεοῦ

124 2415 220 2475 καλεῖ
244 2404 286 2494 δὴ
309 2405 423 2495 καιρὸς
446 2409 502 2476 καὶ
527 2406 567 2476 τά
585 2409 661 2496 περὶ
679 2405 741 2493 τὴν
758 2402 955 2495 ἀπαλλαγὴν
981 2415 1040 2478 τοῦ
1060 2411 1093 2490 ἐξ

67 2568 71 2575 .
123 2504 318 2597 ἀνθρώπων
336 2506 441 2578 αὐτοῦ
457 2515 535 2595 βίον
553 2511 751 2594 διεξελθεῖν,
771 2514 925 2579 συνιδεῖν
942 2536 978 2578 τε
993 2498 1094 2589 αῦθις

123 2604 178 2678 οἶα
196 2606 431 2697 συμβήσεσθαι
448 2612 525 2697 περὶ
542 2605 645 2678 αῦτόν
662 2605 800 2680 ἀνωθεν
822 2608 858 2678 ἐκ
875 2616 944 2680 των
961 2636 1095 2699 προφη-

58 2740 112 2790 ιιεν)
124 2711 226 2779 τινων
245 2713 435 2793 ἐθεσπίξετο
453 2707 593 2798 χρόνων.
633 2714 663 2778 2.
692 2712 807 2797 πρῶτα
826 2712 863 2780 δὲ
882 2709 1134 2807 &achamom

124 2808 164 2878 τά
181 2811 258 2898 περὶ
276 2817 343 2879 τῶν
365 2806 424 2880 τάν
440 2808 591 2881 θάνατον
615 2806 705 2903 αὐτῷ
728 2798 1093 2903 συσκενωρησαμένων,

125 2912 224 2998 μέρος
240 2907 281 2980 οῦ
299 2909 418 3000 μικρὸν
435 2911 644 3002 τυγχάνοντα
661 2915 719 3001 της
736 2917 955 3004 προκειμένης
974 2913 1095 3006 προτά·

126 3034 218 3093 σεως.
259 3012 323 3099 πρὸ
342 3016 382 3083 δέ
397 3043 435 3102 γε
452 3018 514 3085 τοῦ
531 3013 633 3101 λόγου
656 3013 696 3084 τά
719 3013 879 3098 πολλάκις
902 3011 985 3106 ἡμῖν
1004 3023 1096 3106 είρη-

124 3117 210 3203 μένα
233 3117 391 3205 περὶτῆς
414 3113 485 3185 κατ’
516 3111 620 3185 αῦτὸν
643 3123 833 3204 οἰκονομίας
858 3121 1019 3206 τηρητέον
1044 3114 1096 3187 ὅτι

127 3213 168 3302 δὴ
185 3214 225 3285 τά
242 3218 304 3306 μέν
321 3214 404 3287 κατά
421 3215 483 3304 την
499 3215 644 3306 θεότητα
662 3216 782 3305 αὐτοῦ,
809 3216 848 3287 τά
876 3219 915 3289 δέ
932 3217 1015 3288 κατά
1032 3218 1096 3307 τὴν
1109 3248 1137 3290 ω

126 3315 385 3406 ένανθροῦπησιν
404 3321 591 3390 ἐπινοεῖται.
631 3323 660 3387 3.
689 3323 734 3406 πῆ
758 3320 821 3407 μέν
845 3319 908 3409 γάρ
929 3318 1096 3407 είσάνεται
1131 3366 1134 3370 ι

111 3416 218 3501 λοᾷνς
239 3411 292 3487 νῦν
312 3425 399 3490 θεοῦ
422 3422 479 3490 καὶ
500 3425 585 3491 θεοῦ
613 3418 754 3509 δύναμις
777 3420 948 3491 κολοιοῦ
979 3429 1096 3511 σοφία,
