2326 3818
129 121 193 185 354
548 117 696 168 Ευευειι

130 265 187 348 τῆς
206 258 403 347 σάλπιγγος,
427 263 557 339 οἰκείως
580 264 801 346 παρείληπται
824 254 861 327 τδ
885 255 1109 351 παράδειγμα

132 370 179 443 είς
196 358 405 451 παράστασιν
429 363 488 429 τοῦ
505 357 642 430 πάντων
658 363 726 429 τῶν
744 363 778 442 ἐξ
802 361 923 441 αίῶνος
941 388 1108 447 κραταιο-

106 468 230 552 ιτέραν
254 464 309 532 καλ
334 463 655 551 μεγαλοφωνοτὲραν
679 459 741 549 την
764 463 841 551 περὶ
866 467 927 531 τοῦ
950 467 1107 551 Χριστοῦ

131 570 234 635 πᾶσιν
256 561 450 652 άνθρῶποις
472 565 696 652 κατηγγέλθαι
723 566 960 650 διδασκαλίαν,
988 561 1037 634 δι’
1065 555 1104 655 ἧς

131 663 241 756 ῶσπερ
269 664 323 736 διδι
350 663 530 753 σάλπιγγος
560 671 607 746 είς
639 660 838 746 ἐξάκουστον
867 661 1007 734 πάντων
1032 670 1129 738 τῶνε

129 766 323 860 ἀνθρώπων
346 771 409 857 βοᾷ
432 767 488 835 καὶ
515 767 655 856 κέκραγε
677 764 714 835 τὸ
738 770 870 854 πνεῦμα
888 763 925 835 τδ
943 762 1045 854 άγιον
1063 766 1105 838 τά

131 873 204 959 ἑξῆς
227 872 287 938 τοῦ
314 870 472 956 Ψαλμοῦ,
499 864 542 934 δι’
571 858 619 936 ῶν
642 876 770 955 είρηται
789 861 939 950 “ψάλατε
962 870 1011 960 τῷ
1027 874 1104 962 θεῷ

131 967 241 1059 ἡμῶν,
266 966 393 1051 ψάλατε
417 965 543 1050 ψάλατε
564 971 610 1061 τῷ
635 975 768 1055 βασιλεῖ
793 965 905 1056 ἡμῶν,
931 966 1101 1051 ψάλατε.”

130 1071 180 1140 ὅτι
193 1067 350 1158 βασιλεὺς
363 1066 474 1139 οὐκέτι
487 1067 592 1157 μόνου
605 1073 665 1140 τοῦ
679 1067 851 1140 Ἰουδαίων
865 1076 1001 1158 ἔθνους,
1015 1065 1104 1141 ιἰλλά

129 1170 238 1260 πάσης
249 1172 331 1261 φησὶ
348 1176 406 1258 τῆς
424 1175 484 1258 γῆς
501 1166 519 1240 ὁ
538 1169 628 1258 θεὸς,
647 1168 773 1255 ψάλατε
791 1177 947 1251 συνετῶς.
973 1176 1003 1241 8.
1017 1168 1101 1242 οῦκ·
1114 1204 1140 1245 ιο

130 1277 176 1343 ε’τι
200 1270 264 1362 γάρ
287 1279 321 1342 οί
343 1275 425 1362 πρὶν
449 1279 622 1361 δαίμονες,
647 1275 747 1361 φησὶ,
778 1268 859 1341 οῦδὲ
881 1269 922 1340 τά
945 1280 1103 1363 περίγεια

129 1377 184 1445 καλ
202 1371 354 1462 ἀπατηλὰ
373 1373 562 1463 πνεύματα,
580 1369 654 1443 ἀλλ’
676 1370 774 1455 αὐτὸς
792 1373 809 1443 ὁ
828 1370 907 1454 θεδς
921 1377 1104 1461 ἐβασίλευ-

129 1500 190 1549 σεν
205 1479 259 1548 ἐπὶ
279 1475 386 1546 πάντα
404 1474 444 1545 τδι
462 1484 559 1564 ἔθνη,
576 1473 594 1545 ὁ
612 1473 692 1556 θεὸς
706 1472 817 1563 αὐτὸς,
838 1470 874 1556 δς
883 1473 1030 1563 κάθηται
1045 1479 1102 1546 ἐπὶ

102 1577 258 1671 οθρόνου
276 1576 373 1667 ἁγίου
394 1576 506 1647 αὑτοῦ.
543 1574 607 1665 ἤδη
628 1577 665 1646 δὲ
683 1575 846 1666 πρότερον
863 1581 922 1648 τοῦ
936 1580 1025 1646 θεοῦ
1042 1576 1101 1648 λό-

128 1711 190 1768 γου
207 1677 435 1767 τδυθρόνον,
461 1675 516 1766 ἐφ’
541 1673 580 1748 δυ
604 1680 806 1761 καθέζεσθαι
829 1676 847 1747 ὁ
871 1674 979 1769 πατὴρ
1006 1678 1100 1772 αὐτῷ
1114 1710 1139 1751 ιι

129 1779 394 1872 παρεκελεύσατο
413 1775 662 1850 είπῶν“κάθου
682 1782 718 1848 ἐκ
737 1782 856 1862 δεξιῶν
872 1808 955 1868 μου,
975 1785 1039 1862 ἕως
1057 1777 1101 1851 διν

128 1890 181 1953 θῶ
203 1880 282 1965 τοῦς
307 1880 448 1972 ἐχθρούς
472 1903 534 1951 σου
557 1878 743 1951 ὑποπόδιον
766 1885 833 1951 τῶν
857 1887 974 1951 ποδῶν
998 1880 1097 1971 σου,”

62 2016 113 2067 [ειη
129 1985 184 2054 διδι
202 1988 261 2054 τοῦ
278 1982 342 2072 πρὸ
360 1981 479 2053 τοῦτον
496 1979 750 2072 συγγράμματος
768 1980 1032 2071 παρεστήσαμευ.
1067 1988 1097 2053 9.

128 2083 163 2154 τὸ
191 2085 228 2153 δὲ
248 2080 426 2173 “άρχοντες
452 2081 790 2175 λαῶνσυνήχθησαν
816 2080 897 2172 μετά
923 2087 984 2153 τοῦ
1009 2086 1100 2155 θεοῦ

125 2182 293 2275 Ἀβραάμ”
316 2191 362 2254 ἔτι
376 2187 582 2274 σαφέστερον
594 2190 692 2272 δηλοῖ
699 2197 958 2273 μετατεθεῖσθαι
978 2193 1025 2266 είς
1038 2184 1098 2255 τὸν
1112 2216 1138 2256 ιο

128 2294 254 2377 κλήρου
270 2291 338 2357 τῶν
350 2285 453 2358 πάλαι
465 2290 638 2374 θεοφιλῶν
651 2293 710 2356 τοῦ
723 2290 808 2357 θεοῦ
822 2291 1004 2378 προφητῶν
1017 2286 1097 2366 τούς

129 2394 161 2473 ἐξ
188 2391 301 2460 ἐθνῶν
324 2387 485 2480 άρχοντας
508 2394 565 2476 τῆς
589 2392 735 2477 Χριστοῦ
763 2391 953 2477 ἐκκλησίας,
984 2397 1017 2458 οἳ
1039 2391 1096 2458 καὶ

126 2496 167 2581 τη
186 2490 327 2582 δυνάμει
351 2496 411 2562 τοῦ
433 2496 580 2581 σωτῆρος
602 2488 699 2578 ἡμῶν
721 2494 987 2578 κραταιωθέντες
1010 2487 1096 2577 σφό-

127 2600 191 2682 δρα
211 2593 426 2682 ἐπήρθησαν,
445 2590 584 2672 οὐδενὸς
602 2589 796 2680 ιἰνθρῶπων
813 2599 1015 2678 καταβαλεῖν
1032 2588 1095 2659 αῦ-

125 2693 201 2776 τοῦς
225 2698 281 2763 καὶ
303 2698 505 2763 ταπεινῶσαι
529 2695 759 2780 δεδυνημένου
788 2692 844 2761 διά
861 2691 924 2780 την
942 2690 1092 2772 άννψοῦ-
1105 2719 1133 2759 25

126 2816 190 2863 σαν
214 2793 334 2876 αὐτοὺς
359 2797 414 2863 καὶ
439 2797 657 2882 δυναμοῦσαν
681 2800 739 2864 τοῦ
763 2799 852 2864 θεοῦ»
874 2791 993 2877 δεξιάν.
1034 2792 1092 2861 καὶ

60 2929 114 2978 ρει)
125 2898 228 2965 ταῦτα
248 2896 285 2965 δὲ
304 2898 357 2965 ἐπὶ
375 2902 494 2985 σχολῆς
514 2899 665 2976 ἐντελοῦς
682 2894 829 2978 τεύξεται
849 2893 1042 2984 διηγήσεως.

441 3162 518 3236 Ἀπδ
541 3170 683 3256 Ψαλμοῦ
699 3163 773 3254 μθ’.

201 3316 249 3375 111.
275 3297 380 3382 “Θεδς
399 3305 492 3372 θεῶν
504 3300 618 3391 κύριος
638 3300 787 3390 ἐλάλησε,
806 3303 862 3370 καὶ
877 3297 1014 3370 ἐκάλεσε
1032 3297 1094 3388 την

127 3405 191 3488 γῆν
208 3400 272 3471 άπδ
291 3401 463 3475 ἀνατολῶν
476 3402 639 3494 ἡλίουκαὶ
656 3407 752 3492 μέχρι
772 3406 923 3491 δυσμῶν·
944 3405 979 3473 ἐκ
996 3393 1094 3473 Σιῶυ
1107 3430 1133 3471 ιο
