2326 3818
140 112 202 177 638
544 110 696 162 Ευεοοιι

110 259 196 343 οτης
213 254 410 340 οἰκουμένης
431 247 626 340 ἀνθρώπων
650 251 804 338 ἐκλογῆς,
828 239 877 319 ὧν
902 254 940 319 αί
955 250 1116 339 ἐκβάσεις

63 380 66 383 ·
137 353 326 444 ὀφθαλμοῖς
344 350 576 441 θεωρούμεναι
593 349 729 422 πάντων
746 346 789 419 ἆυ
802 355 954 438 γένοιντο
969 357 1043 424 τῶν
1057 353 1117 428 διὰ

138 460 197 527 τοῦ
220 458 362 543 Ψαλμοῦ
380 456 570 544 λεγομένων
587 460 837 575 παραστατικαί.
877 458 948 522 109.
969 457 1117 547 πένητες

141 556 178 625 δὲ
195 554 297 626 πάλιν
321 555 432 645 ἡμεῖς,
457 551 515 636 οῦς
541 551 624 624 κατα
641 553 726 625 θεὸν
750 551 980 643 πτωχεύοντας
1000 559 1118 648 ἐκτρέ.

140 687 215 746 φων
238 655 256 727 ὁ
280 656 441 745 σωτήριος
465 654 561 744 λόγος
585 658 632 749 τῷ
656 658 763 749 νοητῷ
791 658 847 725 καὶ
872 654 1044 749 λογικῷ”
1020 687 1144 756 αρτφ)

138 776 209 841 ταῖς
228 768 397 843 ζωοποιοῑς
414 786 482 827 των
500 761 618 846 ψυχῶν
635 774 773 845 τροφαῖς
791 785 853 845 την
870 755 1049 828 αίοίνιον*
1031 777 1121 852 ημῖν

139 863 274 950 παρέχει
293 857 387 947 ζωήν.
426 856 478 928 διο
496 880 600 946 φησιν
617 855 635 927 δ
654 855 820 989 Ψριλμδς“
825 887 991 946 φαγονται
1008 865 1121 954 πένη-

139 991 192 1042 τες
216 962 271 1031 καὶ
303 957 614 1049 ἐμπλησθησονται,
645 962 701 1028 καὶ
731 961 902 1030 αίνέσουσι
933 959 1056 1048 κῦριον
1082 972 1122 1038 ot
1152 998 1154 1003 ·

140 1064 350 1149 ἐκζητοῦντες
374 1057 496 1147 αῦτόν,
521 1058 673 1155 Ιξήσονται
697 1066 735 1130 αί
761 1067 895 1150 καρδίαι
922 1059 1038 1132 αὐτων
1065 1074 1119 1149 είς

139 1167 245 1233 αίοῦνα
276 1157 429 1246 αίῶνος.”
482 1167 551 1231 110.
576 1156 673 1231 καὶὸ
705 1165 856 1250 ἐπίλογος
888 1163 925 1231 δέ
948 1167 1006 1252 τῆς
1030 1163 1154 1258 ὅληςιη

114 1270 341 1353 επροφητείας
371 1261 456 1353 μετὰ
486 1261 595 1334 πάντα
625 1264 792 1351 ἐπιφέρων
823 1259 1117 1353 “ἆναγγελησεται

138 1369 185 1457 τῷ
209 1373 315 1458 κυρίῳ
340 1363 439 1454 γενεῦ
462 1359 483 1453 ἡ
508 1366 686 1455 ἐρχομένη,
716 1365 771 1433 καί
801 1362 1024 1454 ἄναγγελοῦσι
1048 1370 1116 1458 τὴν

140 1465 359 1555 δικαιοσύνην
376 1464 481 1537 αῦτοῦ
491 1470 560 1559 λαῷ
574 1470 620 1559 τῷ
633 1469 879 1560 τεχθησομένῳ,
897 1463 937 1538 ῦυ
952 1471 1115 1558 ἐποίησεν

138 1565 156 1636 ὁ
181 1565 294 1657 κύριος
318 1565 476 1657 ἄντικρυς
498 1566 558 1638 τὸν
582 1571 615 1650 ἐξ
639 1570 750 1639 ἐθνῶν
773 1576 989 1656 προθεσπίζει
1013 1570 1112 1662 λαδν,

90 1686 92 1690 “
139 1670 194 1738 καὶ
212 1667 274 1757 την
292 1667 348 1739 διὰ
365 1677 424 1741 τοῦ
437 1673 583 1759 σωτῆρος
597 1664 692 1758 ἡμῶν
706 1667 813 1757 Ἰησοῦ
827 1676 974 1759 Χριστοῦ
987 1677 1111 1743 συστοῖ·
1124 1707 1151 1748 ιο

139 1794 204 1838 σαν
223 1773 278 1840 ἐπί
295 1776 353 1861 τῆς
371 1779 431 1861 γης
449 1771 578 1861 γενεάν.
623 1777 691 1841 111.
710 1779 759 1854 τίς
777 1770 842 1861 γῦρ
860 1767 903 1843 ἂν
922 1786 972 1862 είη
990 1768 1008 1844 ὁ
1025 1775 1109 1862 μετα

138 1873 242 1942 ταῦτα
265 1871 491 1998 τεχθησεσθαι
515 1871 691 1962 λεγόμενος
714 1901 760 1965 τφ
784 1880 859 1966 θεφ
880 1875 974 1963 λαός,
1005 1873 1104 1946 πάλαι

138 1972 183 2060 μὴ
202 2001 268 2061 ων,
286 1972 367 2062 μηδ’
388 1971 541 2061 ῦφεστως
559 1978 596 2040 ἐν
613 1969 818 2057 ἀνθρώποις,
836 1972 978 2061 ὕστερον
996 1977 1033 2047 δε
1051 2001 1108 2065 γε·

138 2070 262 2159 γονοίς;
280 2083 330 2152 τίς
343 2100 378 2140 τε
392 2101 413 2157 η
427 2072 472 2159 μὴ
486 2063 569 2141 οῦσα
582 2066 667 2156 τότε,
682 2072 856 2193 λεγομένη
858 2073 895 2140 δε
910 2073 1110 2145 ἐλεύσεσθαι

138 2171 256 2259 γενεὰ,
276 2179 306 2241 εί
322 2200 367 2261 μη
386 2169 469 2260 αῦτη
488 2201 508 2260 η
496 2167 582 2241 διὰ
600 2173 661 2240 τοῦ
679 2192 825 2299 σωτηρος
839 2169 934 2258 ημων
952 2177 989 2238 ἐν
1006 2179 1135 2239 παντὶ
1123 2210 1151 2249 20

110 2277 184 2365 οτῷ
203 2271 316 2368 κόσμω
340 2294 488 2345 συστασα
513 2277 689 2358 ἐκκλησία,
715 2272 771 2339 καὶ
795 2269 813 2338 ὃ
837 2272 912 2351 νέος
936 2272 968 2350 ἐξ
993 2272 1107 2339 ἐθνῶν

139 2372 235 2462 λαὸς,
267 2374 321 2463 ἐφ’
357 2403 382 2444 ω
413 2378 469 2444 καὶ
500 2372 555 2443 διὰ
575 2367 712 2441 Ησαίου
735 2368 771 2440 τὸ
795 2376 925 2460 πνεῦμα
949 2369 985 2439 τὸ
1009 2399 1107 2457 αγιου

138 2479 375 2563 θαυμαστικῶς
399 2471 632 2562 ἀπεφθέγξατο
658 2493 770 2559 φησαν
795 2467 866 2554 “τίς
891 2470 1048 2562 ηκουσε
1037 2500 1103 2542 τοι-

139 2581 242 2662 αῦτα,
260 2577 316 2645 καὶ
334 2583 383 2656 τίς
402 2574 550 2664 έοίρακευ
567 2570 688 2656 οῦτως;
713 2581 745 2643 εί
761 2570 861 2644 ωδινε
885 2605 926 2663 γη
916 2569 1017 2644 Μέν
999 2579 1106 2666 ημέρᾳ

138 2706 215 2767 μια,
234 2678 289 2746 καὶ
309 2682 340 2745 εί
357 2679 476 2765 ἐτέχθη
495 2684 594 2755 ἐθνος
613 2672 783 2758 είσοίπαξ.ἰ

216 2781 286 2845 112.
316 2779 428 2846 Ταῦτα
451 2766 576 2866 μέν
537 2804 599 2846 ουν
621 2773 716 2865 ημεϊς
742 2773 842 2866 ἐφ’
823 2806 916 2867 ετερα
941 2776 1107 2847 συνελαυ

137 2903 254 2956 νοντος
277 2883 338 2946 τοῦ
361 2882 480 3002 καιροῦ
503 2877 742 2968 διαδραμόντες
767 2882 963 3000 ἀκροθιγως
976 2876 1106 2965 διεξήλ-

137 2989 260 3066 θομεν
278 2976 343 3072 ὅτῳ
362 2977 434 3050 δ”“
415 3011 457 3050 αν
473 2982 567 3069 μέλοι
584 3009 642 3069 της
655 2985 715 3052 τοῦ
728 2986 876 3071 σωτηρος
889 2976 984 3103 ημρίυ
998 3006 1106 3066 παρα-

138 3077 338 3168 κελεῦσεως,
362 3081 548 3170 φήσαντος,
575 3086 729 3170 ἐρευνᾶτε
754 3084 811 3165 τὰς
836 3081 966 3213 γραφὰς
992 3085 1029 3150 ἐν
1053 3077 1105 3159 αἶς

139 3189 268 3252 δοκεῖτε
286 3182 373 3272 ζωην
390 3182 528 3255 αίοίνιον
547 3190 650 3273 ἔχειν,
670 3176 787 3253 καί
744 3192 846 3255 αυταί
862 3191 947 3253 είσιν
970 3188 1008 3250 αί
1022 3210 1104 3270 μαρ-
1120 3213 1144 3252 ω

206 3352 237 3398 21
257 3349 303 3402 Es.
317 3350 358 3411 66,
372 3351 397 3398 8.
444 3351 476 3398 28
496 3340 683 3414 φήσαντος-
699 3339 853 3414 ἀληθείας]
869 3350 947 3397 Haec
961 3364 995 3396 ex
1008 3346 1103 3395 codice

138 3414 263 3465 Fabricii
276 3423 463 3467 accesserunt.
500 3418 539 3466 Ιο.
554 3421 579 3481 5,
593 3419 634 3468 39.
