2326 3818
329 164 505 216 οεωοιιετ
532 164 666 218 ωνιαο.
686 165 761 215 v111.
780 166 803 215 1.
992 164 1052 228 501

83 300 269 392 θαυμάζειν
282 300 375 386 άξιον
387 299 478 384 ὅπως
492 301 624 372 δώδεκα
637 299 749 374 ούσῶν
758 303 912 392 τάνπαρ’
925 300 1053 397 Ἐβραί-
1068 336 1081 376 ο

84 433 133 485 οις
151 407 271 491 φυλῶν
296 407 327 487 ἔξ
346 400 504 493 οὐδεμιᾶς
522 400 624 493 άλλης
638 398 659 492 ἢ
673 401 737 475 άπό
757 404 860 494 μόνης
878 409 935 493 τῆς
945 404 1054 477 Ἰούδα

83 503 104 594 ἡ
122 508 181 575 τοῦ
200 512 323 587 ἔθνους
342 507 443 577 εἰσέτι
460 512 526 577 νῦν
536 501 758 596 ἀνηγόρευται
774 514 996 598 προσηγορία·
1015 504 1055 578 ού

84 603 131 676 δι’
158 609 272 697 ἕτερον
295 602 316 695 ἢ
341 605 397 676 διά
421 604 539 695 τὸτῆς
565 613 768 697 προφητείας
792 606 906 697 λόγιον
929 611 971 697 τῇ
994 616 1053 679 τοῦ

57 704 190 778 τἸούδα
207 714 300 797 φυλῇ
323 707 359 778 τὸ
385 705 523 799 άρχικόν
540 706 710 799 περιάψαι
727 707 862 799 ἀξίωμα.
899 707 1054 798 36.,άλλά

83 811 139 880 καὶ
156 807 219 898 τὴν
236 807 377 901 πάτριον
394 809 507 880 αὐτῶν
524 807 638 901 χάραν
652 808 820 882 Ἰουδαίαν
839 807 893 881 διά
911 809 973 899 τὴν
991 807 1054 880 αύ-

83 910 145 1000 τὴν
168 909 412 983 ἀποκαλεῖσθαι
435 919 614 1002 συμβαίνει
631 918 752 984 αἰτίαν.
796 916 865 983 ἐπεὶ
887 911 942 982 διά
960 918 995 981 τί
1009 912 1054 1002 μὴ

84 1010 150 1084 άπδ
166 1016 227 1086 τοῦ
243 1012 377 1102 πράτου
395 1017 462 1084 των
480 1011 628 1101 δυόδεκα,
646 1013 732 1103 λέγω
751 1014 789 1083 δέ
806 1012 871 1084 ἀπό
889 1018 950 1084 τοῦ
962 1013 1056 1085 Ῥου-

85 1117 162 1205 βλμ,
193 1113 229 1185 τό
257 1123 356 1198 ἔθνος
382 1113 493 1184 αὐτων
518 1112 732 1205 ἐχρημάτισε,
763 1124 871 1186 καίτοι
896 1115 986 1207 παρά
1009 1119 1056 1210 τῷ
1068 1154 1079 1184 ι

47 1241 72 1280 10
85 1223 171 1309 θείω
189 1213 281 1309 νόμφ
298 1219 367 1286 τῶν
391 1214 613 1306 πρωτοτόκων
629 1218 871 1305 τετιμημένων;
894 1217 950 1287 διδι
966 1223 1003 1286 τί
1019 1218 1056 1287 δὲ

83 1315 128 1406 μὴ
145 1313 211 1386 άπδ
228 1320 287 1404 τῆς
303 1321 364 1386 τοῦ
378 1318 474 1406 Λευὶ,
492 1311 576 1407 όμοῦ
594 1319 650 1387 καὶ
668 1323 714 1411 τῷ
731 1315 840 1409 χρόνῳ
859 1321 914 1389 καὶ
933 1321 980 1411 τῷ
996 1322 1055 1407 τῇς

87 1414 271 1508 ἱερωσύνης
289 1417 444 1508 τιμήματι
462 1417 520 1489 τόν
535 1414 666 1489 Ἰούδαν
683 1415 941 1508 παρεξάγοντοςς
966 1424 1001 1487 τί
1018 1420 1055 1488 δὲ

84 1515 158 1608 ούχλ
182 1523 309 1608 μᾶλλον
332 1517 397 1590 άπὸ
421 1523 482 1591 τού
500 1516 620 1608 Ἰωσὴφ
644 1526 843 1610 χρηματίσαι
867 1523 994 1608 συνέβη
1018 1516 1055 1589 τό

84 1625 152 1690 πᾶν
171 1625 269 1703 ἔθνος
293 1623 349 1691 καὶ
372 1619 435 1710 τὴν
458 1618 588 1712 χιόραν,
613 1620 668 1691 διά
691 1621 728 1692 τὸ
746 1625 801 1691 καλ
828 1620 930 1692 πάλαι
947 1619 1055 1709 πάσης

47 1745 71 1786 15
84 1717 125 1792 ού
142 1719 247 1811 μόνον
261 1720 452 1811 Αἰγύπτου,
471 1719 555 1793 άλλά
572 1724 629 1792 καλ
646 1726 714 1794 των
731 1729 865 1793 οίκείων
882 1721 918 1793 τό
936 1720 1056 1812 κράτος

84 1820 282 1909 ἀνάψασθαι
299 1828 436 1913 τοῦτον,
454 1823 531 1906 τούς
548 1853 584 1896 τε
604 1827 636 1908 ἐξ
655 1820 758 1895 αὐτοῦ
777 1827 977 1914 γενομένους
995 1853 1056 1913 μα·

85 1942 177 2017 κροϊς
194 1924 337 2018 ὕστερον
355 1923 558 2017 χρόνοιςέτιὶ
576 1935 735 1998 πλεῖστον
752 1922 834 1997 όσον
851 1924 939 1996 όλων
958 1927 1056 1996 ἐννέα

58 2049 60 2054 ·
85 2031 204 2115 φυλων
226 2035 286 2099 τοῦ
309 2035 432 2110 ἔθνους
456 2023 665 2118 ἡγήσασθαι,
695 2024 741 2098 δι’
766 2022 825 2112 οὓς
850 2032 1056 2118 καὶμᾶλλον

88 2126 177 2210 είκός
194 2118 238 2215 ἦν
251 2127 313 2217 τὴν
324 2132 386 2200 τοῦ
396 2127 606 2221 προπάτορος
620 2134 815 2219 ἐπωνυμίαν
826 2127 862 2200 τό
874 2136 942 2200 πᾶν
956 2136 1056 2210 ἔθνος

48 2253 73 2293 ιο
87 2229 143 2298 καὶ
160 2227 224 2317 τὴν
247 2227 361 2320 χάραν
384 2228 652 2320 ἐπιγράψασθαι;
676 2237 726 2311 τίς
745 2228 778 2299 δ’
799 2228 862 2299 οὐκ
879 2227 922 2300 άν
939 2229 1055 2319 ὁμολο-

84 2327 185 2423 γήσαι
202 2326 292 2420 παρά
308 2328 448 2411 τούτους
465 2327 614 2413 ἅπαντας
632 2329 776 2418 εὐλόγως
794 2326 837 2400 άν
855 2334 892 2400 ἐτι
904 2338 964 2401 τοῦ
971 2342 1084 2401 Rev-d

85 2434 179 2521 ιαμλν
203 2429 265 2520 τὴν
289 2435 484 2522 ἐπωνυμίαν
506 2428 628 2513 αύτούς
651 2438 786 2520 λαβεῖν,
812 2429 991 2522 ἐπειδήπερ
1015 2434 1057 2521 τῇ

85 2530 204 2604 τούτου
227 2528 362 2624 φυληὴ
392 2531 588 2623 περιβόητος
616 2529 728 2604 αὐτων
756 2529 912 2621 βασιλικὴ
933 2531 1057 2621 μητρό-

86 2631 216 2717 πολιςό
239 2663 275 2706 τε
299 2637 353 2706 ἐπὶ
374 2634 498 2724 ταύτης
516 2631 697 2725 άγιάτατος
713 2641 772 2705 τοῦ
796 2639 880 2705 θεοῦ
898 2631 982 2715 νεός
1001 2661 1057 2704 κε-

47 2759 73 2800 25
86 2735 252 2833 κλήρωτο;
271 2734 347 2807 ἄλλ’
368 2734 456 2827 όμως
474 2727 550 2808 οὐδ’
571 2741 607 2808 ἐκ
624 2734 772 2826 τούτων,
795 2731 872 2807 οὐδ’
893 2739 925 2819 ἐξ
944 2737 1057 2826 ἑτέρας

85 2833 226 2926 ἢμάνης
250 2842 287 2907 ἐκ
310 2841 368 2927 τῆς
387 2836 497 2909 Ἰούδα
521 2842 649 2928 φυλῆς,
673 2836 770 2927 ἡτὴς
793 2835 901 2927 χώρας
925 2840 1059 2908 καὶτοῦ

86 2937 208 3020 παντὸς
240 2944 363 3021 ἔθνους
392 2942 599 3030 προσηγορία
624 2940 783 3030 διέπρεψε
805 2944 845 3029 τῇ
869 2947 1057 3030 προφητεία

86 3037 291 3122 ἀκολούθως.
328 3045 379 3110 37.
398 3038 486 3112 οὕτω
503 3042 545 3130 γέ
558 3069 609 3112 τοι
627 3037 663 3111 τδ
676 3035 763 3111 “ούκ
782 3043 927 3124 ἐκλείψει
945 3038 1057 3130 άρχων

88 3144 121 3226 ἐξ
134 3137 265 3214 Ἰούδα”
286 3143 340 3213 ἔπλ
357 3141 419 3232 τὴν
436 3141 550 3232 φυλὴν
567 3137 649 3232 ἡμῖν
666 3138 902 3229 άνενήνεκται,
921 3142 977 3210 καί
995 3137 1055 3228 μό-

49 3268 75 3310 το
87 3273 155 3327 νως
172 3240 277 3327 οὕτως
293 3242 460 3334 άληθωςὴ
473 3239 869 3335 πρόρρησιςάποδέδοται.
898 3238 1057 3329 άπόγούν

87 3349 156 3417 των
164 3347 314 3428 Μωσέως
330 3343 462 3437 χρόνων
475 3350 619 3435 καθεξῆς
636 3340 676 3416 ού
697 3347 846 3416 διέλιπον
858 3343 1056 3433 μερικολμὶν

89 3444 202 3519 αύτιόν
218 3445 387 3539 ἄρχοντες,
407 3452 444 3518 ἐκ
462 3445 648 3538 διαφόρων,
667 3441 711 3529 τός
726 3453 823 3536 ἔφην,
842 3448 962 3535 φνλων
975 3439 1055 3532 ἡγη-
