2326 3818
144 143 207 208 646
553 142 705 195 εσεεειι

142 299 214 365 κοῖς
232 280 453 372 μαθήμασιν,Ι
470 288 508 352 ἐν
531 310 566 353 τε
588 297 657 364 τοῖς
675 289 824 371 σημείοις
848 287 903 354 καλ
925 285 1042 373 τέρασι
1061 286 1115 358 καί

116 403 216 468 σταῖς
233 382 348 467 άλλαις
367 389 679 475 παραδοξοποιίαις,
697 399 769 465 ταῖς
786 412 822 453 τε
841 383 948 456 ίάσεσι
969 388 1026 455 καί
1044 405 1115 472 ταῖς

141 495 354 578 θεραπείαις·
387 485 483 576 ὑμεῖς
514 487 551 557 δέ
579 489 615 556 σί
640 489 699 573 της
727 484 890 576 τοσαύτης
922 482 1115 578 εὐεργεσίας

141 586 318 680 ἠξιωμένοι
336 586 412 660 δότε
429 584 488 658 τόν
505 583 632 677 μισθόν
648 615 714 676 μου
737 583 759 676 ή
776 585 985 677 ἀπείπασθε,
1011 596 1116 664 αίτιῦν

142 688 281 781 αύτούς,
301 686 345 772 ιῦς
366 689 464 778 εἰκὸς,
483 687 631 781 καρπούς
651 684 824 777 εὐσεβείας
843 692 899 760 καὶ
917 696 1039 782 δεῖγμα
1057 700 1137 783 τῆςι

142 801 189 876 είς
207 790 312 864 αύτδν
330 798 481 872 πίστεως.
527 796 555 860 8.
577 794 611 859 οί
632 791 688 879 δέ,
713 789 796 861 κατά
818 790 855 861 τό
882 795 1061 884 είρημένον
1079 799 1116 866 ἐν

140 903 181 985 τή
199 892 264 985 πρό
280 891 403 982 ταύτης
421 892 619 982 παραθέσει,
629 887 726 961 “ἀντὶ
739 897 798 962 τοῦ
808 891 942 981 ἀγαπᾶν
956 923 998 984 με
1010 899 1115 968 ἐνδιέ-

142 994 269 1083 βαλλόν
286 1022 339 1084 με,
358 996 413 1064 καὶ
432 1001 550 1065 ἐθεντο
567 991 641 1065 κατ’
665 997 744 1082 ἐμοῦ
767 993 853 1064 κακά
880 991 955 1066 ἀντὶ
973 994 1115 1085 ἀγαθῦν

141 1100 197 1168 καὶ
214 1112 310 1186 μῖσος
328 1093 403 1166 ἀντὶ
421 1097 479 1185 τῆς
490 1091 688 1183 ἀγαπήσεως
699 1093 801 1185 μον,”
821 1094 999 1185 τριάκοντα
1011 1097 1114 1190 ἀργυ·

140 1200 221 1288 ρούς
239 1196 435 1287 στήσαντες,
462 1193 574 1288 ὥσπερ
592 1196 753 1268 τοσούτου
772 1197 875 1269 αύτδν
893 1198 1112 1289 πωλούμενον
1125 1231 1149 1273 ιο

141 1297 346 1389 ἐτιμήσαντο.
389 1307 417 1372 9.
439 1295 513 1370 ἀλλ’
534 1302 605 1370 ἐπεὶ
625 1295 683 1369 “τὸ
709 1297 851 1370 ἑκάστου
879 1308 978 1391 ἔργον
995 1300 1114 1375 ὁποῖόν

141 1405 209 1473 ἐστι
227 1399 264 1472 τδ
282 1407 349 1493 πῦρ
369 1399 449 1472 αὐτὸ
469 1397 676 1490 δοκιμάσει,”
696 1399 830 1483 εἰκότως
843 1401 1039 1493 προστάττει
1053 1435 1115 1475 κα-

139 1517 253 1574 θεῖναι
263 1500 386 1586 αύτούς
400 1511 448 1585 είς
454 1499 733 1594 τδχωνευτήριον,
749 1499 976 1592 ἐπιλέγων“δν
988 1502 1114 1594 τρόπον

109 1645 121 1674 ε
141 1603 368 1696 ἐδοκιμάσθην
385 1600 472 1694 ῦπέρ
491 1600 635 1676 αύτων.”
672 1603 898 1697 χωνευτήριον
913 1607 950 1677 δέ
965 1610 1114 1679 ἐνταῦθα

140 1715 227 1778 ἔοικε
243 1706 302 1778 τόν
320 1708 414 1779 οἶκον
431 1713 552 1797 κυρίου
565 1704 748 1796 ὀνομάζειν.
782 1705 932 1790 είπόντος
949 1713 1034 1797 γοῦν
1051 1714 1112 1782 τοῦ
1126 1738 1150 1780 ιι

76 1834 128 1886 μου]
141 1817 261 1898 κυρίου
278 1807 361 1879 κατά
379 1807 456 1890 τοῦς
475 1806 704 1898 ἑβδομήκοντα
717 1804 845 1891 ’κάθες
863 1807 986 1891 αύτούς
1010 1818 1058 1892 είς
1075 1809 1112 1881 τό

138 1907 386 2001 χωνευτήριον”
407 1912 558 2000 ἐπιφέρει
571 1905 650 1979 ’καί
670 1912 828 1996 ἐνέβαλον
847 1909 967 1993 αύτούς
987 1918 1034 1992 είς
1051 1907 1112 1982 τδν
1137 1902 1141 1909 ⁴

140 2013 233 2082 οἶκον
250 2020 388 2101 κυρίου,
408 2017 455 2092 είς
473 2008 510 2079 τό
528 2007 789 2100 χωνευτήριον”
827 2018 876 2084 10.
898 2010 979 2083 κατδι
997 2013 1035 2084 δὲ
1051 2009 1112 2084 τόν

137 2108 280 2184 Ἀκύλαν
299 2111 450 2194 είπόντος
467 2116 526 2183 τοῦ
547 2121 667 2203 κυρίου
680 2108 805 2203 “ῥῖψον
825 2111 931 2184 αῦτὸ”
952 2120 1055 2204 δήλου
1076 2111 1110 2186 δ’

138 2211 188 2285 ὅτι
201 2211 238 2285 τό
252 2213 414 2305 ἀργύριον
424 2212 530 2304 “ττρός
544 2214 602 2286 τόν
616 2212 783 2305 πλάστην”
800 2220 952 2306 ἐπιφέρει
962 2212 1040 2288 “nal
1056 2225 1112 2308 ἐρ-
1125 2248 1151 2290 εο

138 2334 220 2407 ριψα
238 2315 319 2388 αύτὸ
338 2321 375 2388 ἐν
401 2328 481 2412 οίκφ
505 2325 625 2407 κυρίου
648 2318 731 2406 πρὸς
753 2319 813 2390 τὸν
836 2317 1019 2407 πλάστην.”
1060 2325 1111 2397 ll.

137 2417 220 2489 κατά
247 2422 284 2490 δέ
308 2417 367 2490 τόν
385 2417 569 2509 Σύμμαχον
594 2416 744 2501 εἰπόντος
767 2426 828 2491 τοῦ
853 2426 973 2506 κυρίου
985 2415 1113 2511 “ῥῖψον

112 2544 125 2584 d
138 2516 219 2590 αύτδ
233 2528 280 2601 είς
294 2519 331 2591 τδ
345 2518 594 2610 χωνευτήριον”
612 2524 762 2610 ἐπιφέρει
776 2521 883 2608 λέγων
896 2515 975 2590 “καὶ
989 2527 1112 2612 ἐρριψα

137 2616 217 2692 αύτό
238 2630 284 2704 είς
302 2622 360 2693 τὸν
378 2623 471 2692 οίκον
490 2631 629 2711 κυρίου,
649 2629 696 2703 είς
713 2620 751 2692 τὸ
769 2619 1029 2713 χωνευτήριον”
1049 2624 1112 2713 μή·
1151 2641 1154 2648 “

136 2749 216 2794 ποτε
236 2724 272 2793 δέ
296 2726 352 2792 καὶ
369 2727 467 2793 τοῦτο
486 2726 688 2810 ἐπληροῦτο,
712 2719 767 2793 ὅτε
783 2720 909 2806 Ἰούδας
933 2719 949 2794 ὁ
969 2731 1110 2812 παραδι·
1124 2757 1150 2799 ει

138 2823 217 2904 δούς
234 2821 293 2894 τόν
315 2821 451 2914 κύριον,
464 2818 572 2894 ‘mv
589 2819 639 2894 ὅτι
656 2833 850 2917 κατεκρίθη,
868 2829 1112 2916 μεταμεληθεὶς

136 2921 321 3015 ἀπέστρεψε
344 2925 381 2997 τὸ
404 2922 566 3018 ἀργύριον
583 2941 651 3008 τοῖς
669 2924 860 3018 ἀρχιερεῦσι
885 2931 941 2998 καί
959 2936 1113 3018 πρεσβυ-

135 3028 254 3117 τέροις,
272 3027 390 3117 λέγων,
409 3025 558 3118 ήμαρτον
575 3027 746 3118 παραδούς
764 3025 845 3119 αἷμα
862 3028 988 3122 ἀθῷον.
1020 3035 1057 3100 οί
1072 3031 1111 3102 δὲ

136 3127 234 3213 εἶπαν
252 3124 360 3224 αύτῷ,
384 3137 420 3201 τί
440 3130 523 3222 πρὸς
546 3128 647 3220 ήμῦς;
672 3128 716 3199 σύ
738 3127 821 3215 ὅψει.
867 3132 922 3202 καί
951 3137 1052 3221 ῥίψας
1070 3130 1110 3202 τά

136 3226 279 3321 ἀργύρια
298 3238 345 3312 είς
362 3228 423 3303 τὸν
436 3231 519 3304 ναὸν
533 3228 736 3322 ἀνεχώρησε,
754 3235 811 3303 καὶ
824 3229 986 3304 ἀπελθών
1004 3231 1109 3322 άπήγ-
1123 3261 1149 3304 ιο

136 3375 341 3388 -ὴ-

194 3462 229 3509 11
249 3462 273 3510 1.
292 3460 354 3519 Cor.
369 3467 393 3531 3,
409 3465 449 3518 13.
558 3467 593 3520 26
609 3464 707 3519 Mam»
719 3467 762 3529 27,
775 3468 800 3516 3.
