2326 3818
144 123 208 187 534
544 119 694 170 ωοεεοιι

144 258 165 350 ὴ
184 265 244 332 τοῦ
264 257 394 348 Δανιὴλ
414 261 575 329 ἐντεῦθεν
588 264 773 346 προφητεία
786 253 848 344 τὴν
867 255 1040 345 καταρχὴν
1058 261 1116 348 τὴς

146 359 311 451 ἐκβάσεως
338 359 543 450 ἐλάμβανεν,
570 355 591 446 ὴ
617 387 652 429 τε
678 356 854 447 φάσκουσα
880 353 968 427 “dud
996 356 1116 441 ἐξόδου

146 462 248 551 λόγου
265 470 325 533 τοῦ
349 460 575 552 άποκριδὴναι
602 461 658 529 καὶ
681 463 742 529 του
761 464 976 551 οἰκοδομῆσαι
991 457 1116 550 Ἰερου-

146 561 277 656 σαλὴμ”
307 568 362 635 καὶ
382 560 426 634 δι’
452 555 491 654 ὴς
519 574 644 651 εἴρηται
665 556 753 649 ’(ἐγοδ
773 561 903 650 Δανιὴλ
927 564 1061 649 συνῆκα
1079 565 1115 634 ἐν

79 695 132 748 μοι)
145 685 216 750 ταῖς
234 674 364 757 βίβλοις
382 663 441 735 τὸν
458 660 605 754 ἀριθμὸν
628 665 695 732 των
714 666 812 750 ἐτῶν,
836 658 872 744 δς
892 660 1039 751 ἐγενήθη
1059 663 1138 735 λεί-ι

144 799 202 858 γος
227 777 347 859 κυρίου
372 765 454 855 πρὸς
473 761 633 854 Ἱερεμίαν
655 762 714 833 τὸν
737 761 927 852 προφήτην,
956 771 1004 845 είς
1028 789 1116 856 συμ-

145 869 318 960 πλήρωσιν
333 864 527 958 ἐρημώσεως
537 861 762 955 Ἱερουσαλὴμ,
778 863 1006 955 ἑβδομήκοντα
1021 863 1113 955 ἔτη.”

146 977 195 1041 85.
216 969 298 1039 κατά
320 974 405 1056 γοῦν
428 966 465 1037 τὸ
483 965 642 1055 δεύτερον
660 974 730 1046 ἔτος
748 976 898 1057 Δαρείου
921 961 1116 1057 ὴσνμπλὴ-

146 1091 247 1160 ρωσις
264 1075 322 1159 τὴς
342 1073 722 1159 ἕβδομηκονταετηρίδος
745 1063 978 1138 άποδέδεικται
996 1097 1116 1161 περαι-

147 1184 292 1260 ωθείσα,
317 1170 400 1241 ὥστε
425 1174 457 1254 ἐξ
480 1170 626 1251 άπαντος
651 1168 814 1260 άρχεσθαι
840 1176 913 1241 δεῖν
936 1169 1023 1260 ἡμᾶς
1047 1177 1148 1244 τῶνα

148 1271 375 1362 ἑβδομήκοντα
394 1271 592 1362 ἑβδομάδων
605 1269 670 1342 άπὸ
684 1276 741 1359 τὴς
761 1275 936 1360 ἑξηκοστῆς
949 1275 1005 1342 καὶ
1019 1277 1115 1364 ἕκτης
1156 1300 1161 1319 ⁴

143 1371 363 1465 Ὀλυμπιάδος
388 1379 444 1446 καί
468 1371 533 1444 άπό
558 1375 717 1463 δευτέρου
736 1381 829 1454 ἔτους
847 1381 1016 1463 Δαρείου,
1037 1367 1116 1470 ἐνῷ

145 1475 185 1546 τά
202 1481 260 1565 τὴς
284 1481 460 1566 οἰκοδομῆς
485 1479 687 1568 περαιοῦται.
732 1480 782 1545 86.
804 1476 969 1546 ἐντεῦθεν
982 1480 1068 1563 γοῦν
1087 1483 1118 1548 εί

145 1578 222 1660 τούς
240 1582 422 1668 ἑπομένους
446 1576 585 1667 χρόνους
603 1573 842 1666 άριθμὴσειας,
870 1573 979 1665 εὕροις
998 1573 1041 1647 διν
1061 1575 1116 1649 ἐπ’

118 1677 250 1750 ιαάτόν
270 1680 425 1768 Ἡράδηυ
455 1676 623 1769 μόναρχόν
652 1707 687 1748 τε
707 1672 877 1767 Ῥωμαίων
901 1676 1116 1770 Αὔγουστον,
1129 1704 1152 1749 ω

146 1777 227 1851 καθ’
247 1776 305 1862 οὓς
324 1777 345 1869 ὴ
362 1784 422 1852 τοῦ
439 1787 585 1870 σωτῆρος
604 1777 699 1868 ἡμων
718 1783 864 1866 ἐπέφαυε
880 1782 928 1871 τῷ
941 1787 1005 1872 βίω
1024 1783 1118 1868 γεὐε·

146 1903 214 1969 σις,
242 1881 282 1951 τά
308 1881 502 1971 τετρακόσια
529 1876 733 1967 ὀγδοήκοντα
759 1886 835 1970 τρία
861 1886 935 1969 ἐτη,
967 1887 1005 1950 αὲ
1030 1889 1118 1954 εἰσιν

146 1981 228 2052 ἑπτά
246 1987 301 2052 καὶ
321 1981 480 2069 ἑξήκοντα
500 1979 561 2050 δύο
580 1979 775 2071 ἑβδομάδες,
793 1978 876 2051 κατά
893 1982 1032 2070 τὴν.τοῦ
1046 1996 1119 2054 Δα·

148 2082 224 2169 νιὴλ
242 2090 449 2172 προφητείαν
467 2079 726 2174 περιοριζόμενα.
751 2089 801 2153 87.
817 2075 882 2153 άπδ
895 2083 959 2173 γάρ
972 2090 1032 2172 τὴς
1046 2087 1120 2175 ἑξη-

148 2190 267 2271 κοστὴς
298 2186 353 2253 καὶ
384 2186 479 2272 ἕκτης
506 2179 726 2273 Ὀλυμπιάδος
759 2188 812 2254 ἐπὶ
842 2184 904 2273 τὴν
933 2184 1156 2276 ἕκατοστὴυεο

147 2281 374 2375 ὀγδοηκοστὴν
388 2289 486 2374 ἕκτην
496 2293 646 2374 γίνονται
660 2282 880 2374 Ὀλυμπιάδες
898 2285 1018 2375 μεταξδ
1039 2291 1122 2358 ἕκα-

147 2386 206 2459 τὸν
224 2400 328 2460 είκοσι
346 2395 422 2479 μία,
450 2396 506 2478 ἔτη
523 2386 717 2478 τετρακόσια
736 2386 940 2476 ὀγδοήκοντα
957 2392 1119 2480 τέσσαρα,

147 2499 338 2580 τετραετίαν
355 2495 415 2578 τὴς
427 2488 648 2577 Ὀλυμπιάδος
668 2487 867 2578 ἐπεχούσης,
886 2487 965 2559 καθ’
986 2485 1026 2560 ὃν
1045 2505 1120 2562 και·

123 2591 212 2678 ιρὸν
231 2590 425 2681 Αὔγουστος
444 2588 613 2679 Ῥωμαίων
635 2588 791 2677 βασιλεὺς
817 2592 1119 2663 πεντεκαιδέκατον

147 2700 217 2773 ἕτος
234 2695 292 2780 τὴς
316 2697 487 2779 βασιλείας
513 2694 640 2778 ἐπέχων
658 2688 833 2776 Αἰγύπτου
852 2708 967 2780 κρατεῖ
982 2694 1039 2761 καὶ
1056 2701 1118 2781 τῆς
1131 2723 1157 2767 ει

147 2795 262 2877 λοιπὴς
280 2792 495 2880 οίκουμένης,
518 2785 581 2879 ὑφ’
602 2782 642 2860 οὗ
660 2795 788 2881 πρῶτος
811 2790 999 2881 άλλόφυλος
1012 2791 1118 2880 ‘Hom'-

148 2897 208 2980 δης
226 2890 288 2980 τὴν
299 2896 367 2965 των
380 2889 554 2964 Ἰουδαίων
567 2896 779 2983 ἐγχειρίζεται
792 2901 978 2982 βασιλείαν,
996 2900 1119 2982 γεννά-

147 3022 200 3063 ται
225 2995 262 3063 δὲ
284 2989 302 3063 δ
321 2994 430 3085 σωτὴρ
453 2998 510 3066 καὶ
534 2993 648 3084 κύριος
672 2993 767 3085 ὴμῶν
785 2994 912 3085 Ἰησους
937 2994 955 3065 ὁ
974 2994 1117 3084 Χριστὸς

145 3099 207 3167 του
229 3103 330 3184 θεοῦ,
356 3095 438 3167 κατά
461 3095 498 3166 τό
522 3093 602 3167 αὐτὸ
623 3094 875 3187 συντρεχόντων
898 3100 967 3167 τάν
983 3094 1117 3185 χρόνων

116 3220 118 3223 ·
144 3205 203 3287 τὴς
233 3201 396 3288 γενέσεως
432 3196 535 3270 αὐτοῦ
572 3201 628 3268 καὶ
659 3203 717 3286 τὴς
747 3195 1017 3288 συμπληρωσεως
1047 3201 1156 3269 τωνοο

146 3298 236 3386 παρά
248 3308 294 3392 τῷ
312 3298 443 3389 Δανιὴλ
463 3300 545 3370 ἑπτά
563 3302 619 3371 καὶ
639 3297 879 3388 ἕξὴκουταδάο
898 3295 1113 3387 ἑβδομάδων·

142 3398 223 3487 μεθ’
242 3397 280 3480 ἃς
296 3404 496 3492 διηρημένης
509 3404 566 3472 καὶ
578 3397 709 3491 μακράν
723 3399 1019 3490 άπεσχοινισμένης
1033 3397 1117 3487 μετά
