2326 3818
320 109 751 165 οωΜοαεω.ωνιαο.ω.α
968 108 1029 172 133

61 250 159 341 ὑμών
175 248 447 339 ἀνασωζομένους
462 252 498 319 ἐκ
511 253 678 340 ῥομφαίας
693 253 730 320 έν
742 266 812 330 τοῖς
826 257 953 340 ἔθνεσι,
973 253 1029 320 καὶ

63 357 100 423 ἐν
116 355 164 447 τῷ
182 353 436 444 διασκορπισμῷ
452 348 549 439 ὑμῶν
567 355 605 421 ἐν
620 365 693 432 ταῖς
710 349 851 441 χώραις,
871 354 927 421 καὶ
944 381 1029 442 μνη-

63 453 252 543 σθήσονιαί
261 481 326 542 μου
339 459 375 522 οί
385 449 630 541 ἀνασωζόμενοι
644 455 676 535 ἐξ
689 450 789 542 ἀμών
804 455 840 524 έν
853 469 922 535 τοῖς
934 461 1029 523 ἔθνε-

63 578 135 644 σιν,
153 545 196 625 οὗ
213 551 523 645 ἠχμαλωιεύθυσαν
541 550 645 625 έκεϊ.”

35 687 48 726 5
139 661 211 727 168.
230 667 337 726 Δοκεῖ
351 685 407 745 μοι
421 653 598 726 κάνταῦθα
615 652 779 748 συνᾴδειν
792 671 862 737 τοῖς
880 653 945 724 ἀπὸ
963 658 1031 724 τών

62 761 188 829 λοιπών
206 761 428 848 προφηιειών.
465 754 543 840 τούς
566 753 630 849 γὰρ
648 755 920 846 ἀνασωζομένους
937 762 1031 838 τίνας

61 857 104 930 ἀν
129 871 234 943 εἴποις
256 855 277 950 ἢ
300 855 337 930 τό
360 862 397 930 έν
421 861 544 951 ἑτέροις
568 857 806 949 ὠνομασμένον
829 856 1031 948 ὑπόλειμμα,

61 964 117 1032 καί
140 960 202 1050 τὴν
225 958 370 1051 σιαγόνα
393 964 449 1031 καὶ
472 958 534 1051 τὴν
558 959 680 1053 δρόσον
698 964 759 1031 τοῦ
775 964 859 1031 λαοῦ
882 964 1031 1044 έκείνου;

62 1060 107 1133 δι’
130 1052 179 1135 ών
198 1065 357 1151 ἕδηλοόιο
374 1061 396 1152 ἡ
413 1066 481 1133 των
494 1060 689 1133 ἀποστόλων
702 1065 764 1133 τοῦ
776 1065 923 1153 σωτῆρος
937 1060 1032 1152 ἡμῶν

24 1195 49 1234 ιο
63 1161 232 1245 σι’στασις.
269 1153 363 1235 οὗτοι
380 1166 464 1252 γοῦν
482 1161 716 1246 ἀνασωθέντες
735 1167 771 1235 ἐκ
788 1172 846 1253 τῆς
865 1162 1031 1245 ἀπωλείας

60 1271 121 1336 τοῦ
146 1264 270 1346 παντὸς
293 1263 406 1337 αὐτῶν
430 1271 552 1346 ἔθνους
575 1268 631 1336 καὶ
656 1268 693 1337 ἐν
715 1268 763 1359 τῷ
780 1269 1031 1359 διασκορπισμῷ
1045 1294 1060 1333 ο

63 1363 180 1437 αὐτοῖν
198 1364 419 1456 ἐμνήσθησαν
436 1373 496 1437 τοῦ
514 1370 617 1456 θεοῦ,
637 1365 682 1448 ὡς
698 1364 936 1456 ὁμολογεῖσθαι
954 1369 1030 1458 περὶ

65 1466 179 1539 αὐτων
197 1474 354 1560 εἰρῆσθαι
372 1465 412 1537 ιά
429 1466 718 1559 ἀναγεγραμμένα.

356 1685 416 1772 νζῖ
448 1684 529 1759 Ἀπὸ
546 1694 608 1758 τοῦ
627 1685 741 1758 αὐτοῦ.
836 1701 839 1705 ’

24 1846 49 1886 1⁵
141 1829 211 1894 169.
226 1785 343 1894 “Τάι1ε
360 1826 449 1911 λέγει
462 1820 609 1893 Ἀὃωναλ
625 1819 757 1912 κύριος,
787 1818 837 1892 ὅτι
855 1819 1031 1910 ἀπώσομαι

62 1923 185 2006 αὐτούς
204 1933 251 2006 είς
264 1922 305 1994 νά
318 1931 415 2014 ἔθνη,
435 1925 490 1994 καί
505 1928 711 2013 διασκορπιώ
725 1920 849 2005 αὐτοὺς
864 1930 911 2004 είς
923 1921 1032 1993 πάνια
1079 1933 1082 1940 ’

61 2024 102 2094 τά
121 2033 224 2114 έθνη,
243 2028 299 2095 καὶ
319 2032 524 2114 ὃιασκορπιώ
542 2022 663 2106 αὐτούς
682 2032 729 2106 είς
746 2032 859 2096 πᾶσαν
875 2024 937 2113 τὴν
954 2031 1030 2114 γῆν,

62 2129 118 2195 καί
136 2134 251 2215 ἔσομαι
269 2122 383 2207 αὐτοῖς
398 2133 444 2208 είς
459 2121 607 2215 ἀνίασμα
625 2124 746 2216 μικρὸν
767 2129 803 2197 ἐν
819 2144 892 2208 ταῖς
910 2125 1032 2216 χώραις

63 2216 105 2298 οὗ
122 2223 165 2297 ἀν
184 2231 384 2298 εἰσέλθωσιν
403 2222 504 2298 ἐκεῑ.”

24 2351 49 2391 20
141 2333 211 2398 170.
232 2330 300 2400 Καὶ
331 2331 480 2398 ἐνταῦθα
509 2329 609 2420 ἑτέρῳ
632 2324 770 2417 ὀνόματι
800 2326 877 2410 τούς
908 2326 1031 2409 αὐτοός

62 2432 244 2518 κέκληκεν,
262 2428 409 2519 ἀγίασμα
426 2426 546 2518 μικρὸν
558 2425 663 2499 είπών
675 2427 753 2510 τοὺς
767 2433 800 2512 έξ
818 2427 931 2499 αὐτῶν
948 2426 1032 2500 ἀνα-

62 2534 321 2622 σωθησομένονς
339 2533 396 2601 καὶ
414 2528 781 2620 ὑπολειφθησομένους.

349 2750 413 2840 νη’.
447 2748 526 2822 Ἀπό
543 2758 603 2822 τοῦ
623 2750 736 2822 αὐτοῦ.

137 2889 206 2954 171.
216 2883 308 2956 “Kal
321 2881 447 2967 πάντας
459 2884 538 2967 τούς
553 2883 903 2976 ἀντιλαμβανομένους
916 2883 1029 2956 αὐτῶν
1044 2920 1087 2969 με)

22 3008 48 3049 2⁵
64 2991 233 3078 διασπερώ
258 2993 305 3068 είς
336 2985 445 3057 πάντα
469 2984 610 3078 ἀνεμου,
642 2990 698 3060 καί
726 2993 897 3081 ῥομφαίαν
929 2992 1030 3077 έκχεώ

60 3087 169 3161 ὀπίσω
188 3086 318 3177 αόνών,
345 3090 401 3158 καὶ
427 3087 667 3177 έπιγυώσουναι
690 3087 740 3160 ὅτι
760 3088 824 3180 ἐγώ
843 3087 973 3180 κύριος,
994 3092 1031 3158 έν
1067 3147 1071 3153 .

61 3199 107 3286 τῷ
126 3198 361 3282 θιασκομπίσαι
384 3218 426 3280 με
453 3194 490 3261 έν
512 3207 582 3272 τοῖς
606 3198 759 3281 ἔθνεσιν,
784 3195 840 3263 καὶ
859 3198 1030 3284 διασπερώ

132 3404 767 3490 ωωωωω.’ωωωωω
