2326 3818
366 111 552 164 οεαοαεο.
571 112 708 165 Ενεαο.
727 115 761 166 X.
780 116 805 166 τ.
993 112 1054 176 657

88 252 143 325 διά
167 252 204 324 τὸ
231 249 459 344 μεσημβρινὸν
477 249 608 332 σκότος·
645 255 701 322 καλ
728 248 830 320 πάλιν
854 250 895 323 οὐ
920 249 980 335 νύξ
1000 253 1056 322 διὰ

86 356 148 445 τὴν
165 358 478 444 ἐπικαταλαβοῦσαν
495 351 634 442 ἡμέραν,
653 347 697 443 ἣν
714 355 923 442 παρέστησεν
941 359 1057 443 ἐπιση-

86 457 275 547 μηνάμενος
284 454 339 526 διά
353 461 414 526 τοῦ
427 453 532 545 φάναι
538 449 686 543 τό“πρός
699 457 843 538 ἑσπέραν
850 463 941 525 ἐσται
955 454 1056 545 φως.”

86 567 136 642 τίς
156 555 189 628 δ’
208 553 270 629 οόιι
288 553 331 628 άν
348 555 534 647 θαυμάσειε
551 557 607 627 καὶ
625 559 683 646 τῆς
701 562 876 646 χειμαδίου
890 554 978 646 ὥρας
996 558 1058 647 τὴν

61 659 239 751 ομνήμηνς
256 656 300 749 ἣν
317 662 373 730 καὶ
387 655 494 749 αὐτὴν
508 660 687 730 ἐθέσπισεν
704 653 722 727 ό
741 655 836 746 λόγος
855 656 964 747 φήσας
977 654 1085 729 δ’καὶε

87 767 192 852 ψῦχος
211 763 267 831 καὶ
285 759 389 850 πάγος
408 756 540 832 ἐσται·”
577 755 596 831 δ
613 762 668 830 καὶ
692 755 774 829 αάτδ
798 755 819 847 ἡ
838 763 897 830 τοῦ
917 758 1058 849 εὐαγγε-

87 871 163 934 λίου
186 872 353 954 μαρτυρία
376 871 593 951 συνίστησιν,
617 856 762 951 ὁπηνίκα
787 857 805 931 ὁ
825 864 951 950 Πέτρος
978 857 1058 932 άκο-

88 970 226 1038 λουθῶν
249 969 297 1059 τῷ
310 962 436 1054 Ἰησοῦ,
461 960 699 1056 περιαψάντων
723 960 836 1053 πυράν
854 969 894 1062 ἐν
913 967 954 1054 τῇ
972 959 1059 1056 αὐλῇ

88 1070 149 1137 τοῦ
166 1065 322 1156 Καιάφα,
347 1064 429 1154 μετά
452 1070 520 1136 των
542 1063 654 1136 ἄλλων
679 1071 903 1155 ἐθερμαίνετο.
940 1064 958 1135 δ
977 1070 1060 1154 γοῦν

52 1194 77 1235 10
87 1164 241 1257 Ἰωάννης
273 1168 431 1256 άντικρυς
466 1170 523 1238 καὶ
557 1173 617 1238 τοῦ
651 1165 779 1257 ψόγους
811 1165 1059 1256 ἐμνημόνευσεν

91 1271 195 1342 εἰπάν
209 1265 441 1358 “ελστήκεισαν
458 1273 494 1337 οί
505 1273 620 1339 δοῦλοι
634 1270 737 1339 καλοί
751 1267 913 1357 ὑπηρέται
932 1266 1059 1359 άνθρα·
1073 1297 1125 1351 [ωε]

91 1372 167 1443 κιάν
190 1368 422 1460 πεποιηκότες,
447 1367 497 1439 ὅτι
522 1373 626 1459 ψόγος
643 1359 705 1458 ἦν,
728 1372 784 1439 καλ
810 1375 1059 1459 ἐθερμαίνοντο.

91 1480 119 1544 7.
139 1471 294 1560 καὶπρὸς
317 1471 380 1559 μέν
397 1467 457 1559 τὴν
483 1473 571 1553 λέξιν
591 1470 745 1542 τοιούτου
768 1474 883 1556 τέλους
902 1470 1061 1562 ἐτύγχανε

89 1571 129 1641 τά
161 1574 452 1661 προηγορευμένα,
485 1569 568 1660 πρός
591 1573 627 1642 δέ
652 1570 805 1644 διάνοιαν
832 1570 869 1643 τό
893 1580 961 1643 πᾶν
980 1571 1061 1644 Ἰου-

53 1697 77 1737 15
91 1678 197 1741 δαίων
214 1679 326 1759 ἐθνος,
345 1677 405 1744 τοῦ
418 1680 585 1762 σωτηρίου
595 1672 705 1762 φωτὸς
719 1672 833 1755 αὐτοῖς
852 1673 1063 1763 ἐπιλάμψαυὲ

89 1801 162 1862 τος,
182 1769 295 1844 αὐτῶν
311 1800 347 1842 τε
364 1777 491 1861 μάλλον
507 1773 544 1843 τό
562 1772 678 1854 σκότος
696 1769 717 1862 ἢ
734 1774 771 1842 τό
789 1778 861 1862 φῶς
881 1777 1087 1864 ἑλομένων,ε

90 1870 191 1946 τοῦθ’
210 1873 293 1965 ὅπερ
316 1879 372 1946 καὶ
391 1881 518 1947 εἵλοντο
540 1881 709 1966 μετῆλθεν
727 1873 864 1963 αὐτοὺς,
889 1873 1062 1963 ἀναχωρή-

92 2003 211 2060 σαντος
229 1979 292 2069 μὲν
310 1974 421 2050 αὐτόν
438 1985 498 2050 τοῦ
512 1976 633 2067 φωτός,
653 1974 877 2066 διαλαβοόσης
888 1977 924 2045 δέ
939 1971 1062 2059 αότοδς

92 2079 211 2161 νυκτὸς
229 2076 414 2169 άφεγγοῦς,
434 2086 667 2168 σκοτισθείσης
685 2077 798 2150 αὐτῶν
820 2086 878 2168 τῆς
897 2085 1060 2170 διανοίας,

56 2209 80 2249 20
94 2181 176 2268 πρὸς
192 2179 229 2251 τό
247 2181 292 2270 μὴ
311 2180 491 2269 διαυγάσαι
508 2180 567 2251 τόν
589 2179 762 2270 φωτισμόν
785 2187 845 2250 τοῦ
864 2178 1063 2269 εὐαγγελίου

95 2287 131 2354 ἐν
148 2299 220 2363 ταῖς
237 2289 390 2372 καρδίαις
410 2278 538 2372 αὐτῶν,
558 2280 642 2353 άλλά
655 2285 711 2352 καὶ
725 2290 887 2370 ψυγείσης
904 2287 962 2369 τῆς
981 2280 1062 2368 πρός

93 2381 152 2455 τόν
169 2383 252 2455 θεὸν
269 2382 399 2472 άγάπης
417 2380 546 2473 αὐτῶν,
565 2382 605 2454 τά
620 2381 771 2473 σύμβολα
786 2381 914 2454 τούτων
929 2381 1063 2464 είκότως

95 2490 248 2574 ἐτελεῖτο,
269 2484 454 2576 ἐπληροῦτό
471 2513 507 2555 τε
521 2489 594 2575 ἑξῆς
607 2485 648 2556 τά
664 2489 723 2574 της
737 2482 961 2575 προρρήσεως,
980 2482 1063 2554 κατά

92 2587 155 2674 τὴν
172 2587 306 2658 τοιάνδε
324 2590 382 2675 τῆς
400 2594 565 2677 σωτηρίου
584 2591 778 2677 ἐπιφανείας
796 2585 923 2676 ἡμέραν
940 2581 1064 2667 όδατος

56 2714 82 2754 25
96 2692 215 2771 ζῶντος
234 2687 427 2772 ἐξελθόντος
447 2693 479 2773 ἐξ
492 2687 718 2781 Ἰερουσαλὴμ,
739 2695 786 2769 είς
800 2686 908 2758 πάντα
920 2685 960 2758 τά
979 2696 1063 2775 ἔθνη

93 2787 319 2875 προελθόντος
332 2797 393 2860 τοῦ
405 2799 546 2880 γονίμου
559 2794 616 2862 καί
628 2798 766 2876 ζωτικοῦ
780 2788 882 2879 λόγου
895 2794 952 2879 τῆς
967 2787 1062 2878 εόαγ·
1078 2818 1091 2860 d

93 2894 225 2975 γελικῆς
252 2894 486 2978 διδασκαλίας,
511 2890 697 2982 ἀρξαμένου
723 2892 785 2980 μὲν
809 2889 874 2962 άπό
903 2897 961 2978 τῆς
981 2890 1064 2963 Ἰου-

97 2994 209 3078 δαίας,
229 2993 284 3060 καὶ
305 2994 337 3074 ἐξ
356 2987 457 3080 αὐτῆς
475 3021 513 3078 γε
530 2996 589 3081 τῆς
601 2990 828 3082 Ἰερουσαλὴμ,
847 2996 1065 3073 διαδοθέντος

97 3092 134 3162 δέ
153 3099 200 3173 είς
217 3096 330 3162 πάσαν
352 3090 415 3181 τὴν
437 3097 518 3182 γῆν,
544 3095 601 3164 καὶ
619 3101 666 3174 είς
683 3090 793 3164 πάντα
816 3091 856 3164 τά
880 3097 937 3182 τῆς
955 3101 1064 3164 οἰκου-

57 3196 198 3284 ειῗμένης
225 3197 359 3282 πέρατα.
402 3201 431 3266 8.
450 3192 571 3266 τούτου
596 3197 633 3266 δὲ
657 3198 717 3265 τοῦ
739 3192 865 3288 ὕδατος7
885 3197 940 3264 καὶ
965 3190 1065 3276 αὐτὸς

166 3433 196 3478 11
215 3431 260 3480 Jo.
275 3431 315 3492 18,
330 3431 369 3481 18.

147 3529 286 3565 nummus
306 3530 353 3568 111.
844 3509 886 3573 42
