<?xml version="1.0" encoding="UTF-8"?>
<!DOCTYPE html PUBLIC "-//W3C//DTD XHTML 1.0 Transitional//EN"
    "http://www.w3.org/TR/xhtml1/DTD/xhtml1-transitional.dtd">
<html xmlns="http://www.w3.org/1999/xhtml" xml:lang="en" lang="en">
 <head>
  <title>
</title>
<meta http-equiv="Content-Type" content="text/html;charset=utf-8" />
  <meta name='ocr-system' content='tesseract 3.04.00' />
  <meta name='ocr-capabilities' content='ocr_page ocr_carea ocr_par ocr_line ocrx_word'/>
</head>
<body>
  <div class='ocr_page' id='page_1' title='image "./eusebiicaesarie01dindgoog/eusebiicaesarie01dindgoog_0742.png"; bbox 0 0 2326 3818; ppageno 0'>
   <div class='ocr_carea' id='block_1_1' title="bbox 136 199 693 267">
    <p class='ocr_par' dir='ltr' id='par_1_1' title="bbox 136 199 693 267">
     <span class='ocr_line' id='line_1_1' title="bbox 136 199 693 267; baseline -0.002 -16"><span class='ocrx_word' id='word_1_1' title='bbox 136 201 200 267; x_wconf 75' lang='lat'><strong><em>654</em></strong></span> <span class='ocrx_word' id='word_1_2' title='bbox 542 199 693 252; x_wconf 69' lang='lat' dir='ltr'><strong>Ensssssn</strong></span> 
     </span>
    </p>
   </div>
   <div class='ocr_carea' id='block_1_2' title="bbox 106 334 1141 3381">
    <p class='ocr_par' dir='ltr' id='par_1_2' title="bbox 106 334 1141 2971">
     <span class='ocr_line' id='line_1_2' title="bbox 136 334 1106 429; baseline -0.002 -17"><span class='ocrx_word' id='word_1_3' title='bbox 136 338 268 429; x_wconf 85' lang='grc' dir='ltr'><strong><em>αῦτοῖς,</em></strong></span> <span class='ocrx_word' id='word_1_4' title='bbox 296 343 352 410; x_wconf 80' lang='grc' dir='ltr'><strong><em>καὶ</em></strong></span> <span class='ocrx_word' id='word_1_5' title='bbox 376 335 426 410; x_wconf 87' lang='grc' dir='ltr'><strong><em>ῦτι</em></strong></span> <span class='ocrx_word' id='word_1_6' title='bbox 443 340 592 422; x_wconf 84' lang='grc' dir='ltr'><strong><em>πένθους</em></strong></span> <span class='ocrx_word' id='word_1_7' title='bbox 615 337 689 422; x_wconf 83' lang='grc' dir='ltr'><strong><em>ῦξια</em></strong></span> <span class='ocrx_word' id='word_1_8' title='bbox 713 347 862 410; x_wconf 86' lang='grc' dir='ltr'><strong><em>πείσεται</em></strong></span> <span class='ocrx_word' id='word_1_9' title='bbox 886 334 967 428; x_wconf 89' lang='grc' dir='ltr'><strong><em>ῆγῆ</em></strong></span> <span class='ocrx_word' id='word_1_10' title='bbox 992 336 1106 410; x_wconf 83' lang='grc' dir='ltr'><strong><em>αῦτιῦυ</em></strong></span> 
     </span>
     <span class='ocr_line' id='line_1_3' title="bbox 136 438 1106 534; baseline -0.002 -21"><span class='ocrx_word' id='word_1_11' title='bbox 136 443 218 534; x_wconf 84' lang='grc' dir='ltr'><strong><em>μετά</em></strong></span> <span class='ocrx_word' id='word_1_12' title='bbox 236 445 292 513; x_wconf 77' lang='grc' dir='ltr'><strong><em>καὶ</em></strong></span> <span class='ocrx_word' id='word_1_13' title='bbox 309 447 376 513; x_wconf 83' lang='grc' dir='ltr'><strong><em>τῦυ</em></strong></span> <span class='ocrx_word' id='word_1_14' title='bbox 394 440 595 533; x_wconf 79' lang='grc' dir='ltr'><strong><em>οἰκητόρων,</em></strong></span> <span class='ocrx_word' id='word_1_15' title='bbox 620 443 676 511; x_wconf 79' lang='grc' dir='ltr'><strong><em>καὶ</em></strong></span> <span class='ocrx_word' id='word_1_16' title='bbox 693 438 743 511; x_wconf 83' lang='grc' dir='ltr'><strong><em>ὅτι</em></strong></span> <span class='ocrx_word' id='word_1_17' title='bbox 761 439 877 512; x_wconf 85' lang='grc' dir='ltr'><strong><em>οὐκέθ’</em></strong></span> <span class='ocrx_word' id='word_1_18' title='bbox 900 439 945 522; x_wconf 78' lang='grc' dir='ltr'><strong><em>ὡς</em></strong></span> <span class='ocrx_word' id='word_1_19' title='bbox 968 439 1005 510; x_wconf 84' lang='grc' dir='ltr'><strong><em>τό</em></strong></span> <span class='ocrx_word' id='word_1_20' title='bbox 1024 444 1106 530; x_wconf 80' lang='grc' dir='ltr'><strong><em>πρὶν</em></strong></span> 
     </span>
     <span class='ocr_line' id='line_1_4' title="bbox 137 533 1104 636; baseline -0.002 -22"><span class='ocrx_word' id='word_1_21' title='bbox 137 552 184 626; x_wconf 78' lang='grc' dir='ltr'><strong><em>εἰς</em></strong></span> <span class='ocrx_word' id='word_1_22' title='bbox 201 543 310 636; x_wconf 88' lang='grc' dir='ltr'><strong><em>βραχῦ</em></strong></span> <span class='ocrx_word' id='word_1_23' title='bbox 327 545 569 625; x_wconf 76' lang='grc' dir='ltr'><strong><em>παιδευθέντες</em></strong></span> <span class='ocrx_word' id='word_1_24' title='bbox 594 533 695 625; x_wconf 87' lang='grc' dir='ltr'><strong><em>αῦθις</em></strong></span> <span class='ocrx_word' id='word_1_25' title='bbox 712 539 1104 632; x_wconf 87' lang='grc' dir='ltr'><strong><em>άποκατασταθῆσονται,</em></strong></span> 
     </span>
     <span class='ocr_line' id='line_1_5' title="bbox 136 639 1107 733; baseline -0.004 -17"><span class='ocrx_word' id='word_1_26' title='bbox 136 641 210 717; x_wconf 78' lang='grc' dir='ltr'><strong><em>ἀλλ’</em></strong></span> <span class='ocrx_word' id='word_1_27' title='bbox 231 654 277 728; x_wconf 82' lang='grc' dir='ltr'><strong><em>εἰς</em></strong></span> <span class='ocrx_word' id='word_1_28' title='bbox 305 647 501 717; x_wconf 77' lang='grc' dir='ltr'><strong><em>συντέλειαν</em></strong></span> <span class='ocrx_word' id='word_1_29' title='bbox 523 644 564 716; x_wconf 85' lang='grc' dir='ltr'><strong><em>τά</em></strong></span> <span class='ocrx_word' id='word_1_30' title='bbox 589 641 661 715; x_wconf 90' lang='grc' dir='ltr'><strong><em>κατ’</em></strong></span> <span class='ocrx_word' id='word_1_31' title='bbox 689 641 811 728; x_wconf 86' lang='grc' dir='ltr'><strong><em>αῦτοῦς</em></strong></span> <span class='ocrx_word' id='word_1_32' title='bbox 835 642 915 733; x_wconf 83' lang='grc' dir='ltr'><strong><em>ῆξει.</em></strong></span> <span class='ocrx_word' id='word_1_33' title='bbox 952 639 1107 733; x_wconf 78' lang='grc' dir='ltr'><strong><em>“άναβῆ-</em></strong></span> 
     </span>
     <span class='ocr_line' id='line_1_6' title="bbox 136 742 1130 836; baseline -0.004 -18"><span class='ocrx_word' id='word_1_34' title='bbox 136 769 227 819; x_wconf 84' lang='grc' dir='ltr'><strong><em>σεται</em></strong></span> <span class='ocrx_word' id='word_1_35' title='bbox 244 746 348 836; x_wconf 90' lang='grc' dir='ltr'><strong><em>γοῦν”</em></strong></span> <span class='ocrx_word' id='word_1_36' title='bbox 369 750 474 836; x_wconf 77' lang='grc' dir='ltr'><strong><em>φησὶν</em></strong></span> <span class='ocrx_word' id='word_1_37' title='bbox 487 743 556 829; x_wconf 79' lang='grc' dir='ltr'><strong><em>“ὠς</em></strong></span> <span class='ocrx_word' id='word_1_38' title='bbox 574 744 718 835; x_wconf 87' lang='grc' dir='ltr'><strong><em>ποταμός</em></strong></span> <span class='ocrx_word' id='word_1_39' title='bbox 732 745 752 835; x_wconf 90' lang='grc' dir='ltr'><strong><em>ῆ</em></strong></span> <span class='ocrx_word' id='word_1_40' title='bbox 767 749 941 817; x_wconf 83' lang='grc' dir='ltr'><strong><em>συντέλεια</em></strong></span> <span class='ocrx_word' id='word_1_41' title='bbox 955 742 1104 836; x_wconf 72' lang='grc' dir='ltr'><strong><em>αῦτοίν,”</em></strong></span> <span class='ocrx_word' id='word_1_42' title='bbox 1118 774 1130 814; x_wconf 85' lang='lat'><strong>5</strong></span> 
     </span>
     <span class='ocr_line' id='line_1_7' title="bbox 134 839 1107 938; baseline -0.002 -18"><span class='ocrx_word' id='word_1_43' title='bbox 134 850 197 938; x_wconf 89' lang='grc' dir='ltr'><strong><em>τῆν</em></strong></span> <span class='ocrx_word' id='word_1_44' title='bbox 216 853 428 920; x_wconf 78' lang='grc' dir='ltr'><strong><em>ἐπελθοῦσαν</em></strong></span> <span class='ocrx_word' id='word_1_45' title='bbox 445 846 559 931; x_wconf 78' lang='grc' dir='ltr'><strong><em>αὐτοῖς</em></strong></span> <span class='ocrx_word' id='word_1_46' title='bbox 582 843 658 919; x_wconf 78' lang='grc' dir='ltr'><strong><em>οὐδ’</em></strong></span> <span class='ocrx_word' id='word_1_47' title='bbox 677 845 794 919; x_wconf 82' lang='grc' dir='ltr'><strong><em>άλλοτε</em></strong></span> <span class='ocrx_word' id='word_1_48' title='bbox 812 843 833 936; x_wconf 94' lang='grc' dir='ltr'><strong><em>ῆ</em></strong></span> <span class='ocrx_word' id='word_1_49' title='bbox 852 847 934 918; x_wconf 86' lang='grc' dir='ltr'><strong><em>κατά</em></strong></span> <span class='ocrx_word' id='word_1_50' title='bbox 952 839 1014 936; x_wconf 90' lang='grc' dir='ltr'><strong><em>τῆν</em></strong></span> <span class='ocrx_word' id='word_1_51' title='bbox 1028 843 1107 918; x_wconf 84' lang='grc' dir='ltr'><strong><em>Ῥω-</em></strong></span> 
     </span>
     <span class='ocr_line' id='line_1_8' title="bbox 134 945 1104 1041; baseline -0.002 -20"><span class='ocrx_word' id='word_1_52' title='bbox 134 959 244 1040; x_wconf 85' lang='grc' dir='ltr'><strong><em>μαίων</em></strong></span> <span class='ocrx_word' id='word_1_53' title='bbox 262 958 438 1041; x_wconf 88' lang='grc' dir='ltr'><strong><em>βασιλείαν</em></strong></span> <span class='ocrx_word' id='word_1_54' title='bbox 459 946 581 1040; x_wconf 85' lang='grc' dir='ltr'><strong><em>ὀργῆν,</em></strong></span> <span class='ocrx_word' id='word_1_55' title='bbox 608 949 758 1039; x_wconf 87' lang='grc' dir='ltr'><strong><em>ποταμὸν</em></strong></span> <span class='ocrx_word' id='word_1_56' title='bbox 775 947 1032 1039; x_wconf 82' lang='grc' dir='ltr'><strong><em>ἀναβησόμενον</em></strong></span> <span class='ocrx_word' id='word_1_57' title='bbox 1050 945 1104 1019; x_wconf 81' lang='grc' dir='ltr'><strong><em>ἐπ’</em></strong></span> 
     </span>
     <span class='ocr_line' id='line_1_9' title="bbox 135 1047 1103 1141; baseline 0 -20"><span class='ocrx_word' id='word_1_58' title='bbox 135 1050 276 1141; x_wconf 78' lang='grc' dir='ltr'><strong><em>αὐτοῦς,</em></strong></span> <span class='ocrx_word' id='word_1_59' title='bbox 301 1047 346 1132; x_wconf 71' lang='grc' dir='ltr'><strong><em>οῦς</em></strong></span> <span class='ocrx_word' id='word_1_60' title='bbox 365 1054 402 1120; x_wconf 86' lang='grc' dir='ltr'><strong><em>έν</em></strong></span> <span class='ocrx_word' id='word_1_61' title='bbox 419 1047 497 1135; x_wconf 80' lang='grc' dir='ltr'><strong><em>ῦψει</em></strong></span> <span class='ocrx_word' id='word_1_62' title='bbox 515 1048 552 1120; x_wconf 85' lang='grc' dir='ltr'><strong><em>τό</em></strong></span> <span class='ocrx_word' id='word_1_63' title='bbox 570 1053 651 1141; x_wconf 78' lang='grc' dir='ltr'><strong><em>πρὶν</em></strong></span> <span class='ocrx_word' id='word_1_64' title='bbox 668 1049 783 1140; x_wconf 79' lang='grc' dir='ltr'><strong><em>ὄντας,</em></strong></span> <span class='ocrx_word' id='word_1_65' title='bbox 809 1049 1044 1139; x_wconf 83' lang='grc' dir='ltr'><strong><em>αἰνιττόμενος.</em></strong></span> <span class='ocrx_word' id='word_1_66' title='bbox 1072 1056 1103 1121; x_wconf 87' lang='grc'><strong><em>4.</em></strong></span> 
     </span>
     <span class='ocr_line' id='line_1_10' title="bbox 134 1148 1106 1243; baseline -0.002 -19"><span class='ocrx_word' id='word_1_67' title='bbox 134 1156 190 1224; x_wconf 81' lang='grc' dir='ltr'><strong><em>καὶ</em></strong></span> <span class='ocrx_word' id='word_1_68' title='bbox 211 1153 252 1241; x_wconf 88' lang='grc' dir='ltr'><strong><em>δῆ</em></strong></span> <span class='ocrx_word' id='word_1_69' title='bbox 269 1150 351 1242; x_wconf 87' lang='grc' dir='ltr'><strong><em>μετά</em></strong></span> <span class='ocrx_word' id='word_1_70' title='bbox 368 1151 430 1243; x_wconf 85' lang='grc' dir='ltr'><strong><em>τῆν</em></strong></span> <span class='ocrx_word' id='word_1_71' title='bbox 448 1159 663 1241; x_wconf 81' lang='grc' dir='ltr'><strong><em>δηλωθεϊσαν</em></strong></span> <span class='ocrx_word' id='word_1_72' title='bbox 675 1149 749 1222; x_wconf 85' lang='grc' dir='ltr'><strong><em>κατ’</em></strong></span> <span class='ocrx_word' id='word_1_73' title='bbox 766 1148 878 1224; x_wconf 80' lang='grc' dir='ltr'><strong><em>αῦτῦν</em></strong></span> <span class='ocrx_word' id='word_1_74' title='bbox 892 1158 928 1223; x_wconf 82' lang='grc' dir='ltr'><strong><em>ἐκ</em></strong></span> <span class='ocrx_word' id='word_1_75' title='bbox 945 1156 1006 1222; x_wconf 88' lang='grc' dir='ltr'><strong><em>τοῦ</em></strong></span> <span class='ocrx_word' id='word_1_76' title='bbox 1019 1155 1106 1222; x_wconf 89' lang='grc' dir='ltr'><strong><em>θεοῦ</em></strong></span> 
     </span>
     <span class='ocr_line' id='line_1_11' title="bbox 106 1246 1141 1346; baseline -0.004 -19"><span class='ocrx_word' id='word_1_77' title='bbox 106 1251 238 1346; x_wconf 75' lang='grc' dir='ltr'><strong><em>οῦργῆν</em></strong></span> <span class='ocrx_word' id='word_1_78' title='bbox 262 1246 363 1336; x_wconf 82' lang='grc' dir='ltr'><strong><em>αὖθις</em></strong></span> <span class='ocrx_word' id='word_1_79' title='bbox 386 1254 427 1324; x_wconf 82' lang='grc' dir='ltr'><strong><em>τά</em></strong></span> <span class='ocrx_word' id='word_1_80' title='bbox 450 1252 521 1324; x_wconf 91' lang='grc' dir='ltr'><strong><em>κατ’</em></strong></span> <span class='ocrx_word' id='word_1_81' title='bbox 550 1252 671 1336; x_wconf 84' lang='grc' dir='ltr'><strong><em>αῦτοῦς</em></strong></span> <span class='ocrx_word' id='word_1_82' title='bbox 698 1252 892 1344; x_wconf 86' lang='grc' dir='ltr'><strong><em>πράγματα,</em></strong></span> <span class='ocrx_word' id='word_1_83' title='bbox 914 1249 983 1334; x_wconf 81' lang='grc' dir='ltr'><strong><em>“ὡς</em></strong></span> <span class='ocrx_word' id='word_1_84' title='bbox 1002 1280 1104 1324; x_wconf 85' lang='grc' dir='ltr'><strong><em>ποτα·</em></strong></span> <span class='ocrx_word' id='word_1_85' title='bbox 1117 1283 1141 1323; x_wconf 83' lang='grc' dir='ltr'><strong><em>ιο</em></strong></span> 
     </span>
     <span class='ocr_line' id='line_1_12' title="bbox 134 1345 1105 1446; baseline 0 -21"><span class='ocrx_word' id='word_1_86' title='bbox 134 1353 216 1446; x_wconf 88' lang='grc' dir='ltr'><strong><em>μδς”</em></strong></span> <span class='ocrx_word' id='word_1_87' title='bbox 237 1359 342 1445; x_wconf 80' lang='grc' dir='ltr'><strong><em>φησὶν</em></strong></span> <span class='ocrx_word' id='word_1_88' title='bbox 354 1352 553 1444; x_wconf 77' lang='grc' dir='ltr'><strong><em>“Αίγῦπτου</em></strong></span> <span class='ocrx_word' id='word_1_89' title='bbox 576 1351 840 1445; x_wconf 89' lang='grc' dir='ltr'><strong><em>καταβῆσεται·”</em></strong></span> <span class='ocrx_word' id='word_1_90' title='bbox 867 1353 910 1426; x_wconf 77' lang='grc' dir='ltr'><strong><em>δι’</em></strong></span> <span class='ocrx_word' id='word_1_91' title='bbox 939 1345 987 1425; x_wconf 74' lang='grc' dir='ltr'><strong><em>οῦν</em></strong></span> <span class='ocrx_word' id='word_1_92' title='bbox 1013 1355 1105 1445; x_wconf 79' lang='grc' dir='ltr'><strong><em>οἶμαι</em></strong></span> 
     </span>
     <span class='ocr_line' id='line_1_13' title="bbox 134 1455 1106 1552; baseline -0.002 -24"><span class='ocrx_word' id='word_1_93' title='bbox 134 1465 324 1547; x_wconf 78' lang='grc' dir='ltr'><strong><em>δηλοῦσθαι</em></strong></span> <span class='ocrx_word' id='word_1_94' title='bbox 341 1455 391 1528; x_wconf 86' lang='grc' dir='ltr'><strong><em>ῦτι</em></strong></span> <span class='ocrx_word' id='word_1_95' title='bbox 408 1455 448 1528; x_wconf 90' lang='grc' dir='ltr'><strong><em>τά</em></strong></span> <span class='ocrx_word' id='word_1_96' title='bbox 465 1455 570 1528; x_wconf 91' lang='grc' dir='ltr'><strong><em>πάλαι</em></strong></span> <span class='ocrx_word' id='word_1_97' title='bbox 587 1460 735 1548; x_wconf 84' lang='grc' dir='ltr'><strong><em>μετέωρα</em></strong></span> <span class='ocrx_word' id='word_1_98' title='bbox 753 1460 809 1528; x_wconf 83' lang='grc' dir='ltr'><strong><em>καὶ</em></strong></span> <span class='ocrx_word' id='word_1_99' title='bbox 828 1457 918 1550; x_wconf 85' lang='grc' dir='ltr'><strong><em>παρά</em></strong></span> <span class='ocrx_word' id='word_1_100' title='bbox 931 1464 1005 1552; x_wconf 75' lang='grc' dir='ltr'><strong><em>θεῷ</em></strong></span> <span class='ocrx_word' id='word_1_101' title='bbox 1017 1485 1106 1527; x_wconf 88' lang='grc' dir='ltr'><strong><em>τετι-</em></strong></span> 
     </span>
     <span class='ocr_line' id='line_1_14' title="bbox 134 1557 1104 1649; baseline 0 -20"><span class='ocrx_word' id='word_1_102' title='bbox 134 1563 264 1648; x_wconf 87' lang='grc' dir='ltr'><strong><em>μημένα</em></strong></span> <span class='ocrx_word' id='word_1_103' title='bbox 287 1563 343 1629; x_wconf 82' lang='grc' dir='ltr'><strong><em>καὶ</em></strong></span> <span class='ocrx_word' id='word_1_104' title='bbox 370 1557 481 1648; x_wconf 74' lang='grc' dir='ltr'><strong><em>ὥσπερ</em></strong></span> <span class='ocrx_word' id='word_1_105' title='bbox 506 1564 543 1630; x_wconf 84' lang='grc' dir='ltr'><strong><em>ἐν</em></strong></span> <span class='ocrx_word' id='word_1_106' title='bbox 564 1558 644 1644; x_wconf 75' lang='grc' dir='ltr'><strong><em>ῦψει</em></strong></span> <span class='ocrx_word' id='word_1_107' title='bbox 672 1567 810 1649; x_wconf 88' lang='grc' dir='ltr'><strong><em>κείμενα</em></strong></span> <span class='ocrx_word' id='word_1_108' title='bbox 833 1557 1104 1647; x_wconf 83' lang='grc' dir='ltr'><strong><em>πλεονεκτήματα</em></strong></span> 
     </span>
     <span class='ocr_line' id='line_1_15' title="bbox 133 1659 1104 1751; baseline 0.002 -21"><span class='ocrx_word' id='word_1_109' title='bbox 133 1664 195 1731; x_wconf 89' lang='grc' dir='ltr'><strong><em>τοῦ</em></strong></span> <span class='ocrx_word' id='word_1_110' title='bbox 207 1659 381 1733; x_wconf 84' lang='grc' dir='ltr'><strong><em>Ἰουδαίων</em></strong></span> <span class='ocrx_word' id='word_1_111' title='bbox 406 1668 529 1742; x_wconf 82' lang='grc' dir='ltr'><strong><em>ἔθνους</em></strong></span> <span class='ocrx_word' id='word_1_112' title='bbox 551 1659 649 1751; x_wconf 81' lang='grc' dir='ltr'><strong><em>ὅμοια</em></strong></span> <span class='ocrx_word' id='word_1_113' title='bbox 665 1678 735 1743; x_wconf 78' lang='grc' dir='ltr'><strong><em>τοῖς</em></strong></span> <span class='ocrx_word' id='word_1_114' title='bbox 759 1666 911 1751; x_wconf 80' lang='grc' dir='ltr'><strong><em>ῥευστολς</em></strong></span> <span class='ocrx_word' id='word_1_115' title='bbox 928 1664 984 1731; x_wconf 82' lang='grc' dir='ltr'><strong><em>καλ</em></strong></span> <span class='ocrx_word' id='word_1_116' title='bbox 1005 1667 1104 1750; x_wconf 87' lang='grc' dir='ltr'><strong><em>δίκην</em></strong></span> 
     </span>
     <span class='ocr_line' id='line_1_16' title="bbox 133 1758 1141 1853; baseline 0.002 -21"><span class='ocrx_word' id='word_1_117' title='bbox 133 1767 283 1852; x_wconf 88' lang='grc' dir='ltr'><strong><em>ποταμοῦ</em></strong></span> <span class='ocrx_word' id='word_1_118' title='bbox 300 1766 546 1853; x_wconf 86' lang='grc' dir='ltr'><strong><em>παρατρέχουσι</em></strong></span> <span class='ocrx_word' id='word_1_119' title='bbox 562 1767 630 1833; x_wconf 75' lang='grc' dir='ltr'><strong><em>τοῦν</em></strong></span> <span class='ocrx_word' id='word_1_120' title='bbox 643 1758 793 1834; x_wconf 78' lang='grc' dir='ltr'><strong><em>ἀπίστων</em></strong></span> <span class='ocrx_word' id='word_1_121' title='bbox 808 1768 920 1834; x_wconf 79' lang='grc' dir='ltr'><strong><em>ἐθνῶν</em></strong></span> <span class='ocrx_word' id='word_1_122' title='bbox 934 1761 1103 1853; x_wconf 73' lang='grc' dir='ltr'><strong><em>πράγμασι</em></strong></span> <span class='ocrx_word' id='word_1_123' title='bbox 1117 1792 1141 1834; x_wconf 78' lang='grc' dir='ltr'><strong><em>ιι</em></strong></span> 
     </span>
     <span class='ocr_line' id='line_1_17' title="bbox 133 1861 1104 1955; baseline 0 -21"><span class='ocrx_word' id='word_1_124' title='bbox 133 1862 383 1954; x_wconf 84' lang='grc' dir='ltr'><strong><em>καταστήσεται,</em></strong></span> <span class='ocrx_word' id='word_1_125' title='bbox 402 1861 464 1954; x_wconf 77' lang='grc' dir='ltr'><strong><em>ἀφ’</em></strong></span> <span class='ocrx_word' id='word_1_126' title='bbox 484 1863 594 1948; x_wconf 77' lang='grc' dir='ltr'><strong><em>ὕψους</em></strong></span> <span class='ocrx_word' id='word_1_127' title='bbox 611 1893 647 1935; x_wconf 85' lang='grc' dir='ltr'><strong><em>τε</em></strong></span> <span class='ocrx_word' id='word_1_128' title='bbox 666 1872 712 1947; x_wconf 82' lang='grc' dir='ltr'><strong><em>εἰς</em></strong></span> <span class='ocrx_word' id='word_1_129' title='bbox 723 1863 883 1936; x_wconf 82' lang='grc' dir='ltr'><strong><em>ταπεινὸν</em></strong></span> <span class='ocrx_word' id='word_1_130' title='bbox 899 1863 1104 1955; x_wconf 83' lang='grc' dir='ltr'><strong><em>περιτραπῆ-</em></strong></span> 
     </span>
     <span class='ocr_line' id='line_1_18' title="bbox 133 1962 1102 2056; baseline -0.001 -22"><span class='ocrx_word' id='word_1_131' title='bbox 133 1987 234 2036; x_wconf 86' lang='grc' dir='ltr'><strong><em>σεται.</em></strong></span> <span class='ocrx_word' id='word_1_132' title='bbox 272 1971 302 2036; x_wconf 79' lang='lat'><strong><em>5.</em></strong></span> <span class='ocrx_word' id='word_1_133' title='bbox 323 1965 354 2036; x_wconf 82' lang='grc' dir='ltr'><strong><em>εἷ</em></strong></span> <span class='ocrx_word' id='word_1_134' title='bbox 382 1962 390 1989; x_wconf 91' lang='grc'><strong><em>’</em></strong></span> <span class='ocrx_word' id='word_1_135' title='bbox 413 1969 486 2054; x_wconf 79' lang='grc' dir='ltr'><strong><em>ἑξῆς</em></strong></span> <span class='ocrx_word' id='word_1_136' title='bbox 503 1964 631 2047; x_wconf 80' lang='grc' dir='ltr'><strong><em>τούτοις</em></strong></span> <span class='ocrx_word' id='word_1_137' title='bbox 647 1964 732 2037; x_wconf 86' lang='grc' dir='ltr'><strong><em>αῦτά</em></strong></span> <span class='ocrx_word' id='word_1_138' title='bbox 746 1965 788 2055; x_wconf 91' lang='grc' dir='ltr'><strong><em>δῆ</em></strong></span> <span class='ocrx_word' id='word_1_139' title='bbox 801 1967 841 2037; x_wconf 87' lang='grc' dir='ltr'><strong><em>τά</em></strong></span> <span class='ocrx_word' id='word_1_140' title='bbox 852 1964 937 2056; x_wconf 82' lang='grc' dir='ltr'><strong><em>ιἰμφλ</em></strong></span> <span class='ocrx_word' id='word_1_141' title='bbox 955 1963 1013 2034; x_wconf 89' lang='grc' dir='ltr'><strong><em>τόν</em></strong></span> <span class='ocrx_word' id='word_1_142' title='bbox 1031 1994 1102 2034; x_wconf 89' lang='grc' dir='ltr'><strong><em>και·</em></strong></span> 
     </span>
     <span class='ocr_line' id='line_1_19' title="bbox 133 2064 1102 2158; baseline 0 -23"><span class='ocrx_word' id='word_1_143' title='bbox 133 2064 195 2156; x_wconf 87' lang='grc' dir='ltr'><strong><em>ρδν</em></strong></span> <span class='ocrx_word' id='word_1_144' title='bbox 218 2075 276 2136; x_wconf 89' lang='grc' dir='ltr'><strong><em>τοῦ</em></strong></span> <span class='ocrx_word' id='word_1_145' title='bbox 303 2074 470 2155; x_wconf 82' lang='grc' dir='ltr'><strong><em>σωτηρίου</em></strong></span> <span class='ocrx_word' id='word_1_146' title='bbox 493 2066 625 2149; x_wconf 80' lang='grc' dir='ltr'><strong><em>πάθους</em></strong></span> <span class='ocrx_word' id='word_1_147' title='bbox 647 2068 881 2158; x_wconf 82' lang='grc' dir='ltr'><strong><em>συμβεβηκότα</em></strong></span> <span class='ocrx_word' id='word_1_148' title='bbox 909 2072 1021 2154; x_wconf 79' lang='grc' dir='ltr'><strong><em>δηλτῦν</em></strong></span> <span class='ocrx_word' id='word_1_149' title='bbox 1039 2064 1102 2136; x_wconf 59' lang='lat' dir='ltr'><strong><em>“gv</em></strong></span> 
     </span>
     <span class='ocr_line' id='line_1_20' title="bbox 135 2162 1102 2261; baseline 0.004 -25"><span class='ocrx_word' id='word_1_150' title='bbox 135 2163 267 2257; x_wconf 81' lang='grc' dir='ltr'><strong><em>ἐκείνη”</em></strong></span> <span class='ocrx_word' id='word_1_151' title='bbox 284 2169 367 2256; x_wconf 82' lang='grc' dir='ltr'><strong><em>φησὶ</em></strong></span> <span class='ocrx_word' id='word_1_152' title='bbox 377 2162 441 2258; x_wconf 80' lang='grc' dir='ltr'><strong><em>“τῆ</em></strong></span> <span class='ocrx_word' id='word_1_153' title='bbox 453 2162 570 2261; x_wconf 77' lang='grc' dir='ltr'><strong><em>ῆμέρα,</em></strong></span> <span class='ocrx_word' id='word_1_154' title='bbox 586 2173 675 2259; x_wconf 81' lang='grc' dir='ltr'><strong><em>λέγει</em></strong></span> <span class='ocrx_word' id='word_1_155' title='bbox 688 2169 814 2261; x_wconf 86' lang='grc' dir='ltr'><strong><em>κῦριος,</em></strong></span> <span class='ocrx_word' id='word_1_156' title='bbox 829 2167 993 2240; x_wconf 84' lang='grc' dir='ltr'><strong><em>δῦσετοιιό</em></strong></span> <span class='ocrx_word' id='word_1_157' title='bbox 1008 2166 1102 2257; x_wconf 86' lang='grc' dir='ltr'><strong><em>ῆλιος</em></strong></span> 
     </span>
     <span class='ocr_line' id='line_1_21' title="bbox 106 2268 1141 2364; baseline 0 -23"><span class='ocrx_word' id='word_1_158' title='bbox 106 2276 349 2361; x_wconf 75' lang='grc' dir='ltr'><strong><em>ιμεσημβρίας,</em></strong></span> <span class='ocrx_word' id='word_1_159' title='bbox 368 2272 424 2339; x_wconf 80' lang='grc' dir='ltr'><strong><em>καὶ</em></strong></span> <span class='ocrx_word' id='word_1_160' title='bbox 443 2269 642 2344; x_wconf 87' lang='grc' dir='ltr'><strong><em>συσκοτάσει</em></strong></span> <span class='ocrx_word' id='word_1_161' title='bbox 661 2275 714 2342; x_wconf 81' lang='grc' dir='ltr'><strong><em>ἐπὶ</em></strong></span> <span class='ocrx_word' id='word_1_162' title='bbox 732 2276 789 2361; x_wconf 88' lang='grc' dir='ltr'><strong><em>τῆς</em></strong></span> <span class='ocrx_word' id='word_1_163' title='bbox 808 2279 868 2360; x_wconf 84' lang='grc' dir='ltr'><strong><em>γῆς</em></strong></span> <span class='ocrx_word' id='word_1_164' title='bbox 887 2276 924 2342; x_wconf 85' lang='grc' dir='ltr'><strong><em>ἐν</em></strong></span> <span class='ocrx_word' id='word_1_165' title='bbox 941 2269 1048 2364; x_wconf 78' lang='grc' dir='ltr'><strong><em>ῆμέρηι</em></strong></span> <span class='ocrx_word' id='word_1_166' title='bbox 1064 2268 1101 2341; x_wconf 87' lang='grc' dir='ltr'><strong><em>τό</em></strong></span> <span class='ocrx_word' id='word_1_167' title='bbox 1115 2300 1141 2341; x_wconf 79' lang='grc' dir='ltr'><strong><em>ιο</em></strong></span> 
     </span>
     <span class='ocr_line' id='line_1_22' title="bbox 132 2366 1104 2463; baseline 0.001 -22"><span class='ocrx_word' id='word_1_168' title='bbox 132 2370 238 2461; x_wconf 76' lang='grc' dir='ltr'><strong><em>φαῖς,”</em></strong></span> <span class='ocrx_word' id='word_1_169' title='bbox 259 2368 281 2441; x_wconf 83' lang='grc' dir='ltr'><strong><em>ά</em></strong></span> <span class='ocrx_word' id='word_1_170' title='bbox 304 2376 359 2443; x_wconf 81' lang='grc' dir='ltr'><strong><em>καὶ</em></strong></span> <span class='ocrx_word' id='word_1_171' title='bbox 385 2377 509 2462; x_wconf 78' lang='grc' dir='ltr'><strong><em>ἐναργῆ</em></strong></span> <span class='ocrx_word' id='word_1_172' title='bbox 532 2366 594 2463; x_wconf 88' lang='grc' dir='ltr'><strong><em>τῆν</em></strong></span> <span class='ocrx_word' id='word_1_173' title='bbox 618 2381 757 2462; x_wconf 81' lang='grc' dir='ltr'><strong><em>ἔκβασιν</em></strong></span> <span class='ocrx_word' id='word_1_174' title='bbox 782 2384 938 2463; x_wconf 83' lang='grc' dir='ltr'><strong><em>ελληφευ,</em></strong></span> <span class='ocrx_word' id='word_1_175' title='bbox 962 2368 1018 2442; x_wconf 80' lang='grc' dir='ltr'><strong><em>ὅτε</em></strong></span> <span class='ocrx_word' id='word_1_176' title='bbox 1040 2375 1104 2443; x_wconf 90' lang='grc' dir='ltr'><strong><em>τοῦ</em></strong></span> 
     </span>
     <span class='ocr_line' id='line_1_23' title="bbox 132 2471 1102 2565; baseline 0.001 -21"><span class='ocrx_word' id='word_1_177' title='bbox 132 2480 279 2565; x_wconf 90' lang='grc' dir='ltr'><strong><em>σωτῆρος</em></strong></span> <span class='ocrx_word' id='word_1_178' title='bbox 308 2471 404 2565; x_wconf 81' lang='grc' dir='ltr'><strong><em>ῆμῶν</em></strong></span> <span class='ocrx_word' id='word_1_179' title='bbox 432 2473 631 2559; x_wconf 78' lang='grc' dir='ltr'><strong><em>ῦψωθέντος</em></strong></span> <span class='ocrx_word' id='word_1_180' title='bbox 661 2475 744 2546; x_wconf 88' lang='grc' dir='ltr'><strong><em>κατά</em></strong></span> <span class='ocrx_word' id='word_1_181' title='bbox 773 2475 832 2546; x_wconf 84' lang='grc' dir='ltr'><strong><em>τὸν</em></strong></span> <span class='ocrx_word' id='word_1_182' title='bbox 863 2471 1102 2564; x_wconf 86' lang='grc' dir='ltr'><strong><em>εῦαγγελιστῆν</em></strong></span> 
     </span>
     <span class='ocr_line' id='line_1_24' title="bbox 125 2570 1103 2668; baseline 0.002 -23"><span class='ocrx_word' id='word_1_183' title='bbox 125 2570 214 2646; x_wconf 62' lang='lat' dir='ltr'><strong><em>“emb</em></strong></span> <span class='ocrx_word' id='word_1_184' title='bbox 233 2580 329 2666; x_wconf 84' lang='grc' dir='ltr'><strong><em>έκτης</em></strong></span> <span class='ocrx_word' id='word_1_185' title='bbox 354 2573 442 2668; x_wconf 77' lang='grc' dir='ltr'><strong><em>ὥρας</em></strong></span> <span class='ocrx_word' id='word_1_186' title='bbox 466 2576 581 2660; x_wconf 89' lang='grc' dir='ltr'><strong><em>σκότος</em></strong></span> <span class='ocrx_word' id='word_1_187' title='bbox 600 2579 730 2667; x_wconf 83' lang='grc' dir='ltr'><strong><em>ἐγένετο</em></strong></span> <span class='ocrx_word' id='word_1_188' title='bbox 756 2579 810 2647; x_wconf 79' lang='grc' dir='ltr'><strong><em>ἐπὶ</em></strong></span> <span class='ocrx_word' id='word_1_189' title='bbox 828 2581 940 2648; x_wconf 85' lang='grc' dir='ltr'><strong><em>πάσαν</em></strong></span> <span class='ocrx_word' id='word_1_190' title='bbox 957 2575 1019 2666; x_wconf 85' lang='grc' dir='ltr'><strong><em>τῆν</em></strong></span> <span class='ocrx_word' id='word_1_191' title='bbox 1037 2580 1103 2665; x_wconf 91' lang='grc' dir='ltr'><strong><em>γῆν</em></strong></span> 
     </span>
     <span class='ocr_line' id='line_1_25' title="bbox 132 2675 1102 2770; baseline -0.001 -23"><span class='ocrx_word' id='word_1_192' title='bbox 132 2681 194 2760; x_wconf 76' lang='grc' dir='ltr'><strong><em>ἕως</em></strong></span> <span class='ocrx_word' id='word_1_193' title='bbox 212 2675 301 2768; x_wconf 82' lang='grc' dir='ltr'><strong><em>ῦρας</em></strong></span> <span class='ocrx_word' id='word_1_194' title='bbox 320 2678 453 2769; x_wconf 82' lang='grc' dir='ltr'><strong><em>ἐνάτης,</em></strong></span> <span class='ocrx_word' id='word_1_195' title='bbox 477 2683 554 2770; x_wconf 82' lang='grc' dir='ltr'><strong><em>περὶ</em></strong></span> <span class='ocrx_word' id='word_1_196' title='bbox 574 2681 611 2749; x_wconf 74' lang='grc' dir='ltr'><strong><em>δὲ</em></strong></span> <span class='ocrx_word' id='word_1_197' title='bbox 628 2677 691 2768; x_wconf 89' lang='grc' dir='ltr'><strong><em>τῆν</em></strong></span> <span class='ocrx_word' id='word_1_198' title='bbox 710 2676 830 2767; x_wconf 82' lang='grc' dir='ltr'><strong><em>ἐνάτην</em></strong></span> <span class='ocrx_word' id='word_1_199' title='bbox 849 2676 940 2769; x_wconf 80' lang='grc' dir='ltr'><strong><em>ῦραν</em></strong></span> <span class='ocrx_word' id='word_1_200' title='bbox 958 2677 1102 2766; x_wconf 89' lang='grc' dir='ltr'><strong><em>άνεβόη-</em></strong></span> 
     </span>
     <span class='ocr_line' id='line_1_26' title="bbox 132 2776 1140 2873; baseline -0.001 -24"><span class='ocrx_word' id='word_1_201' title='bbox 132 2800 190 2850; x_wconf 89' lang='grc' dir='ltr'><strong><em>σεν</em></strong></span> <span class='ocrx_word' id='word_1_202' title='bbox 217 2778 374 2869; x_wconf 84' lang='grc' dir='ltr'><strong><em>δἸησοῦς</em></strong></span> <span class='ocrx_word' id='word_1_203' title='bbox 400 2785 499 2871; x_wconf 85' lang='grc' dir='ltr'><strong><em>φωνῆ</em></strong></span> <span class='ocrx_word' id='word_1_204' title='bbox 522 2779 667 2873; x_wconf 78' lang='grc' dir='ltr'><strong><em>μεγάλη,</em></strong></span> <span class='ocrx_word' id='word_1_205' title='bbox 695 2783 803 2870; x_wconf 87' lang='grc' dir='ltr'><strong><em>λέγων</em></strong></span> <span class='ocrx_word' id='word_1_206' title='bbox 822 2779 896 2851; x_wconf 79' lang='grc' dir='ltr'><strong><em>Ἠλὶ</em></strong></span> <span class='ocrx_word' id='word_1_207' title='bbox 918 2776 989 2850; x_wconf 79' lang='grc' dir='ltr'><strong><em>Ἠλὶ</em></strong></span> <span class='ocrx_word' id='word_1_208' title='bbox 1012 2783 1100 2868; x_wconf 87' lang='grc' dir='ltr'><strong><em>λαμά</em></strong></span> <span class='ocrx_word' id='word_1_209' title='bbox 1114 2807 1140 2848; x_wconf 82' lang='lat'><strong><em>25</em></strong></span> 
     </span>
     <span class='ocr_line' id='line_1_27' title="bbox 132 2878 358 2971; baseline 0.009 -21"><span class='ocrx_word' id='word_1_210' title='bbox 132 2878 358 2971; x_wconf 83' lang='grc' dir='ltr'><strong><em>σαβαχθανί.”</em></strong></span> 
     </span>
    </p>

    <p class='ocr_par' dir='ltr' id='par_1_3' title="bbox 130 2980 1138 3381">
     <span class='ocr_line' id='line_1_28' title="bbox 208 2980 1102 3075; baseline 0.001 -23"><span class='ocrx_word' id='word_1_211' title='bbox 208 2989 237 3053; x_wconf 86' lang='grc'><strong><em>6.</em></strong></span> <span class='ocrx_word' id='word_1_212' title='bbox 264 2982 399 3055; x_wconf 77' lang='grc' dir='ltr'><strong><em>Τούτων</em></strong></span> <span class='ocrx_word' id='word_1_213' title='bbox 419 2986 455 3055; x_wconf 73' lang='grc' dir='ltr'><strong><em>δὲ</em></strong></span> <span class='ocrx_word' id='word_1_214' title='bbox 472 2990 591 3055; x_wconf 90' lang='grc' dir='ltr'><strong><em>τοῦτον</em></strong></span> <span class='ocrx_word' id='word_1_215' title='bbox 609 2986 892 3056; x_wconf 82' lang='grc' dir='ltr'><strong><em>ἐπιτελεσθέντων</em></strong></span> <span class='ocrx_word' id='word_1_216' title='bbox 901 2981 960 3054; x_wconf 84' lang='grc' dir='ltr'><strong><em>τόν</em></strong></span> <span class='ocrx_word' id='word_1_217' title='bbox 976 2980 1102 3075; x_wconf 88' lang='grc' dir='ltr'><strong><em>τρόπον</em></strong></span> 
     </span>
     <span class='ocr_line' id='line_1_29' title="bbox 131 3082 1101 3176; baseline 0.001 -23"><span class='ocrx_word' id='word_1_218' title='bbox 131 3087 204 3175; x_wconf 85' lang='grc' dir='ltr'><strong><em>ἑξῆς</em></strong></span> <span class='ocrx_word' id='word_1_219' title='bbox 224 3088 366 3175; x_wconf 86' lang='grc' dir='ltr'><strong><em>έπιλέγει</em></strong></span> <span class='ocrx_word' id='word_1_220' title='bbox 380 3082 459 3157; x_wconf 69' lang='lat' dir='ltr'><strong><em>“nal</em></strong></span> <span class='ocrx_word' id='word_1_221' title='bbox 477 3088 692 3176; x_wconf 79' lang='grc' dir='ltr'><strong><em>μεταστρέψαι</em></strong></span> <span class='ocrx_word' id='word_1_222' title='bbox 715 3086 773 3168; x_wconf 87' lang='grc' dir='ltr'><strong><em>τάς</em></strong></span> <span class='ocrx_word' id='word_1_223' title='bbox 794 3083 908 3176; x_wconf 83' lang='grc' dir='ltr'><strong><em>ἑορτάς</em></strong></span> <span class='ocrx_word' id='word_1_224' title='bbox 931 3083 1028 3175; x_wconf 77' lang='grc' dir='ltr'><strong><em>ὑμῶν</em></strong></span> <span class='ocrx_word' id='word_1_225' title='bbox 1053 3092 1101 3167; x_wconf 80' lang='grc' dir='ltr'><strong><em>εἰς</em></strong></span> 
     </span>
     <span class='ocr_line' id='line_1_30' title="bbox 130 3186 1100 3283; baseline -0.001 -27"><span class='ocrx_word' id='word_1_226' title='bbox 130 3192 256 3271; x_wconf 84' lang='grc' dir='ltr'><strong><em>πένθος</em></strong></span> <span class='ocrx_word' id='word_1_227' title='bbox 279 3192 334 3259; x_wconf 79' lang='grc' dir='ltr'><strong><em>καὶ</em></strong></span> <span class='ocrx_word' id='word_1_228' title='bbox 358 3187 465 3270; x_wconf 86' lang='grc' dir='ltr'><strong><em>πάσας</em></strong></span> <span class='ocrx_word' id='word_1_229' title='bbox 483 3188 540 3272; x_wconf 84' lang='grc' dir='ltr'><strong><em>τάς</em></strong></span> <span class='ocrx_word' id='word_1_230' title='bbox 565 3186 654 3283; x_wconf 70' lang='grc' dir='ltr'><strong><em>ᾠδάς</em></strong></span> <span class='ocrx_word' id='word_1_231' title='bbox 671 3188 768 3279; x_wconf 74' lang='grc' dir='ltr'><strong><em>ὑμῶν</em></strong></span> <span class='ocrx_word' id='word_1_232' title='bbox 793 3196 841 3271; x_wconf 80' lang='grc' dir='ltr'><strong><em>εἰς</em></strong></span> <span class='ocrx_word' id='word_1_233' title='bbox 859 3191 1006 3279; x_wconf 89' lang='grc' dir='ltr'><strong><em>θρῆνον·</em></strong></span> <span class='ocrx_word' id='word_1_234' title='bbox 1042 3188 1100 3256; x_wconf 80' lang='grc' dir='ltr'><strong><em>καὶ</em></strong></span> 
     </span>
     <span class='ocr_line' id='line_1_31' title="bbox 130 3287 1138 3381; baseline 0 -23"><span class='ocrx_word' id='word_1_235' title='bbox 130 3287 284 3378; x_wconf 77' lang='grc' dir='ltr'><strong><em>άναβιβῶ</em></strong></span> <span class='ocrx_word' id='word_1_236' title='bbox 308 3293 361 3361; x_wconf 78' lang='grc' dir='ltr'><strong><em>ἐπὶ</em></strong></span> <span class='ocrx_word' id='word_1_237' title='bbox 391 3296 504 3361; x_wconf 84' lang='grc' dir='ltr'><strong><em>πάσαν</em></strong></span> <span class='ocrx_word' id='word_1_238' title='bbox 526 3288 637 3381; x_wconf 78' lang='grc' dir='ltr'><strong><em>ὀσφῦν</em></strong></span> <span class='ocrx_word' id='word_1_239' title='bbox 666 3289 791 3361; x_wconf 92' lang='grc' dir='ltr'><strong><em>σάκκον</em></strong></span> <span class='ocrx_word' id='word_1_240' title='bbox 821 3293 877 3360; x_wconf 76' lang='grc' dir='ltr'><strong><em>καὶ</em></strong></span> <span class='ocrx_word' id='word_1_241' title='bbox 908 3292 962 3360; x_wconf 81' lang='grc' dir='ltr'><strong><em>ἐπὶ</em></strong></span> <span class='ocrx_word' id='word_1_242' title='bbox 986 3292 1098 3360; x_wconf 85' lang='grc' dir='ltr'><strong><em>πάσαν</em></strong></span> <span class='ocrx_word' id='word_1_243' title='bbox 1112 3315 1138 3358; x_wconf 80' lang='lat'><strong><em>³0</em></strong></span> 
     </span>
    </p>
   </div>
   <div class='ocr_carea' id='block_1_3' title="bbox 183 3521 457 3591">
    <p class='ocr_par' dir='ltr' id='par_1_4' title="bbox 183 3521 457 3591">
     <span class='ocr_line' id='line_1_32' title="bbox 183 3521 457 3591; baseline 0.036 -23"><span class='ocrx_word' id='word_1_244' title='bbox 183 3521 457 3591; x_wconf 53' lang='lat' dir='ltr'><strong><em>mmmmm</em></strong></span> 
     </span>
    </p>
   </div>
   <div class='ocr_carea' id='block_1_4' title="bbox 0 0 1168 3818">
    <p class='ocr_par' dir='ltr' id='par_1_5' title="bbox 0 0 1168 3818">
     <span class='ocr_line' id='line_1_33' title="bbox 0 0 1168 3818; baseline 0 1"><span class='ocrx_word' id='word_1_245' title='bbox 0 0 1168 3818; x_wconf 95' lang='lat' dir='ltr'><strong><em> </em></strong></span> 
     </span>
    </p>
   </div>
  </div>
 </body>
</html>
