<?xml version="1.0" encoding="UTF-8"?>
<!DOCTYPE html PUBLIC "-//W3C//DTD XHTML 1.0 Transitional//EN"
    "http://www.w3.org/TR/xhtml1/DTD/xhtml1-transitional.dtd">
<html xmlns="http://www.w3.org/1999/xhtml" xml:lang="en" lang="en">
 <head>
  <title>
</title>
<meta http-equiv="Content-Type" content="text/html;charset=utf-8" />
  <meta name='ocr-system' content='tesseract 3.04.00' />
  <meta name='ocr-capabilities' content='ocr_page ocr_carea ocr_par ocr_line ocrx_word'/>
</head>
<body>
  <div class='ocr_page' id='page_1' title='image "./eusebiicaesarie01dindgoog/eusebiicaesarie01dindgoog_0660.png"; bbox 0 0 2326 3818; ppageno 0'>
   <div class='ocr_carea' id='block_1_1' title="bbox 330 130 1054 196">
    <p class='ocr_par' dir='ltr' id='par_1_1' title="bbox 330 130 1054 196">
     <span class='ocr_line' id='line_1_1' title="bbox 330 130 1054 196; baseline 0.018 -12"><span class='ocrx_word' id='word_1_1' title='bbox 330 133 514 185; x_wconf 76' lang='lat' dir='ltr'>DEMONST.</span> <span class='ocrx_word' id='word_1_2' title='bbox 534 133 667 187; x_wconf 78' lang='lat' dir='ltr'>EVANG.</span> <span class='ocrx_word' id='word_1_3' title='bbox 686 135 734 186; x_wconf 80' lang='lat' dir='ltr'><em>IX.</em></span> <span class='ocrx_word' id='word_1_4' title='bbox 753 135 777 184; x_wconf 85' lang='lat'><em>6.</em></span> <span class='ocrx_word' id='word_1_5' title='bbox 791 137 815 184; x_wconf 87' lang='grc' dir='ltr'><em>τ.</em></span> <span class='ocrx_word' id='word_1_6' title='bbox 991 130 1054 196; x_wconf 80' lang='grc'><em>583</em></span> 
     </span>
    </p>
   </div>
   <div class='ocr_carea' id='block_1_2' title="bbox 48 267 1085 3297">
    <p class='ocr_par' dir='ltr' id='par_1_2' title="bbox 48 267 1085 3297">
     <span class='ocr_line' id='line_1_2' title="bbox 87 267 1054 366; baseline -0.002 -22"><span class='ocrx_word' id='word_1_7' title='bbox 87 280 205 366; x_wconf 76' lang='grc' dir='ltr'><em>κυρίην,</em></span> <span class='ocrx_word' id='word_1_8' title='bbox 224 267 435 361; x_wconf 88' lang='grc' dir='ltr'><em>άυτιλήπτωρ</em></span> <span class='ocrx_word' id='word_1_9' title='bbox 451 300 517 360; x_wconf 89' lang='grc' dir='ltr'><em>μου</em></span> <span class='ocrx_word' id='word_1_10' title='bbox 535 270 566 340; x_wconf 88' lang='grc' dir='ltr'><em>εί</em></span> <span class='ocrx_word' id='word_1_11' title='bbox 581 274 638 341; x_wconf 84' lang='grc' dir='ltr'><em>καί</em></span> <span class='ocrx_word' id='word_1_12' title='bbox 652 271 828 361; x_wconf 80' lang='grc' dir='ltr'><em>καταφυγή</em></span> <span class='ocrx_word' id='word_1_13' title='bbox 841 301 924 362; x_wconf 90' lang='grc' dir='ltr'><em>μου,</em></span> <span class='ocrx_word' id='word_1_14' title='bbox 943 268 960 342; x_wconf 88' lang='grc' dir='ltr'><em>ό</em></span> <span class='ocrx_word' id='word_1_15' title='bbox 975 270 1054 353; x_wconf 86' lang='grc' dir='ltr'><em>θεός</em></span> 
     </span>
     <span class='ocr_line' id='line_1_3' title="bbox 85 368 1055 464; baseline 0 -20"><span class='ocrx_word' id='word_1_16' title='bbox 85 403 151 464; x_wconf 91' lang='grc' dir='ltr'><em>μου</em></span> <span class='ocrx_word' id='word_1_17' title='bbox 169 371 294 462; x_wconf 85' lang='grc' dir='ltr'><em>βοηθός</em></span> <span class='ocrx_word' id='word_1_18' title='bbox 311 401 388 462; x_wconf 89' lang='grc' dir='ltr'><em>μου,</em></span> <span class='ocrx_word' id='word_1_19' title='bbox 406 376 463 442; x_wconf 81' lang='grc' dir='ltr'><em>καί</em></span> <span class='ocrx_word' id='word_1_20' title='bbox 477 376 579 444; x_wconf 80' lang='grc' dir='ltr'><em>ἐλπιω</em></span> <span class='ocrx_word' id='word_1_21' title='bbox 592 368 646 442; x_wconf 84' lang='grc' dir='ltr'><em>ἐπ’</em></span> <span class='ocrx_word' id='word_1_22' title='bbox 665 369 767 444; x_wconf 84' lang='grc' dir='ltr'><em>αῦτόν</em></span> <span class='ocrx_word' id='word_1_23' title='bbox 777 427 787 462; x_wconf 95' lang='grc'><em>,</em></span> <span class='ocrx_word' id='word_1_24' title='bbox 805 370 856 443; x_wconf 83' lang='grc' dir='ltr'><em>ότι</em></span> <span class='ocrx_word' id='word_1_25' title='bbox 877 370 976 454; x_wconf 80' lang='grc' dir='ltr'><em>αὐτὸς</em></span> <span class='ocrx_word' id='word_1_26' title='bbox 995 372 1055 464; x_wconf 83' lang='grc' dir='ltr'><em>ῥῦ-</em></span> 
     </span>
     <span class='ocr_line' id='line_1_4' title="bbox 87 472 1053 564; baseline -0.001 -19"><span class='ocrx_word' id='word_1_27' title='bbox 87 482 182 546; x_wconf 88' lang='grc' dir='ltr'><em>σεταί</em></span> <span class='ocrx_word' id='word_1_28' title='bbox 196 502 238 564; x_wconf 89' lang='grc' dir='ltr'><em>με</em></span> <span class='ocrx_word' id='word_1_29' title='bbox 257 479 293 544; x_wconf 81' lang='grc' dir='ltr'><em>ἐκ</em></span> <span class='ocrx_word' id='word_1_30' title='bbox 310 480 450 562; x_wconf 76' lang='grc' dir='ltr'><em>παγίδος</em></span> <span class='ocrx_word' id='word_1_31' title='bbox 467 479 647 564; x_wconf 78' lang='grc' dir='ltr'><em>θηρευτόν</em></span> <span class='ocrx_word' id='word_1_32' title='bbox 669 477 726 544; x_wconf 82' lang='grc' dir='ltr'><em>καὶ</em></span> <span class='ocrx_word' id='word_1_33' title='bbox 749 473 814 545; x_wconf 87' lang='grc' dir='ltr'><em>άπὸ</em></span> <span class='ocrx_word' id='word_1_34' title='bbox 833 472 934 563; x_wconf 78' lang='grc' dir='ltr'><em>λόγου</em></span> <span class='ocrx_word' id='word_1_35' title='bbox 952 504 1053 563; x_wconf 93' lang='grc' dir='ltr'><em>ταρα-</em></span> 
     </span>
     <span class='ocr_line' id='line_1_5' title="bbox 87 573 1083 667; baseline 0 -21"><span class='ocrx_word' id='word_1_36' title='bbox 87 575 224 667; x_wconf 75' lang='grc' dir='ltr'><em>χώδους.</em></span> <span class='ocrx_word' id='word_1_37' title='bbox 262 581 299 646; x_wconf 81' lang='grc' dir='ltr'><em>ἐν</em></span> <span class='ocrx_word' id='word_1_38' title='bbox 323 591 393 658; x_wconf 77' lang='grc' dir='ltr'><em>τοῖς</em></span> <span class='ocrx_word' id='word_1_39' title='bbox 415 577 635 666; x_wconf 84' lang='grc' dir='ltr'><em>μεταφρένοις</em></span> <span class='ocrx_word' id='word_1_40' title='bbox 658 573 764 646; x_wconf 81' lang='grc' dir='ltr'><em>αὑτοῦ</em></span> <span class='ocrx_word' id='word_1_41' title='bbox 787 573 971 646; x_wconf 79' lang='grc' dir='ltr'><em>ἐπισκιάσει</em></span> <span class='ocrx_word' id='word_1_42' title='bbox 990 579 1083 663; x_wconf 81' lang='grc' dir='ltr'><em>σοὶ,ι</em></span> 
     </span>
     <span class='ocr_line' id='line_1_6' title="bbox 61 673 1055 769; baseline -0.003 -21"><span class='ocrx_word' id='word_1_43' title='bbox 61 681 143 754; x_wconf 67' lang='grc' dir='ltr'><em>ικαὶ</em></span> <span class='ocrx_word' id='word_1_44' title='bbox 159 673 226 747; x_wconf 86' lang='grc' dir='ltr'><em>ῦπό</em></span> <span class='ocrx_word' id='word_1_45' title='bbox 243 677 301 759; x_wconf 86' lang='grc' dir='ltr'><em>τάς</em></span> <span class='ocrx_word' id='word_1_46' title='bbox 319 681 484 768; x_wconf 79' lang='grc' dir='ltr'><em>πτέρυγας</em></span> <span class='ocrx_word' id='word_1_47' title='bbox 498 673 601 748; x_wconf 77' lang='grc' dir='ltr'><em>αὐτοῦ</em></span> <span class='ocrx_word' id='word_1_48' title='bbox 614 680 745 759; x_wconf 79' lang='grc' dir='ltr'><em>ἐλπιελς.</em></span> <span class='ocrx_word' id='word_1_49' title='bbox 769 682 799 746; x_wconf 80' lang='grc'><em>2.</em></span> <span class='ocrx_word' id='word_1_50' title='bbox 817 673 909 769; x_wconf 78' lang='grc' dir='ltr'><em>ὅπλῳ</em></span> <span class='ocrx_word' id='word_1_51' title='bbox 928 676 1055 746; x_wconf 80' lang='grc' dir='ltr'><em>κυκλό-</em></span> 
     </span>
     <span class='ocr_line' id='line_1_7' title="bbox 87 773 1055 869; baseline -0.002 -20"><span class='ocrx_word' id='word_1_52' title='bbox 87 803 139 850; x_wconf 89' lang='grc' dir='ltr'><em>σει</em></span> <span class='ocrx_word' id='word_1_53' title='bbox 165 802 203 849; x_wconf 88' lang='grc' dir='ltr'><em>σε</em></span> <span class='ocrx_word' id='word_1_54' title='bbox 225 773 247 868; x_wconf 76' lang='grc' dir='ltr'><strong><em>ἡ</em></strong></span> <span class='ocrx_word' id='word_1_55' title='bbox 271 776 414 866; x_wconf 79' lang='grc' dir='ltr'><em>ἀλήθεια</em></span> <span class='ocrx_word' id='word_1_56' title='bbox 437 776 560 868; x_wconf 81' lang='grc' dir='ltr'><em>αὐτοῦ,</em></span> <span class='ocrx_word' id='word_1_57' title='bbox 586 777 628 850; x_wconf 89' lang='grc' dir='ltr'><em>οῦ</em></span> <span class='ocrx_word' id='word_1_58' title='bbox 650 777 832 869; x_wconf 82' lang='grc' dir='ltr'><em>φοβηθήση</em></span> <span class='ocrx_word' id='word_1_59' title='bbox 856 774 920 849; x_wconf 84' lang='grc' dir='ltr'><em>άπὸ</em></span> <span class='ocrx_word' id='word_1_60' title='bbox 945 775 1055 866; x_wconf 86' lang='grc' dir='ltr'><em>φόβου</em></span> 
     </span>
     <span class='ocr_line' id='line_1_8' title="bbox 86 875 1056 970; baseline -0.004 -18"><span class='ocrx_word' id='word_1_61' title='bbox 86 885 302 970; x_wconf 78' lang='grc' dir='ltr'><em>νυκτερινοῦ,</em></span> <span class='ocrx_word' id='word_1_62' title='bbox 320 877 385 951; x_wconf 85' lang='grc' dir='ltr'><em>άπὸ</em></span> <span class='ocrx_word' id='word_1_63' title='bbox 403 883 720 970; x_wconf 85' lang='grc' dir='ltr'><em>βέλοοςπετομένου</em></span> <span class='ocrx_word' id='word_1_64' title='bbox 737 875 872 970; x_wconf 84' lang='grc' dir='ltr'><em>ἡμέρας,</em></span> <span class='ocrx_word' id='word_1_65' title='bbox 890 875 955 949; x_wconf 87' lang='grc' dir='ltr'><em>άπὸ</em></span> <span class='ocrx_word' id='word_1_66' title='bbox 973 877 1056 968; x_wconf 92' lang='grc' dir='ltr'><em>πρά-</em></span> 
     </span>
     <span class='ocr_line' id='line_1_9' title="bbox 86 978 1056 1072; baseline -0.002 -20"><span class='ocrx_word' id='word_1_67' title='bbox 86 1010 209 1071; x_wconf 78' lang='grc' dir='ltr'><em>γματος</em></span> <span class='ocrx_word' id='word_1_68' title='bbox 228 986 513 1072; x_wconf 78' lang='grc' dir='ltr'><em>διαπορευομένου</em></span> <span class='ocrx_word' id='word_1_69' title='bbox 532 985 568 1053; x_wconf 82' lang='grc' dir='ltr'><em>ἐν</em></span> <span class='ocrx_word' id='word_1_70' title='bbox 586 980 713 1070; x_wconf 85' lang='grc' dir='ltr'><em>σκότει,</em></span> <span class='ocrx_word' id='word_1_71' title='bbox 732 980 798 1053; x_wconf 87' lang='grc' dir='ltr'><em>άπό</em></span> <span class='ocrx_word' id='word_1_72' title='bbox 815 978 1056 1071; x_wconf 73' lang='grc' dir='ltr'><em>συμπτώματος</em></span> 
     </span>
     <span class='ocr_line' id='line_1_10' title="bbox 88 1086 1057 1173; baseline -0.002 -19"><span class='ocrx_word' id='word_1_73' title='bbox 88 1086 143 1154; x_wconf 82' lang='grc' dir='ltr'><em>’καί</em></span> <span class='ocrx_word' id='word_1_74' title='bbox 162 1090 337 1172; x_wconf 76' lang='grc' dir='ltr'><em>δαιμονίου</em></span> <span class='ocrx_word' id='word_1_75' title='bbox 354 1087 592 1173; x_wconf 75' lang='grc' dir='ltr'><em>μεσημβρινοῦ.</em></span> <span class='ocrx_word' id='word_1_76' title='bbox 629 1099 778 1154; x_wconf 69' lang='grc' dir='ltr'><em>πεσεῖται</em></span> <span class='ocrx_word' id='word_1_77' title='bbox 797 1087 833 1153; x_wconf 81' lang='grc' dir='ltr'><em>ἐκ</em></span> <span class='ocrx_word' id='word_1_78' title='bbox 846 1090 907 1154; x_wconf 92' lang='grc' dir='ltr'><em>τοῦ</em></span> <span class='ocrx_word' id='word_1_79' title='bbox 926 1089 1057 1163; x_wconf 88' lang='grc' dir='ltr'><em>κλίτους</em></span> 
     </span>
     <span class='ocr_line' id='line_1_11' title="bbox 49 1182 1057 1272; baseline -0.003 -16"><span class='ocrx_word' id='word_1_80' title='bbox 49 1218 74 1257; x_wconf 83' lang='grc' dir='ltr'><em>ιο</em></span> <span class='ocrx_word' id='word_1_81' title='bbox 88 1207 150 1254; x_wconf 87' lang='grc' dir='ltr'><em>σου</em></span> <span class='ocrx_word' id='word_1_82' title='bbox 167 1182 285 1272; x_wconf 86' lang='grc' dir='ltr'><em>χιλιάς,</em></span> <span class='ocrx_word' id='word_1_83' title='bbox 303 1184 359 1253; x_wconf 84' lang='grc' dir='ltr'><em>καί</em></span> <span class='ocrx_word' id='word_1_84' title='bbox 376 1182 497 1272; x_wconf 84' lang='grc' dir='ltr'><em>μνριάς</em></span> <span class='ocrx_word' id='word_1_85' title='bbox 511 1187 548 1253; x_wconf 84' lang='grc' dir='ltr'><em>ἐκ</em></span> <span class='ocrx_word' id='word_1_86' title='bbox 563 1187 681 1267; x_wconf 73' lang='grc' dir='ltr'><em>δεξιάν</em></span> <span class='ocrx_word' id='word_1_87' title='bbox 694 1206 768 1272; x_wconf 91' lang='grc' dir='ltr'><em>σου,</em></span> <span class='ocrx_word' id='word_1_88' title='bbox 787 1182 869 1272; x_wconf 85' lang='grc' dir='ltr'><em>πρός</em></span> <span class='ocrx_word' id='word_1_89' title='bbox 888 1185 925 1255; x_wconf 77' lang='grc' dir='ltr'><em>σέ</em></span> <span class='ocrx_word' id='word_1_90' title='bbox 945 1186 981 1254; x_wconf 76' lang='grc' dir='ltr'><em>δέ</em></span> <span class='ocrx_word' id='word_1_91' title='bbox 994 1182 1057 1253; x_wconf 88' lang='grc' dir='ltr'><em>οῦκ</em></span> 
     </span>
     <span class='ocr_line' id='line_1_12' title="bbox 88 1282 1057 1374; baseline -0.002 -18"><span class='ocrx_word' id='word_1_92' title='bbox 88 1290 198 1373; x_wconf 54' lang='lat' dir='ltr'><em>gynet.</em></span> <span class='ocrx_word' id='word_1_93' title='bbox 240 1284 329 1374; x_wconf 83' lang='grc' dir='ltr'><em>πλην</em></span> <span class='ocrx_word' id='word_1_94' title='bbox 351 1300 420 1364; x_wconf 76' lang='grc' dir='ltr'><em>τοῖς</em></span> <span class='ocrx_word' id='word_1_95' title='bbox 443 1282 632 1374; x_wconf 77' lang='grc' dir='ltr'><em>ὀφθαλμοῖς</em></span> <span class='ocrx_word' id='word_1_96' title='bbox 654 1306 717 1356; x_wconf 80' lang='grc' dir='ltr'><em>σου</em></span> <span class='ocrx_word' id='word_1_97' title='bbox 739 1284 973 1374; x_wconf 84' lang='grc' dir='ltr'><em>κατανοήσεις,</em></span> <span class='ocrx_word' id='word_1_98' title='bbox 1001 1289 1057 1354; x_wconf 85' lang='grc' dir='ltr'><em>καὶ</em></span> 
     </span>
     <span class='ocr_line' id='line_1_13' title="bbox 87 1379 1081 1477; baseline 0.001 -22"><span class='ocrx_word' id='word_1_99' title='bbox 87 1382 313 1456; x_wconf 78' lang='grc' dir='ltr'><em>ἀνταπόδοσιν</em></span> <span class='ocrx_word' id='word_1_100' title='bbox 326 1379 532 1476; x_wconf 76' lang='grc' dir='ltr'><em>ἁμαρτωλῶν</em></span> <span class='ocrx_word' id='word_1_101' title='bbox 544 1383 629 1470; x_wconf 75' lang='grc' dir='ltr'><em>ῦψει.</em></span> <span class='ocrx_word' id='word_1_102' title='bbox 665 1384 716 1456; x_wconf 84' lang='grc' dir='ltr'><em>δτι</em></span> <span class='ocrx_word' id='word_1_103' title='bbox 730 1384 783 1475; x_wconf 88' lang='grc' dir='ltr'><em>σῦ,</em></span> <span class='ocrx_word' id='word_1_104' title='bbox 803 1383 910 1477; x_wconf 87' lang='grc' dir='ltr'><em>κῦριε,</em></span> <span class='ocrx_word' id='word_1_105' title='bbox 927 1384 948 1473; x_wconf 81' lang='grc' dir='ltr'><em>ἡ</em></span> <span class='ocrx_word' id='word_1_106' title='bbox 964 1389 1057 1466; x_wconf 83' lang='grc' dir='ltr'><em>ἐλπίς</em></span> <span class='ocrx_word' id='word_1_107' title='bbox 1070 1430 1081 1456; x_wconf 76' lang='lat'><strong>0</strong></span> 
     </span>
     <span class='ocr_line' id='line_1_14' title="bbox 87 1483 1056 1577; baseline 0 -21"><span class='ocrx_word' id='word_1_108' title='bbox 87 1512 168 1575; x_wconf 88' lang='grc' dir='ltr'><em>μου,</em></span> <span class='ocrx_word' id='word_1_109' title='bbox 194 1483 255 1557; x_wconf 86' lang='grc' dir='ltr'><em>τόν</em></span> <span class='ocrx_word' id='word_1_110' title='bbox 277 1483 420 1571; x_wconf 75' lang='grc' dir='ltr'><em>ὕψιστον</em></span> <span class='ocrx_word' id='word_1_111' title='bbox 443 1495 527 1557; x_wconf 77' lang='grc' dir='ltr'><em>ἔθου</em></span> <span class='ocrx_word' id='word_1_112' title='bbox 549 1484 748 1577; x_wconf 79' lang='grc' dir='ltr'><em>καταφυγήν</em></span> <span class='ocrx_word' id='word_1_113' title='bbox 766 1509 838 1558; x_wconf 87' lang='grc' dir='ltr'><em>σου.</em></span> <span class='ocrx_word' id='word_1_114' title='bbox 875 1483 916 1558; x_wconf 87' lang='grc' dir='ltr'><em>οῦ</em></span> <span class='ocrx_word' id='word_1_115' title='bbox 934 1509 1056 1576; x_wconf 86' lang='grc' dir='ltr'><em>προσε-</em></span> 
     </span>
     <span class='ocr_line' id='line_1_15' title="bbox 88 1585 1056 1681; baseline -0.001 -24"><span class='ocrx_word' id='word_1_116' title='bbox 88 1585 239 1658; x_wconf 89' lang='grc' dir='ltr'><em>λεῦσεται</em></span> <span class='ocrx_word' id='word_1_117' title='bbox 265 1585 347 1677; x_wconf 82' lang='grc' dir='ltr'><em>πρὸς</em></span> <span class='ocrx_word' id='word_1_118' title='bbox 369 1588 412 1679; x_wconf 74' lang='grc' dir='ltr'><em>’σὲ</em></span> <span class='ocrx_word' id='word_1_119' title='bbox 438 1587 549 1676; x_wconf 82' lang='grc' dir='ltr'><em>κακά,</em></span> <span class='ocrx_word' id='word_1_120' title='bbox 564 1591 624 1658; x_wconf 71' lang='grc' dir='ltr'><em>’καὶ</em></span> <span class='ocrx_word' id='word_1_121' title='bbox 649 1587 767 1678; x_wconf 84' lang='grc' dir='ltr'><em>μάστιξ</em></span> <span class='ocrx_word' id='word_1_122' title='bbox 794 1586 857 1659; x_wconf 85' lang='grc' dir='ltr'><em>οῦκ</em></span> <span class='ocrx_word' id='word_1_123' title='bbox 884 1594 990 1677; x_wconf 78' lang='grc' dir='ltr'><em>ένγιεί</em></span> <span class='ocrx_word' id='word_1_124' title='bbox 1010 1594 1056 1681; x_wconf 77' lang='grc' dir='ltr'><em>τῷ</em></span> 
     </span>
     <span class='ocr_line' id='line_1_16' title="bbox 49 1683 1057 1787; baseline -0.002 -27"><span class='ocrx_word' id='word_1_125' title='bbox 49 1721 74 1760; x_wconf 82' lang='grc' dir='ltr'><em>ιτ</em></span> <span class='ocrx_word' id='word_1_126' title='bbox 87 1687 281 1778; x_wconf 79' lang='grc' dir='ltr'><em>σκηνάματί</em></span> <span class='ocrx_word' id='word_1_127' title='bbox 291 1683 362 1760; x_wconf 88' lang='grc' dir='ltr'><em>σου.</em></span> <span class='ocrx_word' id='word_1_128' title='bbox 394 1694 424 1760; x_wconf 86' lang='grc'><em>3.</em></span> <span class='ocrx_word' id='word_1_129' title='bbox 440 1685 496 1787; x_wconf 80' lang='grc' dir='ltr'><em>ότι</em></span> <span class='ocrx_word' id='word_1_130' title='bbox 510 1705 579 1771; x_wconf 80' lang='grc' dir='ltr'><em>τοῖς</em></span> <span class='ocrx_word' id='word_1_131' title='bbox 593 1685 744 1778; x_wconf 79' lang='grc' dir='ltr'><em>άννέλοις</em></span> <span class='ocrx_word' id='word_1_132' title='bbox 758 1688 863 1760; x_wconf 83' lang='grc' dir='ltr'><em>αὑτοῦ</em></span> <span class='ocrx_word' id='word_1_133' title='bbox 878 1694 1057 1760; x_wconf 78' lang='grc' dir='ltr'><em>ἐντελεῖται</em></span> 
     </span>
     <span class='ocr_line' id='line_1_17' title="bbox 88 1788 1056 1881; baseline 0 -21"><span class='ocrx_word' id='word_1_134' title='bbox 88 1793 165 1881; x_wconf 80' lang='grc' dir='ltr'><em>περὶ</em></span> <span class='ocrx_word' id='word_1_135' title='bbox 191 1797 270 1878; x_wconf 90' lang='grc' dir='ltr'><em>σοῦ,</em></span> <span class='ocrx_word' id='word_1_136' title='bbox 296 1792 358 1861; x_wconf 91' lang='grc' dir='ltr'><em>τοῦ</em></span> <span class='ocrx_word' id='word_1_137' title='bbox 382 1788 585 1879; x_wconf 77' lang='grc' dir='ltr'><em>διαφυλάξαι</em></span> <span class='ocrx_word' id='word_1_138' title='bbox 612 1813 650 1862; x_wconf 81' lang='grc' dir='ltr'><em>σε</em></span> <span class='ocrx_word' id='word_1_139' title='bbox 674 1795 712 1862; x_wconf 84' lang='grc' dir='ltr'><em>έν</em></span> <span class='ocrx_word' id='word_1_140' title='bbox 734 1789 856 1874; x_wconf 85' lang='grc' dir='ltr'><em>πάσαις</em></span> <span class='ocrx_word' id='word_1_141' title='bbox 873 1808 946 1871; x_wconf 80' lang='grc' dir='ltr'><em>ταῖς</em></span> <span class='ocrx_word' id='word_1_142' title='bbox 964 1790 1056 1870; x_wconf 77' lang='grc' dir='ltr'><em>ὁδοῖς</em></span> 
     </span>
     <span class='ocr_line' id='line_1_18' title="bbox 87 1888 1057 1991; baseline -0.002 -28"><span class='ocrx_word' id='word_1_143' title='bbox 87 1915 159 1964; x_wconf 91' lang='grc' dir='ltr'><em>σου.</em></span> <span class='ocrx_word' id='word_1_144' title='bbox 197 1895 251 1962; x_wconf 84' lang='grc' dir='ltr'><em>έπί</em></span> <span class='ocrx_word' id='word_1_145' title='bbox 268 1899 390 1983; x_wconf 79' lang='grc' dir='ltr'><em>χειρῶν</em></span> <span class='ocrx_word' id='word_1_146' title='bbox 407 1888 527 1981; x_wconf 86' lang='grc' dir='ltr'><em>άροῦσί</em></span> <span class='ocrx_word' id='word_1_147' title='bbox 539 1917 594 1982; x_wconf 87' lang='grc' dir='ltr'><em>σε,</em></span> <span class='ocrx_word' id='word_1_148' title='bbox 612 1891 658 1983; x_wconf 76' lang='grc' dir='ltr'><em>μή</em></span> <span class='ocrx_word' id='word_1_149' title='bbox 668 1901 747 1964; x_wconf 82' lang='grc' dir='ltr'><em>ποτε</em></span> <span class='ocrx_word' id='word_1_150' title='bbox 764 1891 957 1991; x_wconf 73' lang='grc' dir='ltr'><em>προσκόψῃς</em></span> <span class='ocrx_word' id='word_1_151' title='bbox 974 1889 1057 1980; x_wconf 82' lang='grc' dir='ltr'><em>πρὸς</em></span> 
     </span>
     <span class='ocr_line' id='line_1_19' title="bbox 87 1992 1056 2084; baseline 0 -21"><span class='ocrx_word' id='word_1_152' title='bbox 87 2002 188 2064; x_wconf 92' lang='grc' dir='ltr'><em>λίθον</em></span> <span class='ocrx_word' id='word_1_153' title='bbox 205 1993 264 2065; x_wconf 86' lang='grc' dir='ltr'><em>τὸν</em></span> <span class='ocrx_word' id='word_1_154' title='bbox 280 1992 368 2065; x_wconf 90' lang='grc' dir='ltr'><em>πόδα</em></span> <span class='ocrx_word' id='word_1_155' title='bbox 381 2015 458 2065; x_wconf 87' lang='grc' dir='ltr'><em>σου.</em></span> <span class='ocrx_word' id='word_1_156' title='bbox 495 1997 550 2065; x_wconf 78' lang='grc' dir='ltr'><em>ἐπὶ</em></span> <span class='ocrx_word' id='word_1_157' title='bbox 567 1993 695 2066; x_wconf 83' lang='grc' dir='ltr'><em>ἀσπίδα</em></span> <span class='ocrx_word' id='word_1_158' title='bbox 707 1998 764 2065; x_wconf 83' lang='grc' dir='ltr'><em>καὶ</em></span> <span class='ocrx_word' id='word_1_159' title='bbox 777 2002 974 2084; x_wconf 87' lang='grc' dir='ltr'><em>βασιλίσκον</em></span> <span class='ocrx_word' id='word_1_160' title='bbox 989 1996 1056 2063; x_wconf 82' lang='grc' dir='ltr'><em>ἐπι-</em></span> 
     </span>
     <span class='ocr_line' id='line_1_20' title="bbox 87 2091 1004 2186; baseline -0.001 -22"><span class='ocrx_word' id='word_1_161' title='bbox 87 2093 194 2183; x_wconf 80' lang='grc' dir='ltr'><em>βήση,</em></span> <span class='ocrx_word' id='word_1_162' title='bbox 213 2097 269 2164; x_wconf 83' lang='grc' dir='ltr'><em>καί</em></span> <span class='ocrx_word' id='word_1_163' title='bbox 286 2094 527 2183; x_wconf 82' lang='grc' dir='ltr'><em>καταπατήσεις</em></span> <span class='ocrx_word' id='word_1_164' title='bbox 544 2097 662 2166; x_wconf 85' lang='grc' dir='ltr'><em>λέοντα</em></span> <span class='ocrx_word' id='word_1_165' title='bbox 680 2100 736 2167; x_wconf 82' lang='grc' dir='ltr'><em>καί</em></span> <span class='ocrx_word' id='word_1_166' title='bbox 754 2091 953 2186; x_wconf 89' lang='grc' dir='ltr'><em>δράκοντα.”</em></span> <span class='ocrx_word' id='word_1_167' title='bbox 1001 2158 1004 2163; x_wconf 88' lang='grc'><em>,</em></span> 
     </span>
     <span class='ocr_line' id='line_1_21' title="bbox 49 2189 1057 2286; baseline 0.004 -24"><span class='ocrx_word' id='word_1_168' title='bbox 49 2224 75 2264; x_wconf 81' lang='grc' dir='ltr'><em>εο</em></span> <span class='ocrx_word' id='word_1_169' title='bbox 165 2199 194 2262; x_wconf 83' lang='grc'><em>4.</em></span> <span class='ocrx_word' id='word_1_170' title='bbox 220 2189 254 2265; x_wconf 89' lang='lat'><em>‘0</em></span> <span class='ocrx_word' id='word_1_171' title='bbox 280 2195 389 2283; x_wconf 77' lang='grc' dir='ltr'><em>σωτὴρ</em></span> <span class='ocrx_word' id='word_1_172' title='bbox 408 2198 464 2265; x_wconf 81' lang='grc' dir='ltr'><em>καί</em></span> <span class='ocrx_word' id='word_1_173' title='bbox 489 2192 604 2281; x_wconf 87' lang='grc' dir='ltr'><em>κῦριος</em></span> <span class='ocrx_word' id='word_1_174' title='bbox 622 2193 718 2284; x_wconf 76' lang='grc' dir='ltr'><em>ἡμῶν</em></span> <span class='ocrx_word' id='word_1_175' title='bbox 731 2195 860 2285; x_wconf 87' lang='grc' dir='ltr'><em>Ἰησοῦς</em></span> <span class='ocrx_word' id='word_1_176' title='bbox 877 2193 894 2266; x_wconf 85' lang='grc' dir='ltr'><em>ό</em></span> <span class='ocrx_word' id='word_1_177' title='bbox 914 2194 1057 2286; x_wconf 84' lang='grc' dir='ltr'><em>Χριστός</em></span> 
     </span>
     <span class='ocr_line' id='line_1_22' title="bbox 87 2291 1056 2386; baseline 0.004 -24"><span class='ocrx_word' id='word_1_178' title='bbox 87 2299 146 2362; x_wconf 84' lang='grc' dir='ltr'><em>τοῦ</em></span> <span class='ocrx_word' id='word_1_179' title='bbox 171 2297 274 2380; x_wconf 90' lang='grc' dir='ltr'><em>θεοῦ,</em></span> <span class='ocrx_word' id='word_1_180' title='bbox 299 2293 379 2364; x_wconf 90' lang='grc' dir='ltr'><em>καθ’</em></span> <span class='ocrx_word' id='word_1_181' title='bbox 406 2291 656 2383; x_wconf 75' lang='grc' dir='ltr'><em>δένηνθροόπει</em></span> <span class='ocrx_word' id='word_1_182' title='bbox 677 2294 935 2386; x_wconf 81' lang='grc' dir='ltr'><em>ἐπινοοῦμενος,</em></span> <span class='ocrx_word' id='word_1_183' title='bbox 963 2292 1056 2366; x_wconf 86' lang='grc' dir='ltr'><em>όκα·</em></span> 
     </span>
     <span class='ocr_line' id='line_1_23' title="bbox 87 2391 1085 2487; baseline 0.005 -25"><span class='ocrx_word' id='word_1_184' title='bbox 87 2400 208 2465; x_wconf 80' lang='grc' dir='ltr'><em>τοικων</em></span> <span class='ocrx_word' id='word_1_185' title='bbox 231 2397 362 2482; x_wconf 79' lang='grc' dir='ltr'><em>λέγεται</em></span> <span class='ocrx_word' id='word_1_186' title='bbox 387 2398 425 2464; x_wconf 86' lang='grc' dir='ltr'><em>έν</em></span> <span class='ocrx_word' id='word_1_187' title='bbox 442 2402 598 2487; x_wconf 70' lang='grc' dir='ltr'><em>βοηθείηί</em></span> <span class='ocrx_word' id='word_1_188' title='bbox 610 2399 676 2466; x_wconf 88' lang='grc' dir='ltr'><em>τοῦ</em></span> <span class='ocrx_word' id='word_1_189' title='bbox 694 2391 860 2484; x_wconf 77' lang='grc' dir='ltr'><em>ῦψίστον,</em></span> <span class='ocrx_word' id='word_1_190' title='bbox 886 2401 923 2466; x_wconf 87' lang='grc' dir='ltr'><em>έν</em></span> <span class='ocrx_word' id='word_1_191' title='bbox 947 2399 1085 2486; x_wconf 77' lang='grc' dir='ltr'><em>σκέπηε</em></span> 
     </span>
     <span class='ocr_line' id='line_1_24' title="bbox 87 2485 1056 2587; baseline 0.001 -22"><span class='ocrx_word' id='word_1_192' title='bbox 87 2499 148 2566; x_wconf 89' lang='grc' dir='ltr'><em>τοῦ</em></span> <span class='ocrx_word' id='word_1_193' title='bbox 164 2502 249 2567; x_wconf 85' lang='grc' dir='ltr'><em>θεοῦ</em></span> <span class='ocrx_word' id='word_1_194' title='bbox 267 2498 323 2565; x_wconf 84' lang='grc' dir='ltr'><em>καὶ</em></span> <span class='ocrx_word' id='word_1_195' title='bbox 340 2494 464 2587; x_wconf 86' lang='grc' dir='ltr'><em>πατρός</em></span> <span class='ocrx_word' id='word_1_196' title='bbox 484 2494 704 2586; x_wconf 79' lang='grc' dir='ltr'><em>αὐλιζόμενος.</em></span> <span class='ocrx_word' id='word_1_197' title='bbox 741 2487 837 2578; x_wconf 83' lang='grc' dir='ltr'><em>οὗτος</em></span> <span class='ocrx_word' id='word_1_198' title='bbox 853 2496 895 2585; x_wconf 88' lang='grc' dir='ltr'><em>δὴ</em></span> <span class='ocrx_word' id='word_1_199' title='bbox 914 2485 977 2566; x_wconf 89' lang='grc' dir='ltr'><em>οῦν</em></span> <span class='ocrx_word' id='word_1_200' title='bbox 995 2495 1056 2585; x_wconf 90' lang='grc' dir='ltr'><em>μό-</em></span> 
     </span>
     <span class='ocr_line' id='line_1_25' title="bbox 62 2594 1056 2692; baseline 0 -25"><span class='ocrx_word' id='word_1_201' title='bbox 62 2678 65 2684; x_wconf 38' lang='grc'><em>,</em></span> <span class='ocrx_word' id='word_1_202' title='bbox 89 2625 150 2667; x_wconf 94' lang='grc' dir='ltr'><em>νον</em></span> <span class='ocrx_word' id='word_1_203' title='bbox 173 2595 231 2668; x_wconf 84' lang='grc' dir='ltr'><em>τόν</em></span> <span class='ocrx_word' id='word_1_204' title='bbox 253 2600 379 2689; x_wconf 77' lang='grc' dir='ltr'><em>πατέρα</em></span> <span class='ocrx_word' id='word_1_205' title='bbox 401 2601 458 2668; x_wconf 83' lang='grc' dir='ltr'><em>καὶ</em></span> <span class='ocrx_word' id='word_1_206' title='bbox 482 2594 559 2670; x_wconf 80' lang='grc' dir='ltr'><em>οὐδ’</em></span> <span class='ocrx_word' id='word_1_207' title='bbox 586 2601 700 2689; x_wconf 79' lang='grc' dir='ltr'><em>ἕτερον</em></span> <span class='ocrx_word' id='word_1_208' title='bbox 723 2595 924 2688; x_wconf 76' lang='grc' dir='ltr'><em>καταφυγὴν</em></span> <span class='ocrx_word' id='word_1_209' title='bbox 950 2601 987 2667; x_wconf 83' lang='grc' dir='ltr'><em>ἐν</em></span> <span class='ocrx_word' id='word_1_210' title='bbox 1011 2603 1056 2692; x_wconf 81' lang='grc' dir='ltr'><em>τῷ</em></span> 
     </span>
     <span class='ocr_line' id='line_1_26' title="bbox 48 2699 1057 2793; baseline -0.001 -23"><span class='ocrx_word' id='word_1_211' title='bbox 48 2730 76 2772; x_wconf 77' lang='grc' dir='ltr'><em>το</em></span> <span class='ocrx_word' id='word_1_212' title='bbox 89 2705 195 2793; x_wconf 75' lang='grc' dir='ltr'><em>καιρῷ</em></span> <span class='ocrx_word' id='word_1_213' title='bbox 212 2703 272 2769; x_wconf 93' lang='grc' dir='ltr'><em>τοῦ</em></span> <span class='ocrx_word' id='word_1_214' title='bbox 290 2699 373 2770; x_wconf 87' lang='grc' dir='ltr'><em>κατά</em></span> <span class='ocrx_word' id='word_1_215' title='bbox 391 2699 449 2772; x_wconf 88' lang='grc' dir='ltr'><em>τδν</em></span> <span class='ocrx_word' id='word_1_216' title='bbox 469 2700 629 2791; x_wconf 89' lang='grc' dir='ltr'><em>διάβολον</em></span> <span class='ocrx_word' id='word_1_217' title='bbox 646 2703 834 2792; x_wconf 85' lang='grc' dir='ltr'><em>πειρασμοῦ</em></span> <span class='ocrx_word' id='word_1_218' title='bbox 858 2703 1057 2789; x_wconf 82' lang='grc' dir='ltr'><em>κεκτημένος</em></span> 
     </span>
     <span class='ocr_line' id='line_1_27' title="bbox 89 2799 1058 2892; baseline 0.002 -22"><span class='ocrx_word' id='word_1_219' title='bbox 89 2799 241 2891; x_wconf 76' lang='grc' dir='ltr'><em>ε’ρρῦσθη</em></span> <span class='ocrx_word' id='word_1_220' title='bbox 265 2801 345 2872; x_wconf 75' lang='grc' dir='ltr'><em>ποτέ</em></span> <span class='ocrx_word' id='word_1_221' title='bbox 366 2805 409 2873; x_wconf 84' lang='grc' dir='ltr'><em>·“·έκ</em></span> <span class='ocrx_word' id='word_1_222' title='bbox 439 2806 508 2873; x_wconf 76' lang='grc' dir='ltr'><em>τοῖν</em></span> <span class='ocrx_word' id='word_1_223' title='bbox 538 2809 694 2892; x_wconf 78' lang='grc' dir='ltr'><em>πανίδων</em></span> <span class='ocrx_word' id='word_1_224' title='bbox 724 2810 793 2873; x_wconf 79' lang='grc' dir='ltr'><em>τῶν</em></span> <span class='ocrx_word' id='word_1_225' title='bbox 817 2800 1058 2892; x_wconf 85' lang='grc' dir='ltr'><em>άντικειμένων</em></span> 
     </span>
     <span class='ocr_line' id='line_1_28' title="bbox 89 2900 1056 2995; baseline 0.001 -23"><span class='ocrx_word' id='word_1_226' title='bbox 89 2901 284 2992; x_wconf 83' lang='grc' dir='ltr'><em>δυνάμεων,</em></span> <span class='ocrx_word' id='word_1_227' title='bbox 307 2905 487 2992; x_wconf 71' lang='grc' dir='ltr'><em>θηρευτόν</em></span> <span class='ocrx_word' id='word_1_228' title='bbox 508 2911 575 2974; x_wconf 94' lang='grc' dir='ltr'><em>νῦν</em></span> <span class='ocrx_word' id='word_1_229' title='bbox 597 2901 867 2995; x_wconf 81' lang='grc' dir='ltr'><em>ὀνομαζομένων,</em></span> <span class='ocrx_word' id='word_1_230' title='bbox 900 2900 1056 2993; x_wconf 86' lang='grc' dir='ltr'><em>ὁπηνίκα,</em></span> 
     </span>
     <span class='ocr_line' id='line_1_29' title="bbox 88 2999 1057 3095; baseline 0.002 -23"><span class='ocrx_word' id='word_1_231' title='bbox 88 2999 144 3073; x_wconf 88' lang='grc' dir='ltr'><em>οίά</em></span> <span class='ocrx_word' id='word_1_232' title='bbox 164 3017 214 3084; x_wconf 80' lang='grc' dir='ltr'><em>τις</em></span> <span class='ocrx_word' id='word_1_233' title='bbox 237 3001 348 3083; x_wconf 84' lang='grc' dir='ltr'><em>κοινὸς</em></span> <span class='ocrx_word' id='word_1_234' title='bbox 370 3000 551 3093; x_wconf 79' lang='grc' dir='ltr'><em>ἄνθρωπος</em></span> <span class='ocrx_word' id='word_1_235' title='bbox 571 3000 728 3094; x_wconf 74' lang='grc' dir='ltr'><em>“άνήχθη</em></span> <span class='ocrx_word' id='word_1_236' title='bbox 760 3012 808 3087; x_wconf 86' lang='grc' dir='ltr'><em>είς</em></span> <span class='ocrx_word' id='word_1_237' title='bbox 832 3003 893 3094; x_wconf 78' lang='grc' dir='ltr'><em>τὴν</em></span> <span class='ocrx_word' id='word_1_238' title='bbox 922 3014 1057 3095; x_wconf 79' lang='grc' dir='ltr'><em>ἔρημον,</em></span> 
     </span>
     <span class='ocr_line' id='line_1_30' title="bbox 89 3096 1057 3198; baseline 0 -24"><span class='ocrx_word' id='word_1_239' title='bbox 89 3107 316 3194; x_wconf 77' lang='grc' dir='ltr'><em>πειρασθῆναι</em></span> <span class='ocrx_word' id='word_1_240' title='bbox 332 3098 398 3174; x_wconf 86' lang='grc' dir='ltr'><em>ῦπὸ</em></span> <span class='ocrx_word' id='word_1_241' title='bbox 416 3108 478 3174; x_wconf 90' lang='grc' dir='ltr'><em>τοῦ</em></span> <span class='ocrx_word' id='word_1_242' title='bbox 496 3103 675 3194; x_wconf 88' lang='grc' dir='ltr'><em>διαβόλου,</em></span> <span class='ocrx_word' id='word_1_243' title='bbox 695 3108 751 3176; x_wconf 83' lang='grc' dir='ltr'><em>καὶ</em></span> <span class='ocrx_word' id='word_1_244' title='bbox 769 3096 813 3195; x_wconf 79' lang='grc' dir='ltr'><em>ἦν</em></span> <span class='ocrx_word' id='word_1_245' title='bbox 832 3109 869 3178; x_wconf 83' lang='grc' dir='ltr'><em>έν</em></span> <span class='ocrx_word' id='word_1_246' title='bbox 886 3110 926 3195; x_wconf 76' lang='grc' dir='ltr'><em>τῇ</em></span> <span class='ocrx_word' id='word_1_247' title='bbox 946 3104 1057 3198; x_wconf 78' lang='grc' dir='ltr'><em>ἐρήμῳ</em></span> 
     </span>
     <span class='ocr_line' id='line_1_31' title="bbox 51 3200 1057 3297; baseline -0.003 -20"><span class='ocrx_word' id='word_1_248' title='bbox 51 3235 77 3277; x_wconf 82' lang='grc' dir='ltr'><em>ω</em></span> <span class='ocrx_word' id='word_1_249' title='bbox 90 3204 336 3293; x_wconf 89' lang='grc' dir='ltr'><em>τεσσαράκοντα</em></span> <span class='ocrx_word' id='word_1_250' title='bbox 353 3200 477 3295; x_wconf 76' lang='grc' dir='ltr'><em>ἡμέρας</em></span> <span class='ocrx_word' id='word_1_251' title='bbox 503 3208 559 3277; x_wconf 84' lang='grc' dir='ltr'><em>καί</em></span> <span class='ocrx_word' id='word_1_252' title='bbox 577 3205 826 3297; x_wconf 89' lang='grc' dir='ltr'><em>τεσσαράκοντα</em></span> <span class='ocrx_word' id='word_1_253' title='bbox 843 3204 968 3286; x_wconf 83' lang='grc' dir='ltr'><em>νῦκτας</em></span> <span class='ocrx_word' id='word_1_254' title='bbox 986 3232 1057 3276; x_wconf 88' lang='grc' dir='ltr'><em>πει-</em></span> 
     </span>
    </p>
   </div>
   <div class='ocr_carea' id='block_1_3' title="bbox 156 3418 620 3504">
    <p class='ocr_par' dir='ltr' id='par_1_3' title="bbox 156 3418 620 3504">
     <span class='ocr_line' id='line_1_32' title="bbox 156 3418 620 3504; baseline 0.006 -17"><span class='ocrx_word' id='word_1_255' title='bbox 156 3441 189 3490; x_wconf 85' lang='grc'><em>28</em></span> <span class='ocrx_word' id='word_1_256' title='bbox 207 3438 308 3489; x_wconf 76' lang='grc' dir='ltr'><em>Μολλλι.</em></span> <span class='ocrx_word' id='word_1_257' title='bbox 321 3440 347 3504; x_wconf 87' lang='grc'><em>4,</em></span> <span class='ocrx_word' id='word_1_258' title='bbox 363 3442 385 3491; x_wconf 83' lang='grc' dir='ltr'><em>λ.</em></span> <span class='ocrx_word' id='word_1_259' title='bbox 422 3439 509 3490; x_wconf 86' lang='lat' dir='ltr'><strong>Marc.</strong></span> <span class='ocrx_word' id='word_1_260' title='bbox 524 3441 548 3503; x_wconf 89' lang='lat'><em>1,</em></span> <span class='ocrx_word' id='word_1_261' title='bbox 563 3442 604 3490; x_wconf 88' lang='lat'><em>13.</em></span> <span class='ocrx_word' id='word_1_262' title='bbox 618 3418 620 3425; x_wconf 20' lang='grc' dir='ltr'><strong><em>Δ</em></strong></span> 
     </span>
    </p>
   </div>
   <div class='ocr_carea' id='block_1_4' title="bbox 0 0 1173 3818">
    <p class='ocr_par' dir='ltr' id='par_1_4' title="bbox 0 0 1173 3818">
     <span class='ocr_line' id='line_1_33' title="bbox 0 0 1173 3818; baseline 0 0"><span class='ocrx_word' id='word_1_263' title='bbox 0 0 1173 3818; x_wconf 95' lang='lat' dir='ltr'><em> </em></span> 
     </span>
    </p>
   </div>
  </div>
 </body>
</html>
