2326 3818
140 168 202 233 656
545 169 697 221 Ευεεεω

142 308 247 381 αὐτοῦ
265 315 311 391 είς
329 305 390 398 τὴν
415 297 600 381 θάλασσανΙ
615 307 676 398 την
700 305 855 398 πρωτην,
880 311 935 378 καὶ
954 305 990 378 τό
1008 305 1110 398 ἥμισυ

143 409 247 481 αὐτοῦ
266 418 311 492 είς
329 410 391 498 τὴν
409 409 587 481 θάλασσαν
610 410 673 499 τὴν
698 407 848 499 ἐσχάτην.
887 414 923 480 ίν
940 413 1037 499 θέρει
1056 412 1111 480 καὶ

102 550 103 553 “
144 518 180 583 έν
207 520 279 601 ἔαρι
303 519 395 583 ἔσται
421 509 536 594 οὕτως.
577 515 633 581 καὶ
651 518 742 582 ἔσται
767 510 881 601 κῦριος
907 518 954 593 είς
972 515 1112 599 βασιλέα

144 617 198 685 ἐπὶ
215 617 327 685 πᾶσαν
345 610 407 702 τὴν
425 618 497 702 γῆν.
525 617 561 682 έν
578 615 619 703 τῇ
635 607 742 705 ἡμέρα
761 617 873 704 ἐκείνη
889 621 979 682 ἔσται
998 611 1112 703 κῦριος

143 711 207 805 εἷς,
226 718 282 786 καὶ
300 712 337 785 τό
355 712 459 804 ὄνομα
478 711 583 784 αὐτοῦ
600 719 654 803 δν,
674 719 821 784 κυκλοῦν
838 717 951 784 πάσαν
968 712 1030 804 τὴν
1048 719 1136 805 γῆνε

142 820 198 887 καὶ
215 817 278 906 τὴν
295 812 454 908 ἔρημον.”

217 925 248 990 2.
274 920 341 989 Καὶ
371 922 476 989 ταῦτα
504 920 557 988 ἐπὶ
582 921 640 1007 τῆς
669 924 855 1008 παρουσίας
878 920 939 988 τοῦ
965 922 1114 1007 σωτῆρος

141 1015 236 1109 ἡμῶν
255 1023 456 1109 ἐπληροῦτο,
474 1014 517 1109 ἣν
535 1017 721 1108 ἐποιήσατο,
739 1015 811 1106 ἤτοι
828 1018 909 1108 μετά
927 1022 995 1089 τεόν
1014 1023 1114 1111 ίεροῐν

143 1117 339 1192 ἀποστόλων
362 1118 466 1191 αὑτοῦ
489 1124 545 1191 καὶ
569 1124 747 1210 μαθητῶν,
771 1114 893 1209 ἢμετά
915 1125 984 1190 τῶν
1007 1119 1113 1209 ἁγίων

116 1218 265 1311 εαῦτοῦ,
284 1230 391 1293 θείων
408 1227 511 1293 τινων
530 1221 708 1312 δυνάμεων
725 1224 781 1291 καὶ
805 1220 991 1311 ἀσωμάτων
1010 1250 1110 1293 πνευ
1127 1252 1151 1292 10

143 1322 273 1413 μάτων,
298 1319 450 1413 ἀγγέλων
470 1326 579 1395 τεκαὶ
598 1328 801 1412 λειτουργῶν
826 1321 947 1413 αὑτοῦ,
971 1328 1047 1415 περὶ
1067 1315 1114 1395 ὧν

143 1437 271 1514 είρηται
296 1428 333 1495 έν
356 1442 426 1508 τοῖς
458 1432 558 1516 έεροίς
586 1423 792 1514 εὐαγγελίοις
822 1421 873 1496 ότι
895 1420 1115 1516 ’προσῆλθον

143 1525 233 1620 αὐτῷ
252 1523 386 1616 ἀγγελοι
403 1530 460 1597 καὶ
478 1525 662 1614 διηκόνουν
679 1522 805 1621 αῦτῷ.”
841 1534 870 1599 3.
891 1527 974 1598 κατδι
999 1528 1035 1597 δὲ
1052 1521 1115 1617 την

142 1624 271 1718 ἡμέραν
296 1633 445 1718 έκείνην,
466 1625 569 1719 (οῦτω
594 1629 632 1700 δὲ
656 1636 758 1717 φίλον
781 1627 965 1699 ἀποκαλεῖν
981 1635 1022 1720 τῇ
1041 1634 1115 1722 ίερᾷ

142 1733 258 1819 γραφη
281 1728 389 1800 πάντα
413 1728 472 1800 τδν
501 1728 623 1820 χρόνον
645 1734 704 1819 της
734 1734 771 1801 έν
793 1727 987 1819 ἀνθρώποις
1012 1727 1115 1802 αῦτοῦ
1129 1757 1153 1801 ιε

145 1831 331 1921 διατριβῆς)
358 1835 541 1922 ἐπληροῦτο
566 1830 649 1922 μετά
673 1836 741 1902 τῶν
763 1829 875 1902 ἀλλων
893 1831 1115 1921 προρρήσεων

143 1936 199 2002 καὶ
217 1929 257 2001 τά
276 1937 312 2003 ἐν
329 1937 422 2023 χερσὶ
440 1936 698 2023 τεθεσπισμένα,
717 1929 862 2022 ὁπηνίκα
880 1932 969 2022 παρὰ
982 1931 1040 2002 τόν
1053 1937 1117 2003 τοῦ

144 2032 275 2114 πάθους
300 2033 404 2104 αὐτοῦ
429 2033 648 2124 καιρόν“ἀπδ
672 2032 760 2124 ὥρας
784 2039 879 2124 έκτης
903 2032 1018 2116 σκότος
1042 2038 1116 2122 έγέ-

144 2162 220 2204 υετο
253 2138 306 2204 ἐπὶ
337 2136 448 2205 πᾶσαν
471 2133 533 2224 την
563 2142 628 2227 γῆν
657 2140 719 2217 ἕως
750 2135 836 2226 ὥρας
869 2132 1016 2225 ἐνάτης.”
1063 2134 1116 2206 διό

145 2256 249 2326 φησιν
272 2234 292 2324 ἡ
318 2245 503 2327 προφητεία
534 2242 571 2308 έν
601 2243 641 2328 τῇ
666 2236 773 2331 ἡμέρᾳ
798 2243 909 2327 ἐκείνη
937 2234 998 2308 οῦκ
1023 2244 1152 2308 ἔσταιεο

144 2335 254 2427 φῶς.”
288 2342 344 2409 καὶ
358 2337 460 2410 πάλιν
472 2337 551 2409 “nal
570 2336 631 2430 οὐχ
650 2334 756 2429 ἡμέρα
774 2338 884 2411 καλοῦ
903 2336 964 2424 νῦξ
982 2338 1018 2410 τδ
1032 2337 1116 2430 πρὸς

146 2442 290 2531 ἑσπέραν
309 2449 400 2512 ἔσται
419 2437 526 2531 φως.”
571 2447 601 2513 4.
622 2437 671 2511 δι’
692 2432 740 2511 εῦν
764 2440 947 2512 λευκότατα
969 2437 1112 2531 ἡγοῦμαι

37 2605 40 2611 .
143 2543 205 2630 την
222 2546 283 2612 τοῦ
301 2546 420 2632 καιροῦ
437 2542 658 2630 κατάστασιν,
686 2547 723 2613 ἐν
743 2534 769 2635 ηδ
788 2548 847 2612 τοῦ
866 2550 1012 2633 σωτῆρος
1031 2541 1116 2614 ἀνυ-

78 2673 131 2725 μεε)
144 2647 317 2729 ψωθέντος
341 2647 397 2714 καὶ
423 2641 546 2735 ἡμέρας
569 2643 673 2733 οῦσης
691 2642 752 2725 νῦξ
775 2640 840 2714 ἀπὸ
859 2643 947 2734 ὥρας
966 2649 1060 2732 ἕκτης
1078 2643 1115 2715 τό

144 2747 298 2836 περιέχον
322 2749 462 2834 συνέσχε
485 2750 580 2835 μέχρι
603 2750 660 2835 τῆς
687 2744 820 2835 ἐνάτης,
844 2743 923 2836 μεθ’
948 2743 991 2834 ἣν
1015 2737 1115 2827 αὖθις
1129 2773 1155 2815 τε

144 2853 204 2916 τοῦ
241 2844 379 2927 σκότους
405 2853 634 2930 διαλείποντος
660 2846 767 2939 ἡμέρα
796 2851 852 2918 καὶ
877 2852 948 2938 φώς
976 2850 1115 2938 ἐγίνετο,

145 2944 227 3073 μεθ’
247 2943 268 3015 ἀ
286 2947 388 3018 πάλιν
415 2948 574 3039 συνήθως
596 2946 617 3073 η
642 2949 702 3033 νὺξ
726 2948 987 3076 κατελάμβαγεν.
1030 2946 1116 3040 άπερ

145 3047 162 3118 ὁ
180 3079 239 3138 της
256 3060 460 3140 προφητείας
474 3050 571 3140 λόγος
589 3048 738 3143 ηνίττετο
757 3050 898 3182 φάσκων
911 3045 1027 3121 ‘acal‘
1008 3054 1117 3143 ημέρα

146 3155 256 3240 ἐκείνη
270 3152 402 3281 γνφστὴ
416 3158 463 3247 τῷ
476 3162 622 3281 κυρίη),
606 3150 716 3224 καὶ’
676 3184 738 3244 ουχ
752 3184 772 3243 η
786 3156 870 3244 μέρα
884 3157 940 3224 καὶ
954 3183 993 3224 ου
984 3149 1114 3237 ’νὺξ
1080 3183 1116 3225 το

145 3250 226 3340 πρός
245 3256 390 3344 ἑσπέραν
409 3262 500 3326 ἔσται
519 3252 611 3346 φῶςῖ
614 3254 689 3327 ’5
710 3254 771 3345 οὐχ
788 3251 894 3349 ημέρα
897 3252 1031 3346 μέν
991 3284 1055 3345 γαρ
1073 3284 1117 3344 ην
1130 3283 1156 3326 οο

204 3489 221 3534 2
237 3487 342 3544 ωτιιε.
357 3491 381 3556 4,
396 3492 439 3545 11.
