2326 3818
132 147 196 212 62
389 140 392 146 “
535 147 685 200 Emmn

128 283 187 357 “τί
201 316 257 376 μοι
274 290 403 376 πλῆθος
420 290 489 358 τῦν
505 291 639 358 θνσιῦν
655 284 791 377 ῦμῦν;”
820 289 874 356 ἐπὶ
898 284 960 374 τὴν
978 293 1103 376 ἔρημον

103 430 115 458 0
133 393 193 459 τοῦ
207 384 375 479 Ἰορδάνου
388 391 602 478 μετατίθεικε
615 388 677 478 την
690 387 792 472 δόξαν
804 393 862 477 τῆς
875 387 1102 478 Ἰερουσαλὴμ,

131 494 190 579 της
207 519 269 561 κατ
271 486 504 579 ἐῦσίβειαν’
484 497 617 580 αγωγης
632 487 694 560 οῦκ
709 488 783 560 ἐπὶ’
782 489 1003 580 Ιερονσαλὴμ,
1023 487 1096 560 ἀλλ’

134 594 187 662 ἐπὶ
217 596 276 680 τῆς
307 589 432 716 ἐρήμου
462 601 699 663 συντελεῖσθαι
728 588 963 681 άρξαμίνης’
943 591 1008 661 απὸ
1034 596 1104 664 των

130 690 286 816 Ἰωάννου
316 692 456 784 χρόνων.
506 700 534 764 8.
555 690 714 774 ὡσαύτως
742 694 779 763 δε
809 691 908 763 καῖ’
891 724 912 783 η
935 692 1012 782 τιμὴ
1042 697 1129 764 τοῦτ

132 793 237 884 νόμον
254 799 323 864 τῶν
332 822 368 864 τε
382 792 453 864 κατ’
476 792 579 865 αὐτὸν
593 793 868 918 σωματικάτερον
880 808 1102 920 νενομοθετη-

131 899 244 985 μίνων
262 898 396 966 δίδοται
413 925 453 986 τη
443 894 583 989 ἐρήμην
600 923 661 966 τον
649 891 845 982 Ἰορδάνου
865 895 920 965 διά
938 893 1000 984 τὴν
1018 895 1103 966 ἀπο-

133 1003 297 1068 δοθεῖσαν
326 1003 454 1086 αίτίαν,
492 995 541 1067 ὅτι
571 994 683 1086 μηκέτ’
719 999 771 1066 ἐπὶ
802 997 864 1085 την
886 992 1102 1087 Ἰερουσαλὴμ

132 1099 365 1187 προσέφευγον
382 1103 417 1168 oc
431 1101 490 1187 της
507 1098 590 1168 κατά
608 1096 720 1188 ψυχὴν
737 1104 919 1185 θεραπείας
939 1098 1101 1189 δεόμενοι,

132 1195 216 1268 άλλά
235 1201 289 1269 ἐπὶ
305 1197 368 1288 τὴν
384 1198 630 1289 ὀνομαζομένην
648 1206 788 1290 ἔρημον,
806 1203 865 1288 τῆς
884 1204 920 1270 ἐν
939 1196 1023 1291 αῦτη
1041 1230 1103 1290 κη·
1117 1230 1141 1270 ιο

103 1303 333 1390 ορυττομάνης
356 1297 506 1391 άφίσεως
535 1309 603 1373 νῦν
629 1299 873 1391 ἁμαρτημάτων
904 1304 1026 1373 ἕνεκεν.
1072 1309 1101 1371 9.

132 1402 222 1492 οἶμαι
241 1403 279 1473 δὲ
296 1405 431 1473 καὶτοῦ
448 1408 595 1494 σωτηρος
612 1397 707 1492 ἡμων
724 1400 786 1492 τὴν
804 1405 859 1473 ἐπὶ
877 1400 913 1472 τό
931 1402 1102 1492 βάπτισμα

132 1511 321 1594 παρουσίαν
340 1508 529 1593 δηλοῦσθαι
543 1504 600 1575 διά
612 1511 672 1574 τοῦ
685 1502 765 1574 “aaz
783 1499 801 1574 6
815 1503 894 1585 λαός
907 1533 972 1593 μου
985 1502 1103 1588 ὄψεται

130 1605 193 1699 τὴν
212 1605 313 1690 δόξαν
330 1613 451 1696 κυρίου
474 1608 529 1676 καὶ
553 1605 590 1677 τὸ
614 1602 699 1690 ῦψος
716 1610 775 1677 τοῦ
793 1610 886 1676 θεοῦ.
893 1601 909 1630 ”
947 1604 1020 1677 τότε
1038 1605 1102 1694 γάρ

131 1737 174 1778 κα
176 1705 304 1797 ὶῦφθη
321 1714 381 1778 τοῦ
397 1715 544 1797 σωτηρος
561 1704 657 1798 ημῦν
675 1736 695 1795 η
684 1702 849 1790 ‘Meam'
830 1735 885 1778 οτε
903 1711 1103 1795 βαπτισθεὶς
1117 1735 1141 1776 15

28 1874 31 1878 ,
131 1805 272 1908 ιἰνίβη’
253 1809 318 1879 απὸ
336 1838 396 1881 που
381 1807 551 1896 ῦδατος,
570 1811 625 1880 καὶ
642 1804 866 1902 άνεῴχθησαν
883 1805 974 1901 αῦτω
961 1814 1028 1878 oc
1042 1804 1103 1878 οῦ-

132 1905 247 2013 966027
265 1914 321 1980 καὶ
340 1909 460 1982 εἶδε
426 1940 469 1981 το
480 1915 615 2000 πνεῦμα
631 1938 691 1980 του
679 1914 791 1981 θεοῦ
802 1917 1008 1996 καταβαῖνον
1021 1907 1101 1979 ὡσεὶ

131 2011 350 2099 περιστεράν,
374 2017 430 2082 καὶ
447 2015 550 2100 μένον
569 2008 624 2082 ἐπ’
645 2008 755 2082 αὐτόν.
797 2008 852 2082 ὅτε
875 2012 930 2081 καὶ
949 2038 1046 2099 φωνη
1035 2006 1103 2079 ἐκ

131 2116 200 2181 των
217 2107 373 2199 οὐρανῶν
396 2109 549 2202 ηκοῦσθη
571 2116 732 2203 λέγουσα,
756 2103 853 2194 οῦτός
879 2115 969 2183 ἐστιν
992 2106 1103 2193 ὁυίός

132 2240 197 2302 μου
214 2207 232 2283 6
250 2209 435 2303 άγαπητῦς,
456 2218 492 2285 ἐν
511 2205 538 2309 6
554 2210 759 2304 ηῦδόκησα.”
794 2221 841 2284 10.
861 2210 946 2283 άλλά
964 2215 1019 2283 καὶ
1038 2221 1103 2296 πᾶς
1115 2242 1142 2283 ιο

132 2313 150 2385 6
168 2322 314 2405 γνησίως
333 2319 386 2386 ἐπὶ
404 2314 440 2387 τῦ
455 2321 515 2388 τοῦ
529 2320 672 2408 λουτροῦ
684 2314 815 2406 παριῦν
828 2315 1023 2405 μυστήριον,
1042 2315 1104 2402 τὴν

132 2420 209 2507 περὶ
227 2423 288 2489 τοῦ
306 2423 453 2507 Χριστοῦ
470 2417 676 2509 παραλαβών
692 2427 890 2505 θεολογίαν,
916 2414 979 2505 τὴν
1003 2415 1103 2498 δόξαν

134 2515 239 2591 αῦτοῦ
255 2519 431 2609 θεάσεται,
450 2522 555 2601 λέξων
572 2516 616 2590 άν
631 2519 753 2609 ὁμοίως
770 2525 816 2612 τῷ
834 2515 962 2609 Παῦλῳ
975 2513 1031 2587 “ei
1046 2521 1104 2587 καὶ

135 2619 329 2710 ἐγνώκαμεν
358 2618 441 2691 κατά
471 2618 578 2708 σάρκα
600 2618 762 2710 Χριστὸν,
793 2617 878 2688 ἀλλά
903 2622 969 2689 νῦν
992 2616 1103 2688 οῦκίτι

134 2718 374 2810 γινωσκομεν.”
555 2749 557 2751 ·
1116 2747 1144 2787 ιε

64 2990 120 3042 (ωε)
422 2955 504 3028 ’And
521 2961 581 3028 τοῦ
604 2960 745 3046 Ψαλμοῦ
765 2953 809 3025 θ’.

210 3105 269 3166 Vll.
290 3087 351 3162 “‘0
375 3098 538 3162 κατοικῶν
569 3095 606 3162 ἐν
636 3099 779 3184 βοηθείᾳ
809 3093 869 3162 τοῦ
893 3087 1038 3171 ὑψίστου
1068 3093 1105 3160 ἐν

134 3195 240 3284 σκέπη
258 3197 320 3265 τοῦ
336 3198 423 3265 θεοῦ
439 3198 499 3264 τοῦ
517 3192 664 3283 οὐρανοῦ
683 3189 933 3282 αῦλισθησεται.
972 3193 1043 3280 ἐρεῖ
1057 3194 1105 3284 τῷ

202 3393 376 3454 ιωεω.
499 3391 741 3457 πωωοω.
857 3363 1103 3451 εηωωηω

118 3458 319 3522 υὴωε
