2326 3818
330 120 756 176 ουαοαεο.υνοαο.α.α
963 119 1027 185 635

56 258 177 352 ἐχθρὸς
201 257 358 331 ὠνείδισέ
372 289 431 349 με,
453 255 626 347 ὑπήνεγκα
649 253 728 347 άν,”
747 262 803 329 καὶ
821 258 861 329 τά
881 263 963 350 ἑξῆς.
996 266 1025 331 8.

55 367 161 434 ταῦτα
181 362 218 431 δὲ
242 364 318 448 περὶ
346 368 405 431 τοῦ
426 358 534 432 Ἰούδα
552 367 717 442 θεσπίσας
745 359 942 442 ἀκολούθως
965 361 1028 450 τὴν

57 470 95 536 ἐκ
112 470 171 534 τοῦ
188 462 341 534 θανάτου
358 470 527 552 σωτηρίαν
544 465 599 532 καὶ
613 457 793 552 ἀποφυγὴν
806 465 928 533 ἑαυτοῦ
947 491 1026 553 προ-

58 564 210 637 διδάσκει
234 567 343 653 λέγων
355 562 445 653 “ίγά
463 563 545 654 πρὸς
562 563 621 634 τὸν
637 560 723 634 θεδυ
741 567 915 650 ἐκέκραξα,
935 561 1026 635 καὶὸ

31 665 171 755 τκύριος
190 669 296 738 ἔσωσέ
311 662 385 755 με.”
419 669 561 756 ἑσπέρας
579 658 634 736 καὶ
645 658 738 755 πρωῒ
750 668 806 735 καὶ
819 672 1026 754 μεσημβρίας

58 767 256 859 διηγήσομαι
274 771 329 837 καὶ
348 756 537 856 άπαγγελω,
557 771 612 837 καὶ
631 765 860 838 είσακούσεται
877 770 935 854 τῆς
953 797 1026 854 φω-
1064 801 1071 813 ’

55 876 117 959 νῆς
134 900 216 958 μου,
235 868 440 956 λυτρωσεται
459 873 496 939 ἐν
515 867 631 961 εἰρήνη
655 868 716 958 τὴν
734 868 845 959 ψυχήν
862 865 959 956 μου.”
996 873 1025 937 9.
1046 913 1056 939 ε

58 971 102 1055 ὡς
129 976 166 1041 ἐν
190 967 271 1061 εύχη
293 970 353 1041 τὸν
375 968 439 1059 πρὸ
462 976 523 1042 τοῦ
547 969 701 1041 θανάτου
720 971 838 1062 καιρὸν
860 979 1026 1061 σημαίνει,
1139 1043 1141 1047 Α

58 1069 139 1143 καθ’
158 1068 198 1142 δν
222 1075 277 1143 καὶ
300 1068 461 1151 ὁἸούδας
485 1071 525 1140 τά
542 1079 600 1160 της
624 1071 696 1141 κατ’
724 1071 827 1143 αὐτοῦ
846 1080 1028 1161 προδοσίας

20 1172 336 1245 ιοσνυεσκευάσατο.
381 1178 429 1241 10.
457 1171 531 1241 τότε
558 1163 662 1242 οὖνὸ
687 1173 798 1261 σωτὴρ
828 1177 883 1242 καὶ
914 1173 1028 1263 κύριος

57 1271 163 1366 ἡμῶν,
182 1270 227 1357 ὥς
241 1277 295 1345 ἐπὶ
308 1272 440 1366 ὀλέθρῳ
454 1275 509 1342 καλ
524 1269 673 1365 ἀπωλείᾳ
687 1277 748 1342 τού
758 1283 931 1361 γνωρίμου
946 1281 1029 1345 δυσ-

57 1383 191 1467 φορῶν,
217 1377 273 1445 καὶ
300 1385 347 1446 ἔτι
365 1379 492 1463 μᾶλλον
515 1377 568 1444 ἐπὶ
582 1380 622 1463 τῇ
640 1377 701 1444 τού
717 1371 840 1456 παντὸς
856 1369 1029 1444 Ἰουδαίων

59 1485 181 1557 ἔθνους
199 1475 367 1563 ἀποβολῇ,
395 1472 506 1564 ὥσπερ
533 1476 586 1544 ἐπὶ
612 1473 797 1564 μεμηνόσιν
819 1482 954 1555 οίκείοις
973 1477 1028 1544 καὶ

58 1576 102 1660 ὡς
121 1579 175 1647 ἐπὶ
192 1575 361 1664 φιλτάτοις
376 1573 594 1664 συμπάσχωυ,
612 1579 724 1646 πάσαν
737 1575 799 1665 την
812 1577 894 1663 πρὸς
907 1574 1028 1657 αύτούς

19 1710 45 1752 15
57 1677 192 1764 ὁμιλίαν
210 1679 266 1745 καὶ
287 1684 528 1764 διδασκαλίαν,
548 1675 603 1746 διά
621 1677 657 1746 τδ
675 1679 782 1766 μηδὲν
798 1674 921 1757 αύτούς
939 1675 1029 1765 ἀφε-

57 1781 204 1867 ληκίναι,
223 1773 425 1869 ἀδολεσχίαν
442 1775 605 1849 ἀποκαλεῖ
620 1774 763 1867 φάσκων
775 1777 977 1867 ’Ἕλνπήθην
993 1783 1029 1848 ἐν

58 1888 98 1971 τῇ
116 1878 296 1974 ἀδολεσχίᾳ
314 1911 390 1972 μον,
409 1883 465 1952 καὶ
479 1879 669 1973 ἐταράχθην
682 1877 748 1951 ἀπδ
761 1885 877 1970 φωνης
892 1886 1028 1969 ἐχθροῦ,

58 1985 114 2053 καὶ
131 1980 196 2053 ἀπὸ
221 1993 371 2067 θλίψεως
389 1982 604 2074 άμαρτωλού,
629 1981 679 2055 ὅτι
704 1979 896 2069 ἐξίκλιναν”
925 1984 1030 2072 φησὶν

53 2078 130 2154 “ἐπ’
160 2086 214 2173 ἐμὲ
232 2082 376 2174 ἀνομίαν
403 2089 459 2155 καὶ
483 2090 520 2156 ἐν
543 2084 628 2177 ὀργῇ
654 2086 830 2158 ἐνεκότουν
852 2083 939 2177 μοι.”
980 2091 1059 2157 11.ο

18 2218 46 2258 κο
59 2181 144 2276 άπερ
159 2183 298 2255 δύναται
309 2186 372 2273 μὲν
385 2187 440 2255 καὶ
459 2189 513 2256 ἐπὶ
531 2185 609 2268 τούς
626 2184 787 2275 άρχοντας
800 2193 869 2258 των
886 2195 923 2258 ἐκ
937 2215 1031 2275 περι·
1044 2215 1098 2266 [νοω

58 2293 159 2376 τομῆς
177 2282 425 2376 ἀναφέρεσθαι,
449 2285 527 2367 τούς
552 2291 732 2376 ἐχθρωδῶς
750 2291 806 2357 καλ
832 2291 1030 2373 ἐπιβουλευ-

59 2395 157 2469 τιιιως
176 2385 368 2475 ἐνεδρεύειν
381 2385 483 2456 αὐτὸν
496 2389 741 2477 πειρωμένους,
762 2385 904 2456 δύναται
921 2387 1029 2455 δὲκαὶ

59 2494 137 2578 περὶ
156 2489 333 2578 δυνάμεων
351 2486 504 2576 ἀοράτων
518 2493 647 2572 ἔξωθεν
660 2484 763 2558 αύτὸν
780 2479 1028 2577 προσπολεμου-

60 2596 131 2660 σῶν
149 2594 204 2661 καλ
223 2591 285 2680 τὴν
308 2588 353 2662 δι’
374 2586 568 2680 ἀνθρώπων
592 2588 801 2678 κατασκευὴν
819 2591 1030 2676 ἐνεργουσεῖιν

21 2721 47 2762 ιε
60 2695 230 2779 λέγεσθαι.
265 2688 288 2762 δι’
305 2695 360 2763 καὶ
378 2691 542 2784 συυάδειν
554 2721 610 2783 μοι
626 2698 719 2764 δοκεῖ
735 2707 803 2773 τοῖς
818 2696 855 2761 ἐν
868 2694 914 2784 τῷ
933 2687 1029 2778 εύαγ·

59 2800 160 2880 γελίω
177 2788 238 2861 ὑπ’
258 2792 366 2864 αύτοά
383 2797 609 2884 λελεγμένοις,
637 2792 721 2864 κατά
746 2793 805 2864 τὸν
821 2799 881 2865 τού
898 2791 1030 2875 πάθους

61 2887 193 2979 καιρὸν,
217 2889 272 2962 ὅτε
296 2896 385 2981 λέγει
408 2911 477 2977 τοϊς
501 2898 622 2967 ἑαυτοῦ
644 2907 812 2983 μαθηταῖς
826 2890 1031 2981 “τιερίλυπός

62 2998 151 3065 ἐστιν
174 2988 194 3081 ἡ
219 2991 309 3082 ψυχή
331 3023 397 3082 μου
421 2998 483 3075 ἕως
505 2995 673 3066 θανάτου·
706 3003 841 3084 μείνατε
866 2987 947 3083 ὦδε,
976 2998 1031 3065 καὶ

61 3113 252 3185 γρηγορεῖτε
269 3091 342 3182 μετ’
362 3093 476 3185 ἐμοῦ.”
519 3099 575 3167 καὶ
593 3095 695 3168 πάλιν
707 3092 795 3168 “va
818 3095 839 3184 ἡ
859 3095 948 3185 ψυχή
965 3124 1030 3183 μου

22 3227 49 3269 ιο
61 3194 287 3290 τετάρακται.”
329 3195 428 3287 ὅμοια
450 3201 536 3286 γούν
552 3197 682 3280 τούτοις
701 3201 767 3268 ἐστὶ
792 3200 847 3268 καὶ
865 3196 905 3265 τά
930 3200 966 3266 ἐν
983 3202 1029 3289 τῷ
1043 3229 1099 3281 (ιιι)

61 3356 263 3387 —v--—-

131 3434 391 3496 ωωωωω
496 3433 701 3496 νωωῃτ
