2326 3818
317 111 503 165 DEMONST.
525 111 657 164 ονεαο.
675 114 722 163 1v.
741 115 816 163 3-5.
990 109 1052 173 217

84 247 283 342 τοῦπατρὸς
303 253 513 320 ἐπικίλευσιν
539 251 594 319 καὶ
621 257 667 330 είς
690 248 833 338 τὴντῶν
850 247 932 338 μετὰ
948 254 1054 320 ’ταῦτα

86 359 317 440 δημιουργίαν.
359 356 388 420 2.
416 349 468 420 666
495 349 537 438 66
561 353 616 419 καὶ
642 358 771 439 ἔφαμεν
794 347 898 420 αὐτόν
921 355 1054 440 πρῶτον

86 452 222 523 πάντων
239 447 305 522 ὑπὸ
324 455 383 522 τοῦ
401 449 523 540 πατρὸς
541 448 614 521 οἷόν
633 478 664 520 τι
682 452 852 539 μονοειδὲς
871 449 976 538 πόσης
995 451 1055 521 οὐ-

86 561 160 635 σίας
178 556 235 622 καλ
252 550 387 641 φύσεως
401 555 655 644 προβεβλϋθαι
668 548 813 642 ὄργανον
831 560 980 641 ἔμψυχον
998 555 1054 622 καὶ

60 660 167 743 εζεόν,
191 657 318 742 μᾶλλον
344 651 376 723 6'
397 660 519 724 ἔνθεον
539 656 594 723 καὶ
612 652 772 737 ζωοποιὸν
793 655 849 775 666
867 651 1053 741 πάνσοφον,

86 755 227 845 ἀγαθῶν
244 752 458 843 γεννητικόν,
477 752 587 844 φωτός
605 753 765 875 χορηγὸν,
790 751 936 844 οὐρανου
925 757 1053 842 6666-
1068 778 1123 831 μιν)

87 852 262 978 ουργικόν,
287 854 412 979 κόσμου
436 854 755 980 κατασκευαστικὸν,
784 851 936 944 ἀγγέλων
962 882 1055 944 ποιη-

86 956 196 1046 τικὸν,
220 957 423 1047 πνευμάτων
447 954 660 1049 666066666,
687 954 833 1080 6666606
855 961 974 1046 ψυχῶν
993 979 1055 1026 σω-

86 1059 220 1150 τήριον,
246 1057 408 1179 σωμάτων
434 1055 627 1147 αὐξητικόν,
656 1057 793 1129 πάντων
823 1057 1055 1180 προνοητικόν,

48 1189 73 1229 ιο
87 1157 347 1248 κνβερνητικον,
380 1156 642 1247 θεραπευτικόν,
674 1159 865 1246 βασιλικόν,
896 1157 1054 1247 κριτικόν,

87 1260 210 1351 πατρὸς
229 1256 399 1347 εὐσεβείας
417 1255 669 1381 ἄπαγγελτικόν.

164 1377 197 1434 V.
220 1359 284 1429 Διὸ
303 1363 358 1429 καλ
377 1363 430 1430 ἐπὶ
448 1359 585 1430 πάντων
602 1358 752 1430 καθόλου
769 1364 837 1430 τῶν
856 1366 1056 1449 δημιουργη-

87 1459 201 1551 μάτων
213 1468 293 1549 μίαν
298 1457 410 1582 χρεών
421 1467 523 1531 θείαν
536 1460 680 1583 6666666
698 1457 961 1550 ἄκοθαυμάζειν,
980 1457 1053 1530 ἀλλ’

88 1592 129 1632 ον
118 1559 270 1642 ’πολλὰς
288 1556 363 1650 ἡγεῖ
351 1573 455 1632 εσθαι.
486 1571 552 1681 μία
569 1559 632 1652 γὰρ
651 1557 671 1650 6
691 1561 841 1632 καθόλου
859 1561 1056 1650 κοσμοποιός
1075 1597 1087 1624 e

50 1661 251 1788 166666669
257 1658 374 1732 καὶ
343 1690 390 1744 εις
415 1657 431 1732 6
455 1668 523 1733 τῶν
553 1659 642 1733 ὅλων
653 1662 873 1788 δημιουργὸς
898 1663 995 1750 λόγος
1020 1667 1056 1733 ἐν

88 1763 175 1888 6666
192 1763 273 1855 πρὸς
291 1763 350 1834 τόν
368 1762 460 1834 θεόν.
503 1763 552 1834 ὅτι
566 1758 661 1835 “’ἐν
644 1771 729 1855 6666
755 1756 798 1852 66
821 1759 842 1889 6
861 1763 975 1853 λόγος,
1001 1767 1056 1834 καὶ

87 1862 105 1988 6
123 1863 220 1954 λόγος
238 1857 281 1953 ἦν
298 1864 380 1956 πρὸς
397 1864 456 1936 τὸν
472 1863 574 1954 θεον,
598 1867 653 1935 καὶ
671 1863 784 1946 θεός’
768 1897 811 1954 ην
828 1863 845 1935 6
864 1863 999 1954 λόγος·”
1026 1872 1055 1934 2.

87 1964 128 2038 ὃν
146 1974 202 2038 66
216 1963 352 2056 ἀληθῶς
369 1963 414 2088 66
432 1963 584 2056 ἀγνοεῖν,
603 1971 716 2055 σέβειν
735 1968 772 2036 δε
790 1969 846 2036 καὶ
859 1971 958 2055 τιμᾶν
977 1969 1057 2038 ἐπα-

90 2064 230 2155 ξίως,”
211 2096 261 2138 οτι
287 2067 329 2156 66
356 2065 463 2137 πάντα
490 2063 536 2137 66’
565 2063 670 2138 αὐτοῦ
693 2063 733 2138 οὗ
757 2067 861 2158 μόνον
881 2073 917 2139 ἐν
941 2064 1059 2157 ἀρχαῖς

51 2196 76 2236 νο
89 2171 157 2238 τῶν
174 2163 263 2238 ὅλων
281 2170 444 2257 συνέστη,
469 2165 553 2237 ἄλλα
578 2171 633 2238 καὶ
654 2175 700 2249 είς
719 2167 772 2238 ἀεὶ
794 2171 932 2257 γέγονέν
950 2198 985 2240 τε
1003 2173 1059 2238 καὶ

89 2276 234 2357 γίνεται,
260 2270 315 2337 καὶ
339 2271 439 2358 χωρὶς
463 2265 569 2338 αὐτοῦ
593 2271 722 2355 ἐγένετο
745 2268 824 2340 οὐδὲ
850 2273 895 2340 ἕν.
938 2276 967 2340 3.
994 2282 1058 2340 εἴτε

91 2368 155 2461 γὰρ
174 2367 239 2454 ζωή
256 2375 307 2451 τίς
326 2372 416 2438 ἐστιν
441 2372 477 2438 ἐν
495 2385 563 2450 τοῖς
581 2359 695 2457 οὖσιν,
720 2367 739 2439 6
756 2372 896 2457 γέγονεν
914 2375 950 2441 ἐν
968 2367 1058 2461 αὐτῷ

91 2468 156 2558 ζωὴ
181 2461 237 2559 ἦν·
263 2469 312 2560 (ἐξ
337 2467 441 2540 αὐτοῦ
466 2468 530 2560 γὰρ
555 2471 610 2539 καὶ
635 2465 681 2538 δι’
708 2468 811 2539 αὐτοῦ
834 2468 855 2558 6
879 2473 947 2541 τεόν
970 2468 1059 2540 ὅλων

90 2569 215 2656 ζόωσίς
240 2599 276 2642 τε
300 2573 355 2641 καὶ
379 2569 544 2661 ψόχωσις)
570 2581 637 2641 είτε
661 2569 811 2660 ῥυθμός,
836 2582 901 2642 εἴτε
926 2570 1056 2658 κάλλος,
1071 2601 1087 2640 ι

52 2701 77 2741 25
91 2686 158 2744 είτε
175 2672 336 2764 ἁρμονία,
357 2682 422 2742 είτε
440 2671 546 2762 τάξις,
567 2684 632 2743 εἴτε
650 2671 849 2762 σύγκρασις,
869 2685 934 2743 είτε
948 2670 1058 2760 οὐσία,

92 2786 158 2844 εἴτε
182 2773 333 2862 ποιότης,
358 2784 424 2845 εἴτε
447 2777 607 2862 μέγεθος,
634 2772 743 2845 πάντα
767 2769 814 2855 εἷς
838 2769 856 2843 6
879 2777 947 2844 τῶν
971 2773 1059 2844 ὅλων

92 2878 224 2962 συνέχει
247 2876 303 2943 καλ
329 2881 505 2963 διακοσμεῖ
526 2873 622 2963 λόγος
648 2877 704 2944 καὶ
726 2883 785 2963 μία
808 2880 892 2945 θεοῦ
919 2874 1060 2964 δύναμις

92 2971 288 3064 κοσμοποιός
306 2968 436 3063 ἡγεῖται
449 2969 616 3046 ἁπάντων.
648 2980 678 3045 4.
699 2970 743 3056 ὦς
761 2975 825 3066 γὰρ
840 2979 965 3046 ἐπὶτοό
976 2972 1058 3045 καθ’

92 3075 177 3166 ἡμᾶς
195 3075 345 3166 σώματος
367 3074 473 3164 πολλὴ
496 3077 557 3164 μὲν
579 3074 735 3164 τυγχάνει
760 3078 816 3146 καὶ
842 3084 974 3163 ποικίλη
992 3079 1062 3145 τῶν

53 3205 79 3246 66
92 3182 206 3268 μερῶν
223 3174 243 3267 6
263 3177 419 3267 διαφορὰ,
438 3184 497 3266 μία
517 3171 582 3265 δὲὴ
595 3181 655 3246 τοῦ
669 3175 792 3258 παντὸς
808 3175 949 3264 δύναμις
967 3184 1061 3264 δημι-

163 3413 193 3460 16
212 3412 309 3461 Ioann.
324 3411 347 3474 1,
363 3411 386 3462 1.
