2326 3818
153 135 217 197 404
560 138 708 188 EUSEBII

153 279 208 345 καλ
235 274 519 362 ἐπαναστήσονται
544 279 643 345 τέκνα
671 279 724 345 ἐπὶ
749 295 859 364 γονεῖς
889 282 945 347 καὶ
967 279 1122 350 θανατύ-

153 400 271 447 σουσιν
286 374 439 458 αύτούς.”
467 381 515 446 15.
524 379 579 446 καὶ
595 369 693 457 αὖθις
703 373 769 466 “μή
783 388 940 466 νομίσητε
954 377 1003 450 ὅτι
1014 373 1123 468 ήλθον

155 477 293 567 εἰρήνην
319 483 437 548 δούναι
462 483 499 548 ἐν
523 486 563 568 τή
585 484 646 568 γῇ,
672 475 747 568 ούχλ
772 484 856 569 λέγω
880 479 979 570 ύμῖν,
1004 479 1122 571 ἀλλ’ἢ

155 579 380 669 διαμερισμόν.
406 588 536 651 ἔσονται
550 578 613 669 γὰρ
632 579 696 650 ιἰπό
709 584 769 650 τού
787 585 851 651 νύν
869 584 968 652 πέντε
986 589 1022 654 ἐν
1040 596 1123 678 οίκφ

156 685 207 751 ἑνὶ
234 684 538 770 διαμεμερισμένοι,
570 698 658 770 τρεῖς
687 685 740 750 ἐπὶ
772 686 871 751 δυσλν
898 686 953 753 καὶ
981 683 1043 754 δύο
1070 689 1151 766 ε’πὶς

152 791 244 870 τρισί
250 803 256 815 ’
291 782 608 871 διαμερισθήσονται
621 781 729 872 πατήρ
750 786 803 852 ἐπὶ
820 789 884 876 υίῷ
904 789 959 855 καὶ
976 785 1049 867 νίός
1070 790 1124 857 ἐπὶ

154 887 271 973 πατρί,
296 881 403 972 μήτηρ
434 887 487 952 ἐπὶ
510 881 572 970 τήν
600 887 786 972 θυγατέρα,
812 889 867 954 καλ
890 885 1043 974 θυγάτηρ
1069 892 1125 958 ἐπὶ

154 984 215 1073 τήν
239 987 381 1073 μητέρα,
412 985 561 1072 πενθερὰ
586 989 639 1055 ἐπὶ
663 985 725 1072 τήν
746 984 899 1074 νύμφην,
927 990 982 1055 καλ
1005 985 1125 1078 νύμφη

127 1119 140 1155 ι
157 1088 209 1156 ἐπλ
227 1084 288 1172 τήν
305 1082 510 1174 πενθερύν.”
536 1092 585 1154 16.
606 1094 641 1155 τί
655 1087 717 1175 γδιρ
732 1091 835 1156 ταντα
847 1092 904 1175 τῆς
917 1094 1125 1177 προφητικῆς

157 1189 309 1277 διαφέροι
328 1183 371 1256 δν
388 1192 503 1275 φωνῆς
532 1191 584 1257 ἐπὶ
609 1193 648 1277 τῇ
667 1191 725 1257 τού
743 1196 863 1276 κυρίου
882 1196 929 1268 είς
948 1201 1122 1277 Αίγνπτον
1137 1232 1158 1268 ι

155 1286 324 1380 παρουσίᾳ
344 1287 504 1378 λεγούσης
521 1287 809 1377 ἐπεγερθήσεσθαι
824 1297 1031 1376 Αίγυπτίονς
1045 1289 1120 1361 κατ’

156 1398 354 1479 Αίγύπτίων
380 1393 434 1459 καὶ
453 1389 655 1479 πολεμήσειν
677 1388 861 1477 ἄνθρωπον
887 1389 945 1462 τδν
975 1389 1126 1479 ιἰδελφδν

156 1491 275 1576 αύτούς
294 1495 350 1561 καλ
369 1490 469 1580 νόμος
488 1493 524 1561 δὲ
542 1490 559 1560 ὁ
577 1496 634 1580 τής
653 1496 768 1576 καινῆς
788 1492 952 1581 διαθήκης
970 1501 1029 1562 τοῦ
1042 1505 1125 1583 Χρι-

156 1598 237 1664 στού
252 1597 303 1662 ἐπὶ
318 1592 422 1680 νόμον
435 1593 493 1662 τὸν
506 1597 563 1681 τής
578 1595 749 1663 πολυθέον
761 1599 1020 1683 δεισιδαιμονίας
1035 1593 1125 1681 ήγεί-

156 1723 249 1781 ρετο,
273 1692 327 1764 ὅτε
352 1699 420 1763 τών
439 1701 691 1783 είδωλολατρεῖν
716 1699 829 1764 ἐθνῶύ
847 1693 947 1782 νόμος
964 1696 1026 1784 τήν
1044 1707 1150 1783 Xon-1

157 1802 236 1866 στού
254 1800 409 1884 πολεμῶν
428 1803 658 1880 διδασκαλίαν,
677 1793 771 1876 πόλις
785 1825 821 1866 τε
835 1799 890 1865 καλ
904 1806 1053 1867 πολιτεία
1066 1803 1126 1886 τῆς

158 1903 194 1968 ἐν
213 1902 345 1989 Χριστῷ
364 1902 537 1984 ἐκκλησίας
555 1915 622 1977 τοῖς
640 1902 708 1965 τῶν
731 1895 881 1966 ἀπίστων
900 1901 1011 1967 ἐθνῶν
1030 1908 1125 1968 πολι-

155 1997 315 2085 τεύμασιν
342 2003 548 2068 ἐπανίστατο.
600 2003 649 2066 17.
678 1997 729 2066 διδ
760 2003 908 2067 λέλεκται
928 1994 1046 2080 “πο’λις
1072 2003 1126 2069 ἐπὶ

155 2096 253 2167 πόλιν
272 2102 326 2167 καὶ
346 2097 445 2186 νόμος
464 2102 517 2168 ἐπὶ
532 2095 670 2188 νόμον.”
704 2106 772 2167 ἔστι
788 2101 825 2168 δὲ
840 2103 892 2168 ἐπὶ
905 2099 1034 2183 τούτοις
1047 2099 1125 2182 τούς

158 2207 363 2288 Αἰγυπτίους
388 2199 514 2280 πάντας
538 2200 614 2281 τούς
634 2198 894 2290 είδωλολύτρας,
920 2200 956 2271 τύ
975 2231 1011 2271 τε
1031 2208 1125 2292 ἐνερ-
1138 2241 1160 2278 2·

156 2307 239 2390 γοῦν
259 2306 295 2372 ἐν
313 2299 425 2382 αὐτοῖς
444 2307 500 2390 τής
521 2309 776 2390 είδωλολατρίας
798 2305 946 2389 πνεύμα,
972 2310 1126 2375 συνιδεῖν

12 2410 14 2414 ’
88 2433 144 2484 (τοο)
159 2406 418 2494 ταραττομένους
438 2407 537 2474 είσέτι
555 2409 636 2491 νῦν,
655 2406 710 2471 καὶ
728 2402 834 2472 πολλὰ
848 2405 909 2491 μὲν
926 2409 1126 2494 βουλευομέ-

156 2536 238 2594 μους
256 2506 338 2575 κατὰ
356 2510 412 2594 της
430 2510 490 2574 τού
506 2509 652 2591 Χριστοῦ
671 2510 906 2590 διδασκαλίας,
927 2502 970 2586 ὡς
989 2501 1031 2574 δν
1050 2508 1125 2593 σβέ-

158 2631 248 2677 σοιεν
273 2604 379 2693 αὐτήν
404 2609 459 2675 καὶ
485 2610 516 2688 ἐξ
540 2605 735 2693 ἀνθρώπων
752 2604 965 2693 ἆφανίσοιεν,
994 2613 1125 2675 διασκε-

160 2711 389 2795 δαννυμένους
410 2709 445 2776 δὲ
463 2706 529 2775 ὑπὸ
546 2712 606 2775 τού
623 2712 727 2793 θεοῦ,
746 2704 913 2792 φήσαντος
934 2709 970 2774 ἐν
986 2710 1028 2795 τή
1044 2733 1125 2792 προ·
1140 2744 1163 2781 τι

159 2815 279 2898 φητείηι
293 2803 370 2877 “uoci
389 2807 634 2896 ταραχθήσεται
652 2801 687 2877 τύ
705 2813 836 2896 πνεῦμα
849 2810 917 2876 τῶν
928 2815 1127 2894 Αίγνπτίων

160 2914 196 2978 ἐν
215 2905 344 2997 αὐτοῖς,
364 2912 419 2979 καὶ
437 2908 500 2998 τήν
517 2909 645 2997 βουλήν
663 2905 775 2979 αύτῶν
794 2906 1038 2980 διασκεδάσω.”
1077 2915 1125 2979 18.

107 3100 111 3106 .
159 3018 263 3100 μυρία
288 3012 325 3081 δὲ
348 3010 410 3080 ὅσα
435 3009 687 3099 πυνθανόμενοι
711 3013 767 3079 καὶ
793 3014 1023 3098 ἐπερωτῶντες
1042 3010 1122 3081 καθ’

158 3109 253 3203 ήμῶν
273 3121 308 3182 ἐν
321 3141 356 3182 τε
374 3131 531 3203 χρησμοῖς
545 3115 599 3182 καὶ
613 3115 783 3201 μαντείαις
797 3112 873 3193 τούς
887 3110 988 3191 θεούς
1002 3110 1127 3199 αὑτοῖν,

161 3218 215 3284 καὶ
233 3213 310 3296 τούς
335 3218 370 3283 ἐν
388 3231 455 3295 τοῖς
474 3211 662 3301 ύγύλμασιν
682 3211 933 3302 ἐμφωλεύοντας
954 3219 1126 3302 δαίμονας,
1145 3252 1163 3281 ι.

229 3447 244 3494 2
262 3446 329 3494 Luc.
345 3449 384 3509 12,
398 3449 438 3496 51.
459 3446 520 3496 coll.
534 3447 632 3498 Matth.
647 3449 688 3509 10,
701 3447 742 3496 34.
