2326 3818
330 109 515 162 ωωαοαεν.
533 110 674 162 Ετεαο.
692 111 744 161 111.
763 113 788 165 κ.
979 107 1041 172 145

72 279 168 341 μωνα
187 251 326 340 Πέτρον.
356 252 412 319 καὶ
430 245 543 336 πάλιν,
562 251 692 337 Μωσῆς
705 250 884 338 κατέστησε
902 252 949 343 τῷ
967 254 1036 342 λαῷ

73 353 280 442 ἡγουμένους
312 347 550 438 ἑβδομήκοντα.
592 352 682 438 λέγει
705 348 738 418 θ’
777 340 840 421 ούν
875 348 895 438 ῆ
927 350 1039 441 γραφὴ

70 450 269 543 “συνοίγαγε’
292 481 349 541 μοι
373 448 600 540 ἑβδομήκοντα
620 450 747 541 ἄνδρας
783 447 847 522 ιἰπὸ
870 457 938 521 των
960 480 1040 539 πρε-

73 556 248 644 σβυτέρων
260 545 403 642 Ἰσραῆλ,
421 554 477 623 καὶ
494 550 610 642 ἀφελεῖ
627 549 691 623 ἀπὸ
710 555 769 623 τού
781 551 969 642 πνεύματος
979 557 1041 624 τού

47 659 130 730 εέπλ
149 660 219 744 σοὶ,
251 658 308 726 καὶ
331 653 483 744 ἐπιθήσω
508 652 560 724 ἐπ’
589 649 728 735 αὐτούς’
762 657 818 724 καλ
848 653 1041 743 συνήγαγεν

75 755 304 847 ἑβδομήκοντα
321 753 476 846 divoque?

150 865 200 930 25.
224 856 394 938 Ὡσαύτως
421 859 457 929 δὲ
481 860 537 927 καὶ
561 852 578 927 ὁ
603 855 713 946 σωτῆρ
739 853 908 941 ἀνέδειξεν
935 856 1043 929 αὐτού

73 959 225 1051 μαθητὰς
244 956 491 1050 ἑβδομήκοντα,
509 961 566 1029 καὶ
583 954 778 1030 ἀπέστειλεν
802 957 866 1032 ελνοὶ
891 957 952 1031 δύο
976 960 1040 1047 πρὸ

73 1062 255 1150 προσώπου
274 1058 388 1134 αύτοῦ.
419 1064 476 1132 καὶ
493 1058 595 1132 πάλιν
613 1064 741 1150 Μωσῆς
763 1058 895 1131 δώδεκα
914 1060 1041 1150 ἄνδρας

35 1198 60 1236 ιο
76 1169 236 1256 ἐξέπεμψε
254 1161 316 1253 τῆν
329 1167 394 1252 γῆν
412 1168 738 1251 κατασκεψομένους·
758 1161 916 1244 ὡσαύτως
930 1165 967 1234 δὲ
985 1169 1041 1233 καὶ

74 1265 159 1337 πολύ
184 1283 335 1354 κρεῖττον
368 1260 385 1334 ὁ
410 1263 568 1354 ἡμέτερος
598 1263 707 1355 σωτὴρ
734 1263 866 1335 δώδεκα
896 1264 1039 1337 ιἰποστύ-
1055 1296 1097 1343 (οι)

75 1377 154 1450 λονς
187 1370 415 1450 ἐξαπέστειλεν
445 1370 690 1448 ἐπισκέψασθαι
721 1364 829 1436 πάντα
869 1367 909 1436 τὰ
945 1375 1039 1455 ἔθνη.

73 1467 176 1539 πάλιν
205 1472 333 1556 Μωσῆς
356 1481 536 1558 νομοθετεῖ
560 1471 667 1555 λέγων
697 1464 764 1537 “ού
788 1467 981 1556 φονεύσεις,
1001 1467 1041 1539 ού

74 1567 272 1660 μοιχεύσεις,
292 1567 332 1640 ού
351 1571 494 1656 κλέψεις,
514 1565 577 1639 ούκ
596 1564 830 1658 ἐπιορκ’ῆσεις.”

35 1703 62 1744 15
150 1678 201 1743 26.
226 1669 261 1743 ‘0
281 1671 318 1742 δέ
336 1669 447 1760 σωτῆο
472 1670 567 1760 ἡμων
591 1675 766 1742 ἐπιτείνων
788 1668 847 1741 τὸν
871 1669 977 1759 νόμον
1001 1670 1040 1742 οὐ

73 1772 110 1844 τὸ
129 1771 288 1863 φονεύειν
311 1770 427 1863 μόνον,
451 1771 536 1842 ἄλλα
562 1776 618 1843 καὶ
636 1770 671 1843 τό
690 1776 890 1862 θυμοῦσθαι
915 1772 1041 1861 ἀπαγο-

73 1873 180 1966 ρεύει·
199 1874 275 1946 ιἰντλ
292 1881 352 1946 τού
364 1872 410 1964 μῆ
428 1874 597 1964 μοιχεύειν
615 1873 694 1963 μηδ’
717 1877 894 1964 ἐμβλέπειν
907 1880 1041 1963 γυναικὶ

74 1975 156 2066 μετολ
176 1981 357 2066 ἐπιθυμίας
375 1973 561 2048 ἆκολοίστου
579 1995 754 2066 παραινεῖ,
773 1976 852 2048 ἄντί
866 2006 902 2046 τε
920 1981 979 2047 τού
996 1977 1040 2066 μῆ

74 2080 228 2150 κλέπτειν
242 2077 282 2148 τὰ
300 2086 409 2149 οίκεία
432 2097 502 2160 τοῖς
521 2081 649 2149 ἐνδεέσι
675 2088 855 2170 προίεσθαι
881 2078 1040 2166 ποοστοῖτ·

36 2207 139 2250 εοτει.
159 2177 307 2268 ὑπερβὰς
333 2181 370 2250 δέ
393 2181 502 2251 καὶτὸ
528 2185 696 2271 ἐπιορκεῖν
721 2180 784 2269 τῆν
817 2179 924 2270 ἀρχὴν
956 2183 1040 2268 μηδὲ

74 2277 220 2370 ὀμνύναι
232 2294 417 2370 νομοθετεῖ.
437 2287 488 2352 27.
499 2290 557 2353 καί
568 2313 600 2353 τι
614 2311 655 2371 με
671 2288 724 2353 δεῖ
734 2280 899 2372 μηκύνειν
912 2281 970 2351 τὸν
984 2282 1041 2350 λύ-

73 2411 135 2471 γον
155 2390 202 2464 είς
220 2378 392 2466 ἀπόδειξιν
409 2387 469 2453 τού
485 2383 525 2453 τὰ
543 2382 758 2472 παραπλήσια
781 2386 837 2452 καὶ
863 2384 959 2470 ἐγγύς
981 2379 1041 2450 οέλ-

74 2483 186 2571 λῆλων
203 2489 421 2574 πεποιηκέναι
439 2488 567 2556 Μωσέα
586 2487 640 2555 καὶ
663 2480 792 2573 Ἰησούν
824 2482 883 2553 τὸν
907 2491 1040 2572 σωτῆρα
1056 2517 1068 2556 ο

73 2589 130 2655 καὶ
148 2584 266 2676 κύριον
284 2585 391 2676 ἡμῶν,
409 2585 529 2674 παρὸν,
547 2583 611 2680 ὅτῳ
626 2594 738 2676 φίλον,
759 2587 811 2656 ε’πλ
825 2590 944 2674 σχολῆς
958 2582 1041 2656 ολνα-

32 2716 58 2758 25
73 2691 233 2771 λέξασθαι
250 2693 369 2774 ταύτας
396 2691 467 2759 ἐπεὶ
485 2691 540 2758 καὶ
559 2687 617 2760 τὸν
634 2688 785 2760 θάνατον
803 2690 954 2769 Μωσέως
977 2717 1042 2778 μη-

75 2792 156 2860 ύένα
191 2793 296 2878 φασὶν
332 2794 529 2879 ἐγνωκέναι,
561 2793 651 2880 μηδὲ·
680 2789 743 2878 τῆν
778 2789 889 2880 ταφὴν
924 2790 1039 2877 αὐτοῦ,

74 2887 186 2980 ὥσπερ
210 2881 273 2963 ούν
298 2891 463 2962 οὐδὲτοῦ
487 2897 635 2983 σωτῆρος
665 2887 760 2981 ἡμῶν
790 2891 852 2981 τῆν
875 2892 957 2982 μετὰ
980 2890 1041 2978 τῆν

70 2990 258 3080 ἀναβίωσιν
277 3000 324 3076 είς
342 2993 403 3082 τῆν
421 2991 564 3081 θεότητα
582 2992 779 3082 μεταβολήν.
811 2999 862 3064 28.
877 3002 909 3064 εἰ
917 2993 962 3081 -ὃῆ
980 2984 1041 3063 ούν

73 3092 128 3164 ὃιολ
141 3100 209 3165 τῶν
226 3092 397 3166 τοσούτων
415 3090 526 3174 οὐδεὶς
544 3097 606 3184 μέν
624 3092 740 3182 ἄλλος,
758 3094 860 3184 μόνος
887 3095 923 3164 δὲ
941 3091 959 3163 ὁ
978 3116 1040 3162 σω-

30 3194 134 3285 εοτῆρ
152 3194 248 3286 ἡμῶν
279 3200 425 3288 παρέστη
458 3193 498 3264 τολ
528 3194 742 3285 παραπλήσια
772 3207 894 3266 Μωσεῖ
928 3201 1041 3265 διαπε-

141 3430 247 3480 3Num.
268 3432 308 3490 11,
324 3432 363 3480 16.
469 3431 483 3478 7
503 3429 571 3479 Luc.
587 3432 663 3489 10,1.
770 3431 801 3480 13
815 3429 904 3482 Deum.
915 3430 1006 3485 MR.

124 3529 261 3564 κυεεοιυε
281 3529 326 3563 111.
808 3512 854 3576 m
