2326 3818
125 112 188 176 124
527 112 677 164 ΕυεΕΒιι

205 257 276 321 133.
301 246 537 342 ’Ἕπένθησαν
565 258 600 322 ολ
620 249 744 341 ὑψηλοὶ
763 255 821 340 τῆς
839 255 917 341 γης,
941 245 962 339 ἡ
987 252 1027 322 δὲ
1048 258 1098 345 γῆ

125 351 273 443 ήνόμησε
299 352 354 424 διά
378 353 456 435 τοῦς
480 357 716 435 κατοικοῦντας
740 351 853 443 αὐτήν.
909 350 964 423 διά
991 358 1097 427 τοῦτο

126 458 249 545 πτωχοὶ
268 462 400 528 ἔσονται
417 462 453 527 οί
469 458 675 538 ἐνοικοῦντες
694 456 747 526 ἐπὶ
770 459 829 543 τῆς
846 459 924 546 γῆς,
949 457 1004 524 καί
1033 484 1094 527 κα-

98 587 112 626 ι
126 556 407 648 ταλειφθήσονται
421 555 597 649 ἅνθρωποι
614 552 749 646 ὀλίγοι.”

203 662 269 730 Καὶ
295 664 331 731 έν
354 657 485 739 τούτοις
511 657 589 739 τοῦς
607 655 880 747 παραβεβηκότας
904 654 963 728 τόν
984 655 1122 749 νόμονσ

125 764 180 831 καὶ
194 760 257 850 τήν
282 765 341 830 τοῦ
359 765 443 830 θεοῦ
472 758 640 849 διαθήκην
662 763 722 829 τοῦ
746 764 782 830 έκ
805 762 983 850 περιτομῆς
1007 764 1094 831 λαοῦ

124 859 323 950 ἀπελέγξας,
349 858 529 950 ἀπειλήσας
548 890 582 932 τε
601 859 715 946 αὐτοῖς
739 861 778 931 τά
801 858 1094 955 ἀναγεγραμμένα,

125 959 457 1051 καταλειφθήσεσθαι
468 961 672 1050 ἀνθρώπους
685 966 717 1048 ἐξ
736 960 849 1034 αὐτῶν
859 961 993 1051 ὀλίγους
1007 990 1094 1056 προ-

125 1061 272 1153 φητεόει.
311 1062 380 1134 εἷεν
394 1061 428 1134 δ’
449 1060 492 1135 ἀν
510 1055 602 1135 οῦτοι
620 1063 656 1135 τὸ
676 1062 912 1154 ὠνομασμένον
930 1060 1020 1155 παρά
1042 1072 1092 1161 τῷ

125 1161 297 1260 ἀποστόληι
315 1173 436 1255 λεῖμμα
454 1164 524 1236 κατ’
547 1163 689 1256 ἐκλογήν
705 1164 844 1256 χάριτος.
1106 1194 1133 1237 ιο

205 1271 274 1336 134.
300 1261 674 1358 “’Καταλειφθήσονται
692 1266 804 1349 πόλεις
829 1274 959 1359 ἔρημοι,
983 1269 1040 1338 καὶ
1058 1273 1096 1339 οί

125 1367 209 1438 οἶκοι
223 1374 259 1439 οί
274 1371 601 1460 έγκαταλελειμμένοι
615 1367 826 1440 ἀπολοῦνται.
856 1372 962 1439 ταῦτα
980 1366 1093 1440 πόντοι

125 1477 217 1541 ἔσται
237 1474 273 1541 έν
290 1475 333 1561 τῇ
349 1474 393 1560 γῇ
411 1475 447 1543 έν
474 1474 564 1567 μέσην
582 1478 651 1542 τῶν
665 1474 794 1560 ἐθνῶν,
818 1463 859 1541 όν
888 1469 1012 1559 τρόπον
1031 1469 1094 1543 &iv

71 1602 111 1652 (τι)
124 1601 173 1655 τις
192 1573 420 1662 καλαμήσητοιι
435 1577 561 1661 ἐλαίαν,
576 1570 682 1655 οὕτως
694 1570 941 1663 καλαμήσονται
951 1568 1092 1657 αὐτοῦς·

125 1675 180 1742 καὶ
200 1673 259 1744 ἐὰν
277 1671 443 1761 παύσηται
461 1669 478 1743 ὁ
496 1673 668 1763 τρνγητὸς,
687 1665 779 1745 οῦτοι
798 1678 897 1766 φωνῇ
913 1672 1091 1763 φωνήσου·
1107 1704 1133 1747 ιο

125 1795 192 1864 σιν,
211 1780 247 1845 οί
263 1775 299 1844 δέ
314 1778 593 1864 καταλειφθέντες
613 1777 663 1846 ἐπὶ
683 1782 741 1866 τῆς
759 1780 820 1867 γης
834 1772 1091 1868 εὐφρανθήσον-

124 1904 178 1946 ται
196 1872 264 1966 ἀμα
281 1882 322 1967 τῇ
342 1873 421 1964 δόξη
440 1871 588 1964 κυρίου.”

202 1978 269 2046 Καὶ
296 1980 444 2048 ἐνταῦθα
462 1981 497 2046 οί
517 1979 797 2068 καταλειφθέντες
821 1978 916 2069 μόνοι
944 1976 1091 2070 εὐφραν-

124 2074 296 2165 θήσεσθαι
320 2080 488 2167 λέγονται,
511 2081 580 2150 τοῖν
603 2085 730 2152 λοιπῶν
752 2076 912 2152 ἀπάντων
933 2098 1003 2162 τοῖς
1027 2093 1091 2153 θε-

124 2182 332 2270 σπιζομένοις
349 2183 689 2271 παραδοθησομένων.
1102 2214 1131 2255 το

202 2286 272 2355 135.
296 2280 645 2372 “Κατοιπατηθήσεται
663 2278 680 2354 ὁ
699 2285 863 2374 στέφανος
875 2290 933 2371 τῆς
946 2281 1090 2375 ὕβρεως,

124 2387 160 2454 οί
187 2386 352 2474 μισθωτοὶ
378 2388 440 2456 τοῦ
460 2381 611 2477 Ἐφραίμ.
654 2389 709 2456 καὶ
740 2393 831 2456 ἔσται
854 2384 891 2456 τὸ
922 2383 1029 2469 ἄνθος
1051 2385 1090 2459 τὸ

123 2485 264 2559 ἐκπεσόν
281 2492 339 2575 τῆς
367 2491 501 2569 ἐλπίδος
517 2494 575 2575 τῆς
595 2484 690 2575 δόξης
718 2482 769 2558 ἐπ’
789 2484 895 2574 ἀκρον
912 2494 971 2557 τοῦ
988 2484 1090 2578 ὅρους

121 2594 181 2657 τοῦ
209 2586 358 2676 ὑψηλοῦ,
389 2583 433 2669 τός
462 2586 650 2677 πρόδρομος
673 2586 794 2659 σόκου·
829 2583 847 2659 ὁ
878 2587 961 2658 ίδιδν
992 2584 1088 2680 αὐτό,
1130 2632 1136 2645 ·

122 2689 203 2776 πρὶν
221 2685 241 2777 ή
256 2695 303 2770 είς
316 2686 378 2776 τήν
389 2704 484 2778 χεῖρα
496 2696 616 2776 λαβεῖν
633 2685 726 2777 αῦτδ,
739 2687 877 2777 θελήσει
893 2686 975 2760 αὐτό
986 2720 1086 2761 κατα·
1100 2718 1129 2761 ιο

93 2804 220 2859 οπιείν.
255 2793 296 2880 τῇ
314 2783 420 2882 ήμέρηι
439 2793 550 2881 ἐκείνη
569 2788 682 2879 κύριος
700 2796 790 2861 ἔσται
808 2786 825 2860 ὁ
845 2792 1008 2879 στέφανος
1025 2796 1088 2882 τῆς

123 2891 268 2980 ἐλπίδος,
286 2889 304 2962 ὁ
322 2892 458 2973 πλακεὶς
477 2895 536 2980 της
561 2890 657 2982 δόξης
674 2896 721 2988 τῷ
738 2895 997 2983 καταλειφθέντι
1026 2898 1090 2965 τοῦ

121 2996 204 3062 λαοῦ
223 2989 329 3064 αὐτοῦ
339 3013 345 3025 ·
364 2991 689 3084 καταλειφθήσονται
701 2993 764 3087 γάρ
784 2998 820 3066 έν
832 2991 997 3086 πνεύματι
1015 3004 1086 3087 κρί-

119 3089 233 3176 σεως.”

189 3365 201 3410 1
220 3363 268 3415 Es.
287 3365 328 3425 24,
346 3366 372 3413 4.
494 3366 526 3415 10
544 3365 621 3415 Rom.
642 3367 687 3428 11,
711 3367 735 3416 5.
860 3366 890 3412 11
913 3364 960 3415 Εε.
979 3366 1021 3427 24,
1041 3367 1084 3415 12.

119 3429 149 3478 21
170 3428 216 3482 Es.
235 3431 276 3491 28,
295 3433 318 3480 3.
