2326 3818
131 111 194 174 286
534 111 680 161 ιιιτεεοιι

131 255 229 339 τιμάν
247 254 416 334 ἐκέλευον;
441 266 520 320 ποῖα
542 249 580 319 δὲ
596 247 636 320 τά
650 252 725 339 περὶ
740 254 797 339 τής
811 247 1111 341 ἀνθρωποθυσίας

132 351 321 440 νενόμιστο;
345 351 528 441 κεφάλαιον
553 351 616 440 γάρ
635 352 792 439 δήτοῦτο
815 360 882 423 τῶν
902 359 1107 443 εἰρημένων.

133 461 181 524 11.
190 445 255 543 άρά
264 483 330 526 τινι
343 454 511 544 πράγματι
525 458 702 524 κατέλιπον
714 455 834 547 φαύλῳ
844 450 984 536 άτοπίας
994 452 1108 545 άπερ-

130 555 252 645 βολήν,
272 563 303 626 εί
321 561 361 645 δή
380 562 414 626 οί
429 559 575 643 σωτῆρες
593 554 786 641 ἀνθρώπων
797 564 877 626 θεοί
891 586 927 625 τε
944 559 1002 626 καὶ
1021 557 1106 647 άγα-

129 660 186 728 θολ
211 665 367 747 δαίμονες
390 655 467 737 τούς
492 659 600 737 ίκέτας
623 654 736 727 αὐτῶν
753 661 809 727 καλ
827 655 979 744 εὐσεβεῖς
997 657 1130 750 πράσει

129 788 240 848 φυγας
273 757 516 845 κατασφάττειν
546 757 586 826 τά
611 762 740 828 ἑαυτῶν
767 769 928 848 φίλτατα,
954 754 1109 849 ὡσπερεί

102 886 115 926 ι
129 890 204 930 τινα
228 857 312 928 άλλα
334 862 526 947 θρέμματα,
554 858 832 948 παρεκελεύοντο,
860 858 1022 948 άντικρυς
1040 862 1106 936 άν-

129 967 311 1049 θρωπείων
325 959 474 1047 αἱμάτων
486 955 571 1050 ὑπὲρ
585 965 696 1032 πάσαν
708 971 841 1049 θηρίων
854 959 959 1050 φύσιν
970 968 1106 1044 διψῶν-

128 1090 199 1148 τες,
217 1063 273 1129 καλ
290 1058 393 1130 οὐδὲν
410 1059 491 1131 άλλο
508 1057 528 1150 ή
543 1062 723 1151 αλμοπύτας
737 1067 793 1132 καὶ
810 1059 1104 1151 άνθρωποβύρους

128 1159 295 1243 ἀπωλείας
311 1190 347 1232 τε
365 1170 484 1250 φίλους
504 1164 590 1233 εἶναι
603 1169 691 1252 σφᾶς
705 1162 828 1245 αύτούς
841 1161 1101 1254 άπελέγχοντες·
1114 1198 1136 1239 ιο

131 1258 149 1350 ή
168 1268 289 1351 λεγέτω
306 1258 323 1333 ὁ
343 1263 561 1354 βουλόμενος,
581 1273 612 1335 ελ
629 1274 698 1355 ἔχοι
714 1264 838 1355 σεμνόν
856 1295 887 1334 τι
904 1268 961 1335 καὶ
978 1263 1102 1359 άρετής

128 1362 220 1448 άξιον
250 1370 318 1436 τοῖν
344 1369 561 1456 δηλουμένων
591 1370 768 1454 ἐπιδεῖξαι,
800 1364 821 1455 ή
852 1375 1011 1456 μαντείας
1043 1374 1101 1441 καλ

127 1465 327 1557 προρρήσεις
352 1475 398 1548 είς
422 1471 490 1538 πάν
514 1472 609 1556 γένος
632 1465 827 1557 άνθρύπων
844 1471 1101 1560 συντεινούσας,

127 1564 148 1655 ή
162 1567 285 1657 νόμους
300 1572 356 1637 καὶ
370 1567 539 1650 πολιτικάς
554 1569 717 1653 διατάξεις
731 1567 812 1639 καθ’
827 1568 886 1651 ούς
901 1577 985 1658 χρήν
999 1579 1102 1659 βιοῦν

127 1668 252 1750 πάντας
270 1665 473 1756 ἀνθρώπους
493 1669 766 1758 διαγορευούσας,
784 1667 1020 1759 ήφιλοσοφίας
1041 1673 1101 1745 δυ’-
1113 1702 1134 1745 ιι

126 1769 234 1858 γματά
244 1797 279 1839 τε
292 1773 347 1840 καλ
361 1769 540 1860 μαθήματα
555 1772 637 1860 πρὸς
650 1777 717 1843 των
729 1777 822 1843 θεῶν
840 1778 1100 1863 προβεβλημένα

126 1887 195 1952 τοις
219 1876 371 1960 ἐρασταις
394 1879 603 1959 φιλοσοφίας.
651 1879 699 1944 12.
719 1868 795 1942 ἀλλ’
815 1870 877 1942 ούιι
900 1868 943 1941 biv
961 1880 1032 2002 ἔχοι
1049 1906 1101 1959 τις

50 2002 104 2050 Ιτοι
105 2003 112 2053 ι
92 1971 234 2059 φάναι
264 1979 414 2041 τοιοῦτον
445 1970 578 2042 πύποτε
607 1968 782 2095 ύπήρχθαι
810 1978 857 2066 τςύ
880 1978 985 2066 βίφ’
968 2003 1005 2043 εκ
1029 2005 1100 2047 των

126 2070 335 2160 περιβοήτων
359 2080 583 2163 χρηστηρίων
620 2083 650 2145 εί
672 2075 735 2204 γήιρ
760 2077 803 2164 ήν
826 2080 948 2161 ταῦτα,
971 2071 1036 2145 ούκ
1055 2075 1106 2149 άν

127 2171 301 2261 διαφόροις
319 2172 498 2264 ἐχρήσαντο
513 2178 568 2244 καὶ
582 2181 778 2266 μαχομένοις
791 2177 904 2300 νύμρις
918 2174 1098 2265 άνθρωποι
1111 2208 1136 2249 ια

125 2272 190 2344 ύπὸ
215 2280 307 2347 θεῶν
331 2275 623 2366 νομοθετούμενοι.
667 2284 716 2348 13.
736 2281 812 2348 θεοὶ
836 2277 899 2366 γὰρ
921 2274 1016 2358 ὅντες
1040 2284 1100 2351 καὶ

125 2374 249 2462 άγαθοί
274 2385 345 2461 πῶς
368 2375 430 2449 ούκ
454 2375 498 2450 άν
521 2397 590 2461 τοῖς
615 2375 726 2459 αύτοῖς
755 2378 935 2468 ἐχρήσαντο
962 2380 1100 2469 διατάγ-

125 2501 220 2567 μασι;
252 2484 321 2561 πούς
346 2477 380 2550 δ’
400 2479 475 2569 ούχλ
506 2499 578 2562 ταῖς
609 2480 761 2569 σώφροσι
791 2484 847 2549 καὶ
872 2479 1099 2565 δικαιοτάταις

124 2589 356 2668 νομοθεσίαις;
374 2589 426 2660 τίς
443 2571 507 2650 σύν
524 2586 582 2669 τής
600 2582 774 2669 Σόλωνος,
804 2577 824 2669 ή
844 2579 1054 2671 Δράκοντος,
1075 2579 1098 2674 ἦ

124 2686 191 2750 των
221 2679 333 2750 άλλων
363 2677 556 2767 ἀνθρώπων
571 2680 729 2770 Ἕλλησίν
759 2710 794 2751 τε
824 2686 880 2752 καὶ
911 2683 1135 2772 βαρβάροιςιο

124 2786 318 2868 νομοθετων
334 2789 429 2897 χρεία
446 2772 506 2869 ήν,
524 2785 651 2852 θεῶν’
635 2781 735 2871 εγγύς
753 2781 947 2871 παρόντων,
962 2788 1018 2854 καὶ
1038 2787 1096 2856 διά

123 2885 192 2950 τῶν
209 2901 367 3004 χρησμων
386 2883 703 2972 διαταττομενων
666 2914 707 2955 τα
724 2888 859 2969 δέοντας
881 2890 929 2955 14
950 2892 982 2956 εί
994 2887 1033 2956 δὲ
1051 2886 1095 3010 δή

55 3012 110 3064 [130]
124 3010 210 3107 φαιη
240 3009 289 3061 τις
313 2978 434 3064 αύτούς
457 2987 513 3053 καὶ
539 2983 616 3054 οὐδ’
646 2983 768 3067 άλλους
794 2986 881 3057 εἶναι
905 2986 983 3068 τούς
1007 2984 1092 3058 καθ’

92 3117 105 3157 ε
125 3086 265 3153 ἕκαστον
279 3090 379 3165 ἔθνος
392 3082 586 3174 ἀνθρώπων
597 3093 876 3177 νομοθετοῦντας,
894 3090 997 3157 κάλ’
961 3118 1012 3170 τις
1028 3079 1094 3179 άρα

124 3188 251 3268 ἐκεῖνος
268 3188 324 3256 καλ
341 3186 488 3267 ποταπὸς
506 3186 629 3258 εἰπάτω
647 3187 744 3278 θεὸς,
770 3188 788 3259 ὁ
807 3186 979 3275 Σκύθαις,
998 3194 1093 3279 φέρε,
1105 3218 1133 3261 το

122 3282 402 3376 άνθρωποβορείν
427 3287 680 3380 διαταξάμενος,
704 3287 724 3378 ή
749 3285 766 3359 ὁ
785 3291 949 3379 μητράσιν
968 3294 1093 3379 ἑτέροις

123 3389 178 3456 καὶ
203 3388 392 3479 θυγατράσι
416 3397 603 3480 μίγνυσθαι
626 3391 874 3482 νομοθετήσας,
905 3387 1093 3480 ήύκυσλν
