2326 3818
115 115 177 179 144
240 79 243 85 ’
520 114 672 167 ευεεειι

115 259 244 342 Μωσῆς
262 251 324 325 οῦκ
341 251 417 344 ῆδει
433 249 484 325 ὅτι
508 253 702 337 δεδόξασται
724 252 747 342 ῆ
770 250 846 338 ῦψις
868 257 928 324 τοῦ
955 253 1083 344 χρωτὸς

59 385 102 437 1611
116 360 176 426 τοῦ
193 353 374 443 προσώπου
393 353 497 426 αύτοῦ
516 359 552 427 ἐν
569 360 615 450 τῷ
634 352 738 427 αύτόν
756 364 871 428 λαλελν
888 352 989 449 αύτῷ.
1023 357 1081 427 καὶ

88 457 207 529 ιελδεν
228 453 356 548 Ἀαρών
378 460 434 527 καὶ
457 455 580 540 πάντες
605 462 640 528 ολ
660 454 880 547 πρεσβύτεροι
901 459 969 528 τών
992 458 1082 528 υλών

111 554 240 651 Ἰσραῆλ
258 555 317 630 τόν
339 565 485 648 Μωσῆυ,
512 561 569 628 καί
582 549 624 648 ῆν
643 559 868 649 δεδοξασμλνη
885 556 907 647 ῆ
925 555 1001 642 ὄψις
1019 564 1082 630 τοῦ

113 659 237 752 χρωτός
250 665 310 731 τοῦ
328 658 510 750 προσώπου
528 655 659 731 αύτοῦ.”
743 700 745 705 ·
1095 696 1109 738 ε

190 768 242 832 20.
258 758 427 844 Ὡσαύτως
447 761 485 832 δὲ
503 763 559 831 καὶ
576 759 663 832 πολύ
682 759 909 851 διαφερόντως
926 758 945 830 ὁ
963 755 1085 850 ῆμίτε-

114 893 171 954 ρος
189 862 300 951 σωτῆρ
318 857 498 951 άναγαγών
515 861 592 944 τοῦς
611 864 733 934 ἑαυτοῦ
756 862 908 952 μαθητάς
929 867 976 943 είς
1002 859 1084 951 ῦρος

113 957 245 1053 ὑψηλόν
268 970 363 1052 λίαν,
384 961 629 1053 μετεμορφώθη
652 970 845 1056 ἔμπροσθεν
869 959 999 1051 αύτών,
1024 966 1084 1035 καλ

113 1073 241 1154 ἔλαμψε
259 1061 295 1134 τό
313 1063 494 1155 πρόσωπον
510 1063 616 1136 αῦτοῦ
633 1061 679 1147 ώς
696 1064 715 1137 ὁ
733 1062 838 1155 ῆλιος,
855 1061 896 1135 τά
911 1065 948 1134 δὲ
967 1063 1083 1154 ἱμάτια

112 1162 218 1237 αὐτοῦ
236 1168 366 1253 ἐγένετο
380 1165 482 1238 λευκά
500 1164 544 1249 ώς
560 1164 598 1237 τό
616 1170 697 1257 φώς.
746 1165 847 1238 πάλιν
873 1172 1003 1254 Μωσῆς
1029 1176 1084 1238 λε·
1095 1200 1119 1243 α

114 1267 201 1358 πρὸυ
219 1265 407 1359 λκαθάρισε.
438 1271 620 1394 γέγραπται
639 1265 675 1338 δ’
694 1259 756 1340 οῦν
768 1263 854 1340 “nal
869 1267 944 1338 ίδοῦ
964 1274 1084 1357 Μαρία

116 1373 271 1461 λεπρώσα
288 1366 368 1441 ώσεὶ
385 1367 485 1460 χιώνῖ
488 1365 574 1441 ’12.
594 1371 650 1440 καὶ
667 1399 726 1461 μετ
728 1365 872 1492 ’όλλγα
873 1365 948 1439 καί
961 1367 1085 1459 ἐβόησε

87 1511 102 1540 ε
115 1476 244 1563 Μωσῆς
268 1471 350 1563 πρός
373 1471 509 1561 κύριον,
534 1467 701 1561 λέγων,“
685 1500 703 1542 ο
732 1470 812 1553 θεός
842 1474 958 1560 δέομαι
989 1482 1084 1543 λασαι

115 1567 256 1659 αύτῆν.”

190 1677 241 1742 22.
270 1671 441 1755 λλσαύτως
465 1675 507 1747 ,δὲ
531 1678 585 1745 καὶ
614 1680 738 1764 μείζονι
763 1672 904 1763 δυνάμει
928 1677 1119 1757 ἐξουσίαςα

114 1771 132 1843 ὁ
152 1770 294 1864 Χριστός
311 1802 371 1846 τον
356 1779 468 1844 θεοῦ
485 1774 731 1868 προσελθόντος
749 1771 841 1869 αύτῷ
859 1778 1004 1865 λεπροῦ,
1025 1779 1083 1848 καλ

112 1873 285 1964 φήσαντος
299 1869 384 1948 “λάν
400 1878 516 1966 θέλης,
541 1875 688 1948 δύνασαί
674 1884 750 1967 λμε
779 1885 975 1966 καθαρίσαι·
1000 1875 1084 1950 ῦπε·

117 1984 269 2067 κρίνατο
289 1979 393 2065 θέλω,
407 1987 644 2069 καθαρίσθητι.
672 1981 761 2049 καίέ
746 1982 957 2070 ἐκαθαρίσθη
975 1975 1083 2105 αὐτοῦ

115 2074 288 2167 ῆλίπρα.”
332 2077 433 2149 πάλιν
458 2086 586 2167 Μωσῆς
605 2078 758 2151 δακτύλω
781 2083 868 2151 θεοῦ
890 2088 994 2169 ἔφησε
1023 2080 1085 2154 τόν

115 2175 219 2267 νόμον
237 2178 437 2301 γεγράφθαι.
475 2178 706 2271 γε’γραπταιδ’
727 2173 789 2253 οῦν
806 2180 892 2254 “καλ
910 2188 1016 2254 ἔδωκε
1034 2189 1083 2279 τῷ
1095 2218 1121 2261 2)

114 2290 247 2368 Μωσεῐ,
271 2275 372 2368 ῆνίκα
397 2285 586 2353 κατέπαυσε
616 2286 728 2354 λαλών
757 2280 847 2376 αύτῷ
876 2288 914 2354 ἐν
934 2312 981 2378 τω
1009 2281 1083 2373 ὄρει

113 2385 213 2472 Σινά,
231 2382 289 2465 τάς
308 2383 370 2456 δύο
389 2381 517 2467 πλάκας
535 2414 595 2455 του
582 2389 816 2505 μαρτυρίου,
835 2386 963 2467 πλάκας
989 2394 1085 2458 λιθί-

113 2513 172 2567 νας
190 2489 419 2576 γεγραμμένας
436 2515 482 2579 τω
471 2485 654 2580 δακτύλω
672 2515 731 2558 του
720 2482 862 2557 θεοῦ.”

85 2619 100 2659 ο
189 2591 240 2655 23.
268 2589 336 2656 Και
351 2591 444 2657 ἐν
406 2617 446 2677 τη
460 2584 604 2681 Ἐξόδςο
606 2577 782 2658 είπον
740 2617 833 2658 ουνο
836 2591 1017 2659 λέπαοιδοί
1034 2593 1084 2684 τῷ

115 2693 258 2777 Φαραῷ,
284 2685 446 2768 δάκτυλος
469 2691 554 2758 θεοῦ
581 2691 671 2760 ἐστιν
701 2685 827 2760 τοῦτο.”
870 2684 1029 2772 ώσαύτως
1042 2692 1121 2767 δδι

112 2783 194 2856 κάλ’
191 2786 343 2875 λησοῦς’
328 2818 346 2859 ο
365 2787 507 2876 Χριστός
524 2793 584 2860 τοῦ
601 2793 688 2861 θεοῦ
704 2807 773 2873 τοῖς
792 2798 988 2881 Φαρισαίοις
1006 2797 1082 2863 ἔλε-

113 2916 174 2976 γεν
188 2882 206 2912 “
219 2894 250 2957 εί
262 2889 300 2960 δὲ
319 2892 356 2960 ἐν
374 2888 528 2986 δακτύλῳ
550 2896 636 2962 θεοῦ
659 2890 810 2981 ἐκβάλλω
833 2890 874 2963 τά
893 2889 1079 2982 δαιμόνια.”

189 2993 240 3059 24.
270 2988 342 3080 Ἐφ’
369 2987 458 3075 ὅλοις
481 2990 609 3076 τούτοις
627 2998 757 3083 Μωσῆς
780 2993 994 3085 μετωνόμασε
1019 2993 1081 3067 τόν

112 3089 236 3179 Ναυῆν
258 3089 405 3183 Ἰησοῦν,
425 3089 582 3177 ώσαύτως
608 3097 644 3166 δὲ
668 3097 724 3166 καὶ
746 3094 764 3167 ὁ
784 3096 906 3188 σωτὴρ,
928 3094 988 3167 τόν
1018 3104 1080 3177 ἱλ-

181 3357 311 3409 7Matth.
326 3361 367 3424 17,
380 3363 404 3412 2.
511 3364 542 3412 12
560 3363 640 3413 Num.
655 3364 696 3426 12,
712 3365 753 3414 10.
853 3364 884 3414 17
901 3363 1002 3414 Με1111.
1014 3365 1040 3423 8,
1052 3366 1078 3416 2.

112 3423 199 3473 20111
201 3423 244 3473 od.
258 3427 299 3487 31,
313 3428 355 3477 18.
459 3430 492 3478 24
510 3429 596 3483 Exod.
609 3431 633 3493 8,
648 3431 689 3480 19.
794 3432 826 3482 27
844 3430 944 3482 Matth.
958 3433 1001 3497 12,
1014 3399 1057 3481 27.
