2326 3818
144 111 209 173 224
553 109 701 160 Eusssssn

145 246 282 340 ἀρχικόν
295 277 331 318 τε
345 246 401 318 διά
411 255 516 318 ταῦτα
530 250 586 317 καὶ
599 244 774 337 βασιλικόν
787 254 855 317 τῶν
866 250 919 316 ἐπὶ
933 251 992 336 γῆς
1007 245 1118 320 ἁπάν-

144 379 212 421 των
231 348 322 443 ζῴων
340 357 484 437 καθίστη
501 346 559 419 τόν
576 346 777 438 ἄνθρωπον,
805 346 986 437 ἐλεύθερόν
1003 377 1040 419 τε
1058 355 1118 422 καὶ

145 448 359 534 αὐτεξούσιον
376 455 433 539 τῆς
453 458 499 531 είς
522 450 558 520 τό
577 449 679 520 καλὸν
697 445 718 539 ῆ
737 457 784 530 είς
803 447 1001 520 τούναντίον
1019 448 1117 541 ῆφίει

117 582 132 621 (ι
147 551 250 624 αὐτόν
268 558 380 643 ῥοπῆς.
426 550 491 622 8.ὁ
520 553 556 621 δέ
582 550 623 620 οὐ
650 555 757 633 καλῶς
782 554 822 641 τῆ
846 547 1116 642 αότεξουσιότητι

145 653 366 745 χρησάμενος,
390 661 448 740 τῆς
472 651 576 741 ὀρθῆς
596 655 788 739 διατραπεὶς
805 649 904 740 ὁδοῦ,
933 651 995 739 τὴν
1013 657 1141 726 ἔναυ-ε

144 767 220 826 τίαν
244 751 392 845 ὡρμᾶτο,
416 751 498 841 μῆτε
521 751 605 823 θεὸν
622 751 704 842 μῆτε
722 752 856 843 κόριον,
881 750 957 842 μήτ’
979 761 1027 823 ἔτι
1045 762 1116 826 τῶν

144 856 248 927 ὁσίων
266 857 320 924 καὶ
341 851 492 941 εὐσεβῶν
511 852 782 943 ἐπιλογιζόμενος,
801 861 920 943 θηρῶν
938 853 1117 944 δὲτρόπον

145 955 276 1042 ἀλόγων
307 953 428 1036 πόσαις
451 952 628 1044 ἀνημέροις
651 958 707 1024 καὶ
737 953 930 1036 ἀκολάστοις
954 954 1117 1044 πράξεσιν

147 1062 313 1144 ἐγχειρῶν.
351 1063 379 1125 9.
401 1054 511 1126 εἰκότα
528 1062 613 1145 γοῦν
631 1059 737 1148 ἑαυτῷ
756 1063 862 1126 ποιῶν
879 1054 897 1125 ὁ
916 1056 1117 1145 πανάγαθος

145 1159 201 1226 καὶ
219 1158 446 1245 παμβασιλευς
466 1156 564 1239 αὐτὸς
582 1153 600 1228 ὁ
617 1154 755 1240 ὕψιστος
770 1160 826 1226 καὶ
839 1156 918 1238 θεὸς
931 1162 999 1226 τῶν
1011 1154 1115 1248 ὅλων,
1131 1190 1155 1231 ιο

147 1257 189 1338 ὡς
203 1254 245 1328 άν
258 1256 449 1348 μῆόίναρχοι
463 1262 518 1328 καὶ
532 1255 784 1346 άνεπιστάτητοι
797 1256 1000 1347 θρεμμάτων
1014 1264 1117 1348 δίκην

77 1389 133 1440 [ιω]
146 1356 277 1449 άλόγων
296 1360 364 1430 εἶεν
381 1366 416 1430 οί
432 1364 485 1430 ἐπὶ
502 1363 563 1449 γῆς
580 1357 772 1450 άνθρωποι,
797 1357 981 1448 προστάτας
1000 1357 1116 1432 αὐτῶν

146 1465 200 1532 καλ
216 1460 423 1551 ἐπιμελητάς,
444 1460 555 1550 ὥσπερ
569 1459 661 1542 τινάς
670 1457 854 1550 άγελάρχας
868 1463 924 1530 καὶ
942 1464 1115 1551 ποιμένας,

77 1572 261 1644 (ἳωίθείους
279 1564 440 1652 ἀγγέλους
458 1561 690 1650 κατεστήσατο,
709 1561 872 1651 προτάξας
886 1560 1044 1632 ἁπάντων
1059 1566 1117 1633 καὶ

145 1680 212 1745 τοϊς
231 1668 334 1734 πᾶσιν
359 1662 536 1751 ἐπιστήσας
559 1660 618 1732 τόν
640 1669 804 1751 μονογενῆ
824 1665 879 1732 καὶ
902 1661 1117 1752 πρωτότοκον
1128 1690 1154 1733 ιο

146 1763 250 1834 αὑτοῦ
268 1764 377 1853 λόγον.
417 1769 464 1834 10.
484 1761 591 1856 τούτῳ
607 1764 641 1832 δὲ
656 1766 779 1855 κλῆρον
794 1767 973 1850 ἐξαίρετον,
991 1760 1117 1847 αάτούς

145 1862 305 1955 άγγέλους
323 1869 379 1936 καὶ
397 1861 638 1954 άρχαγγέλους,
657 1867 712 1933 καί
726 1872 822 1946 θείας
837 1862 1007 1954 δυνάμεις,
1026 1862 1117 1935 άῦλά

146 1995 181 2036 τε
208 1969 263 2034 καὶ
282 1963 509 2055 ὑπερουράνια
527 1963 717 2054 πνεύματα,
743 1969 798 2037 ναὶ
816 1965 883 2055 μῆν
901 1969 1041 2035 καὶτῶν
1060 1969 1117 2037 ἐπὶ

146 2071 207 2154 γῆς
230 2066 286 2146 τάς
314 2069 349 2135 ἐν
373 2063 566 2152 ἀνθρώποις
584 2076 758 2154 θεοφιλεῖς
781 2065 889 2156 ψυχάς
907 2062 1116 2157 άφωρίσατο,

142 2164 258 2254 Ἰακώβ
277 2170 332 2237 καὶ
346 2166 478 2257 Ἰσραῆλ
492 2163 656 2257 Ἑβραίων
675 2176 910 2258 προσηγορίαις
936 2171 1154 2239 έπικαλου-εο

147 2270 257 2358 μένας.

117 2400 131 2439 ο
219 2385 278 2445 VH.
313 2375 416 2442 Τοῦτο
440 2376 634 2460 μυστηρίων
656 2367 693 2440 τό
715 2372 870 2458 μέγιστον
887 2375 1015 2458 πρῶτος
1032 2381 1117 2441 θεο-

147 2470 256 2561 λόγων
280 2477 407 2562 Μωσῆς
432 2477 469 2541 έν
492 2468 690 2560 άπορρῆτυις
711 2465 884 2560 Ἐβραίους
909 2470 987 2551 τούς
1011 2470 1116 2542 πάλαι

148 2573 373 2663 ἐμυσταγοόγει
391 2575 498 2658 λέγων
511 2570 529 2596 “
536 2568 745 2660 ἐπερώτησον
761 2570 820 2641 τόν
832 2573 964 2661 πατέρα
976 2593 1038 2641 σον
1057 2575 1115 2643 καὶ

146 2673 325 2762 άναγγελεϊ
342 2695 395 2741 σοι
412 2671 490 2752 τούς
509 2675 755 2761 πρεσβυτέρους
769 2694 830 2743 σου
844 2676 899 2742 καὶ
919 2677 1035 2762 έρούσί
1050 2695 1112 2745 σοι.
1128 2700 1153 2743 ω

147 2771 202 2843 ὅτε
227 2777 407 2864 διεμέριζεν
425 2772 442 2843 ὁ
462 2769 599 2856 ὕψιστος
619 2779 719 2862 ἔθνη,
745 2774 790 2855 ὡς
815 2776 1002 2864 διέσπειρεν
1018 2774 1116 2857 υίοὺς

123 2872 264 2963 εἈέάμ,
289 2882 426 2965 ἔστησεν
449 2871 524 2964 ὅρια
550 2879 663 2945 ἐθνῶν
694 2873 767 2945 κατ’
793 2871 939 2965 άριθμὸν
962 2874 1116 2964 άγγέλων

149 2980 248 3063 θεού,
272 2980 326 3046 καὶ
355 2975 499 3066 ἐγενήθη
523 2980 616 3066 μερὶς
640 2984 758 3066 κυρίου
778 2975 855 3059 λαός
879 2976 984 3048 αὐτοῦ
997 2974 1116 3065 Ἰακώβ

149 3085 324 3168 σχοίνισμα
342 3087 562 3167 κληρονομίας
581 3076 686 3148 αὐτοῦ
701 3076 864 3168 Ἰσραῆλ.”

225 3187 254 3249 2.
279 3179 347 3249 Λιίι
370 3177 497 3250 τούτων
520 3183 604 3268 γοῦν
626 3178 769 3262 ὕψιστον
789 3181 851 3269 μὲν
873 3181 932 3251 τὸν
954 3175 1115 3248 ἀνωτάτω
1129 3212 1156 3252 ιο

150 3282 203 3348 καλ
223 3283 276 3350 έπλ
294 3284 375 3350 πάσι
392 3278 560 3352 θεόντων
577 3276 845 3370 ὅλωνόνομάζει,
865 3279 982 3371 κόριον
1000 3278 1037 3348 δὲ
1055 3278 1115 3351 τὸν

149 3379 267 3451 τούτου
292 3381 407 3471 λόγον,
436 3382 493 3453 τὸν
521 3382 562 3471 δὴ
587 3385 642 3452 καὶ
667 3387 830 3475 δευτέρως
854 3381 934 3473 ῆμίν
956 3377 1038 3472 μετά
1055 3379 1116 3454 τὸν
