<?xml version="1.0" encoding="UTF-8"?>
<!DOCTYPE html PUBLIC "-//W3C//DTD XHTML 1.0 Transitional//EN"
    "http://www.w3.org/TR/xhtml1/DTD/xhtml1-transitional.dtd">
<html xmlns="http://www.w3.org/1999/xhtml" xml:lang="en" lang="en">
 <head>
  <title>
</title>
<meta http-equiv="Content-Type" content="text/html;charset=utf-8" />
  <meta name='ocr-system' content='tesseract 3.04.00' />
  <meta name='ocr-capabilities' content='ocr_page ocr_carea ocr_par ocr_line ocrx_word'/>
</head>
<body>
  <div class='ocr_page' id='page_1' title='image "./eusebiicaesarie01dindgoog/eusebiicaesarie01dindgoog_0435.png"; bbox 0 0 2326 3818; ppageno 0'>
   <div class='ocr_carea' id='block_1_1' title="bbox 113 121 668 187">
    <p class='ocr_par' dir='ltr' id='par_1_1' title="bbox 113 121 668 187">
     <span class='ocr_line' id='line_1_1' title="bbox 113 121 668 187; baseline 0 -17"><span class='ocrx_word' id='word_1_1' title='bbox 113 122 175 187; x_wconf 74' lang='lat'><strong><em>366</em></strong></span> <span class='ocrx_word' id='word_1_2' title='bbox 518 121 668 172; x_wconf 78' lang='grc' dir='ltr'><strong><em>εοεοειι</em></strong></span> 
     </span>
    </p>
   </div>
   <div class='ocr_carea' id='block_1_2' title="bbox 84 257 1109 1163">
    <p class='ocr_par' dir='ltr' id='par_1_2' title="bbox 112 257 1084 554">
     <span class='ocr_line' id='line_1_2' title="bbox 112 257 1084 351; baseline -0.001 -19"><span class='ocrx_word' id='word_1_3' title='bbox 112 260 249 333; x_wconf 92' lang='grc' dir='ltr'><strong><em>τότοκον</em></strong></span> <span class='ocrx_word' id='word_1_4' title='bbox 267 257 520 351; x_wconf 79' lang='grc' dir='ltr'><strong><em>άνομασμίνον,</em></strong></span> <span class='ocrx_word' id='word_1_5' title='bbox 544 259 674 330; x_wconf 83' lang='grc' dir='ltr'><strong><em>καὶτὸν</em></strong></span> <span class='ocrx_word' id='word_1_6' title='bbox 692 261 808 348; x_wconf 69' lang='grc' dir='ltr'><strong><em>σαφεῖς</em></strong></span> <span class='ocrx_word' id='word_1_7' title='bbox 830 257 1084 350; x_wconf 83' lang='grc' dir='ltr'><strong><em>προφητενόμε·</em></strong></span> 
     </span>
     <span class='ocr_line' id='line_1_3' title="bbox 112 356 1084 452; baseline -0.002 -18"><span class='ocrx_word' id='word_1_8' title='bbox 112 392 174 434; x_wconf 94' lang='grc' dir='ltr'><strong><em>νον</em></strong></span> <span class='ocrx_word' id='word_1_9' title='bbox 196 360 273 433; x_wconf 87' lang='grc' dir='ltr'><strong><em>νίόν</em></strong></span> <span class='ocrx_word' id='word_1_10' title='bbox 297 367 399 450; x_wconf 78' lang='grc' dir='ltr'><strong><em>θεοῦ,</em></strong></span> <span class='ocrx_word' id='word_1_11' title='bbox 426 356 640 452; x_wconf 81' lang='grc' dir='ltr'><strong><em>άπεργίγήθε</em></strong></span> <span class='ocrx_word' id='word_1_12' title='bbox 662 377 734 443; x_wconf 73' lang='grc' dir='ltr'><strong><em>ταῖς</em></strong></span> <span class='ocrx_word' id='word_1_13' title='bbox 766 365 993 450; x_wconf 80' lang='grc' dir='ltr'><strong><em>ἐπαγγελίαις,</em></strong></span> <span class='ocrx_word' id='word_1_14' title='bbox 1025 365 1084 432; x_wconf 81' lang='grc' dir='ltr'><strong><em>καὶ</em></strong></span> 
     </span>
     <span class='ocr_line' id='line_1_4' title="bbox 113 458 1083 554; baseline -0.001 -20"><span class='ocrx_word' id='word_1_15' title='bbox 113 461 309 554; x_wconf 79' lang='grc' dir='ltr'><strong><em>συνεύχεται</em></strong></span> <span class='ocrx_word' id='word_1_16' title='bbox 332 467 543 553; x_wconf 77' lang='grc' dir='ltr'><strong><em>πιστωθῆναι</em></strong></span> <span class='ocrx_word' id='word_1_17' title='bbox 565 460 605 532; x_wconf 88' lang='grc' dir='ltr'><strong><em>τά</em></strong></span> <span class='ocrx_word' id='word_1_18' title='bbox 628 467 686 550; x_wconf 80' lang='grc' dir='ltr'><strong><em>τῆς</em></strong></span> <span class='ocrx_word' id='word_1_19' title='bbox 704 458 938 554; x_wconf 76' lang='grc' dir='ltr'><strong><em>προρρήσεως,</em></strong></span> <span class='ocrx_word' id='word_1_20' title='bbox 963 467 1083 552; x_wconf 78' lang='grc' dir='ltr'><strong><em>ἐπιδη-</em></strong></span> 
     </span>
    </p>

    <p class='ocr_par' dir='ltr' id='par_1_3' title="bbox 84 560 1109 1163">
     <span class='ocr_line' id='line_1_5' title="bbox 84 560 1081 655; baseline -0.001 -18"><span class='ocrx_word' id='word_1_21' title='bbox 84 608 94 637; x_wconf 76' lang='grc' dir='ltr'><strong><em>ε</em></strong></span> <span class='ocrx_word' id='word_1_22' title='bbox 111 563 231 655; x_wconf 88' lang='grc' dir='ltr'><strong><em>μήσειν</em></strong></span> <span class='ocrx_word' id='word_1_23' title='bbox 248 594 284 636; x_wconf 90' lang='grc' dir='ltr'><strong><em>τε</em></strong></span> <span class='ocrx_word' id='word_1_24' title='bbox 297 562 356 636; x_wconf 84' lang='grc' dir='ltr'><strong><em>τόν</em></strong></span> <span class='ocrx_word' id='word_1_25' title='bbox 369 561 674 655; x_wconf 82' lang='grc' dir='ltr'><strong><em>προφητενόμενον,</em></strong></span> <span class='ocrx_word' id='word_1_26' title='bbox 693 560 904 655; x_wconf 92' lang='grc' dir='ltr'><strong><em>πρωτότοκον</em></strong></span> <span class='ocrx_word' id='word_1_27' title='bbox 923 565 978 632; x_wconf 82' lang='grc' dir='ltr'><strong><em>καὶ</em></strong></span> <span class='ocrx_word' id='word_1_28' title='bbox 992 570 1081 636; x_wconf 84' lang='grc' dir='ltr'><strong><em>θεοῦ</em></strong></span> 
     </span>
     <span class='ocr_line' id='line_1_6' title="bbox 111 659 1109 758; baseline 0 -22"><span class='ocrx_word' id='word_1_29' title='bbox 111 666 188 738; x_wconf 89' lang='grc' dir='ltr'><strong><em>νίὸν</em></strong></span> <span class='ocrx_word' id='word_1_30' title='bbox 204 665 430 758; x_wconf 77' lang='grc' dir='ltr'><strong><em>ἀναγορεύων.</em></strong></span> <span class='ocrx_word' id='word_1_31' title='bbox 468 663 520 735; x_wconf 78' lang='grc' dir='ltr'><strong><em>διό</em></strong></span> <span class='ocrx_word' id='word_1_32' title='bbox 538 688 621 755; x_wconf 86' lang='grc' dir='ltr'><strong><em>φησι</em></strong></span> <span class='ocrx_word' id='word_1_33' title='bbox 633 660 714 735; x_wconf 68' lang='lat' dir='ltr'><strong><em>“nal</em></strong></span> <span class='ocrx_word' id='word_1_34' title='bbox 731 666 798 735; x_wconf 79' lang='grc' dir='ltr'><strong><em>νῦν</em></strong></span> <span class='ocrx_word' id='word_1_35' title='bbox 819 659 837 734; x_wconf 84' lang='grc' dir='ltr'><strong><em>ό</em></strong></span> <span class='ocrx_word' id='word_1_36' title='bbox 854 661 934 746; x_wconf 87' lang='grc' dir='ltr'><strong><em>θεός</em></strong></span> <span class='ocrx_word' id='word_1_37' title='bbox 948 663 1109 755; x_wconf 81' lang='grc' dir='ltr'><strong><em>Ἰσραήλε</em></strong></span> 
     </span>
     <span class='ocr_line' id='line_1_7' title="bbox 111 763 1085 860; baseline -0.001 -21"><span class='ocrx_word' id='word_1_38' title='bbox 111 767 311 858; x_wconf 88' lang='grc' dir='ltr'><strong><em>πιστωθήτω</em></strong></span> <span class='ocrx_word' id='word_1_39' title='bbox 337 765 378 855; x_wconf 81' lang='grc' dir='ltr'><strong><em>δή</em></strong></span> <span class='ocrx_word' id='word_1_40' title='bbox 404 764 441 836; x_wconf 85' lang='grc' dir='ltr'><strong><em>τό</em></strong></span> <span class='ocrx_word' id='word_1_41' title='bbox 466 765 554 856; x_wconf 81' lang='grc' dir='ltr'><strong><em>ῥῆμά</em></strong></span> <span class='ocrx_word' id='word_1_42' title='bbox 578 791 657 854; x_wconf 90' lang='grc' dir='ltr'><strong><em>σον,</em></strong></span> <span class='ocrx_word' id='word_1_43' title='bbox 683 763 704 836; x_wconf 82' lang='grc' dir='ltr'><strong><em>ό</em></strong></span> <span class='ocrx_word' id='word_1_44' title='bbox 729 764 892 855; x_wconf 78' lang='grc' dir='ltr'><strong><em>ἐλάλησας</em></strong></span> <span class='ocrx_word' id='word_1_45' title='bbox 914 769 962 860; x_wconf 72' lang='grc' dir='ltr'><strong><em>τῷ</em></strong></span> <span class='ocrx_word' id='word_1_46' title='bbox 984 774 1085 838; x_wconf 79' lang='grc' dir='ltr'><strong><em>παιδί</em></strong></span> 
     </span>
     <span class='ocr_line' id='line_1_8' title="bbox 110 864 1081 961; baseline -0.003 -20"><span class='ocrx_word' id='word_1_47' title='bbox 110 893 172 941; x_wconf 91' lang='grc' dir='ltr'><strong><em>σον</em></strong></span> <span class='ocrx_word' id='word_1_48' title='bbox 191 872 305 957; x_wconf 76' lang='grc' dir='ltr'><strong><em>Δαβὶδ</em></strong></span> <span class='ocrx_word' id='word_1_49' title='bbox 322 873 368 961; x_wconf 73' lang='grc' dir='ltr'><strong><em>τῷ</em></strong></span> <span class='ocrx_word' id='word_1_50' title='bbox 386 875 489 958; x_wconf 90' lang='grc' dir='ltr'><strong><em>πατρί</em></strong></span> <span class='ocrx_word' id='word_1_51' title='bbox 504 896 578 956; x_wconf 93' lang='grc' dir='ltr'><strong><em>μον.</em></strong></span> <span class='ocrx_word' id='word_1_52' title='bbox 614 864 664 937; x_wconf 84' lang='grc' dir='ltr'><strong><em>ότι</em></strong></span> <span class='ocrx_word' id='word_1_53' title='bbox 683 875 713 938; x_wconf 89' lang='grc' dir='ltr'><strong><em>εί</em></strong></span> <span class='ocrx_word' id='word_1_54' title='bbox 735 866 870 956; x_wconf 80' lang='grc' dir='ltr'><strong><em>άλήθως</em></strong></span> <span class='ocrx_word' id='word_1_55' title='bbox 888 866 1081 958; x_wconf 80' lang='grc' dir='ltr'><strong><em>κατοικήσει</em></strong></span> 
     </span>
     <span class='ocr_line' id='line_1_9' title="bbox 110 965 1079 1060; baseline -0.003 -19"><span class='ocrx_word' id='word_1_56' title='bbox 110 970 189 1050; x_wconf 88' lang='grc' dir='ltr'><strong><em>θεός</em></strong></span> <span class='ocrx_word' id='word_1_57' title='bbox 206 968 287 1058; x_wconf 88' lang='grc' dir='ltr'><strong><em>μετά</em></strong></span> <span class='ocrx_word' id='word_1_58' title='bbox 311 966 503 1060; x_wconf 80' lang='grc' dir='ltr'><strong><em>άνθροόπων</em></strong></span> <span class='ocrx_word' id='word_1_59' title='bbox 528 971 580 1038; x_wconf 79' lang='grc' dir='ltr'><strong><em>ἐπὶ</em></strong></span> <span class='ocrx_word' id='word_1_60' title='bbox 598 972 656 1056; x_wconf 87' lang='grc' dir='ltr'><strong><em>τής</em></strong></span> <span class='ocrx_word' id='word_1_61' title='bbox 674 973 752 1057; x_wconf 79' lang='grc' dir='ltr'><strong><em>γῆς,</em></strong></span> <span class='ocrx_word' id='word_1_62' title='bbox 779 976 808 1038; x_wconf 89' lang='grc' dir='ltr'><strong><em>εί</em></strong></span> <span class='ocrx_word' id='word_1_63' title='bbox 825 967 842 1038; x_wconf 85' lang='grc' dir='ltr'>ὁ</span> <span class='ocrx_word' id='word_1_64' title='bbox 861 965 1004 1058; x_wconf 77' lang='grc' dir='ltr'><strong><em>οὐρανός</em></strong></span> <span class='ocrx_word' id='word_1_65' title='bbox 1022 972 1079 1038; x_wconf 81' lang='grc' dir='ltr'><strong><em>καὶ</em></strong></span> 
     </span>
     <span class='ocr_line' id='line_1_10' title="bbox 110 1067 914 1163; baseline -0.001 -22"><span class='ocrx_word' id='word_1_66' title='bbox 110 1070 128 1141; x_wconf 86' lang='grc' dir='ltr'>ὁ</span> <span class='ocrx_word' id='word_1_67' title='bbox 147 1069 290 1163; x_wconf 85' lang='grc' dir='ltr'><strong><em>οὐρανὸς</em></strong></span> <span class='ocrx_word' id='word_1_68' title='bbox 307 1075 367 1141; x_wconf 81' lang='grc' dir='ltr'><strong><em>τοῦ</em></strong></span> <span class='ocrx_word' id='word_1_69' title='bbox 385 1069 533 1160; x_wconf 75' lang='grc' dir='ltr'><strong><em>οὐρανοῦ</em></strong></span> <span class='ocrx_word' id='word_1_70' title='bbox 549 1071 612 1140; x_wconf 84' lang='grc' dir='ltr'><strong><em>οὐκ</em></strong></span> <span class='ocrx_word' id='word_1_71' title='bbox 630 1068 814 1159; x_wconf 81' lang='grc' dir='ltr'><strong><em>άρκέσονσί</em></strong></span> <span class='ocrx_word' id='word_1_72' title='bbox 828 1067 914 1141; x_wconf 88' lang='grc' dir='ltr'><strong><em>σοι.”</em></strong></span> 
     </span>
    </p>
   </div>
   <div class='ocr_carea' id='block_1_3' title="bbox 434 1336 1142 1428">
    <p class='ocr_par' dir='ltr' id='par_1_4' title="bbox 434 1336 1142 1428">
     <span class='ocr_line' id='line_1_11' title="bbox 434 1336 1142 1428; baseline -0.001 -19"><span class='ocrx_word' id='word_1_73' title='bbox 434 1336 514 1409; x_wconf 86' lang='grc' dir='ltr'><strong><em>Ἀπό</em></strong></span> <span class='ocrx_word' id='word_1_74' title='bbox 532 1346 593 1409; x_wconf 80' lang='grc' dir='ltr'><strong><em>τοῦ</em></strong></span> <span class='ocrx_word' id='word_1_75' title='bbox 611 1347 750 1428; x_wconf 86' lang='grc' dir='ltr'><strong><em>Μιχαία.</em></strong></span> <span class='ocrx_word' id='word_1_76' title='bbox 1090 1351 1115 1391; x_wconf 77' lang='lat'><strong><em>1⁰</em></strong></span> <span class='ocrx_word' id='word_1_77' title='bbox 1134 1386 1142 1393; x_wconf 92' lang='lat'>-</span> 
     </span>
    </p>
   </div>
   <div class='ocr_carea' id='block_1_4' title="bbox 40 1469 1112 3292">
    <p class='ocr_par' dir='ltr' id='par_1_5' title="bbox 40 1469 1112 3292">
     <span class='ocr_line' id='line_1_12' title="bbox 185 1469 1076 1563; baseline -0.001 -18"><span class='ocrx_word' id='word_1_78' title='bbox 185 1489 260 1550; x_wconf 85' lang='lat' dir='ltr'><strong>Xlll.</strong></span> <span class='ocrx_word' id='word_1_79' title='bbox 287 1469 489 1545; x_wconf 78' lang='grc' dir='ltr'><strong><em>“Ἀκοάσατε</em></strong></span> <span class='ocrx_word' id='word_1_80' title='bbox 515 1476 588 1544; x_wconf 79' lang='grc' dir='ltr'><strong><em>λαοὶ</em></strong></span> <span class='ocrx_word' id='word_1_81' title='bbox 618 1472 818 1554; x_wconf 75' lang='grc' dir='ltr'><strong><em>πάνταςκαὶ</em></strong></span> <span class='ocrx_word' id='word_1_82' title='bbox 843 1476 1031 1563; x_wconf 80' lang='grc' dir='ltr'><strong><em>προσεχέτω</em></strong></span> <span class='ocrx_word' id='word_1_83' title='bbox 1056 1469 1076 1563; x_wconf 89' lang='grc' dir='ltr'><strong><em>ή</em></strong></span> 
     </span>
     <span class='ocr_line' id='line_1_13' title="bbox 108 1570 1077 1666; baseline 0 -20"><span class='ocrx_word' id='word_1_84' title='bbox 108 1580 150 1664; x_wconf 80' lang='grc' dir='ltr'><strong><em>γῆ</em></strong></span> <span class='ocrx_word' id='word_1_85' title='bbox 175 1580 231 1646; x_wconf 81' lang='grc' dir='ltr'><strong><em>καὶ</em></strong></span> <span class='ocrx_word' id='word_1_86' title='bbox 254 1574 374 1658; x_wconf 87' lang='grc' dir='ltr'><strong><em>πάντες</em></strong></span> <span class='ocrx_word' id='word_1_87' title='bbox 393 1581 427 1646; x_wconf 88' lang='grc' dir='ltr'><strong><em>οί</em></strong></span> <span class='ocrx_word' id='word_1_88' title='bbox 449 1580 485 1646; x_wconf 82' lang='grc' dir='ltr'><strong><em>ἐν</em></strong></span> <span class='ocrx_word' id='word_1_89' title='bbox 503 1574 597 1666; x_wconf 82' lang='grc' dir='ltr'><strong><em>αὐτῇ.</em></strong></span> <span class='ocrx_word' id='word_1_90' title='bbox 639 1578 696 1645; x_wconf 83' lang='grc' dir='ltr'><strong><em>καὶ</em></strong></span> <span class='ocrx_word' id='word_1_91' title='bbox 714 1581 804 1645; x_wconf 79' lang='grc' dir='ltr'><strong><em>ἔσται</em></strong></span> <span class='ocrx_word' id='word_1_92' title='bbox 829 1574 943 1664; x_wconf 82' lang='grc' dir='ltr'><strong><em>κύριος</em></strong></span> <span class='ocrx_word' id='word_1_93' title='bbox 960 1570 978 1645; x_wconf 85' lang='grc' dir='ltr'>ὁ</span> <span class='ocrx_word' id='word_1_94' title='bbox 996 1572 1077 1659; x_wconf 82' lang='grc' dir='ltr'><strong><em>θεὸς</em></strong></span> 
     </span>
     <span class='ocr_line' id='line_1_14' title="bbox 40 1670 1076 1768; baseline -0.001 -19"><span class='ocrx_word' id='word_1_95' title='bbox 40 1710 95 1761; x_wconf 68' lang='grc' dir='ltr'><strong><em>μιν)</em></strong></span> <span class='ocrx_word' id='word_1_96' title='bbox 109 1675 203 1766; x_wconf 76' lang='grc' dir='ltr'><strong><em>ήμῶν</em></strong></span> <span class='ocrx_word' id='word_1_97' title='bbox 227 1686 274 1758; x_wconf 88' lang='grc' dir='ltr'><strong><em>είς</em></strong></span> <span class='ocrx_word' id='word_1_98' title='bbox 297 1675 498 1767; x_wconf 77' lang='grc' dir='ltr'><strong><em>μαρτύριον,</em></strong></span> <span class='ocrx_word' id='word_1_99' title='bbox 527 1676 641 1768; x_wconf 86' lang='grc' dir='ltr'><strong><em>κύριος</em></strong></span> <span class='ocrx_word' id='word_1_100' title='bbox 666 1680 698 1759; x_wconf 71' lang='grc' dir='ltr'><strong><em>ἐξ</em></strong></span> <span class='ocrx_word' id='word_1_101' title='bbox 722 1687 817 1747; x_wconf 88' lang='grc' dir='ltr'><strong><em>οίκον</em></strong></span> <span class='ocrx_word' id='word_1_102' title='bbox 840 1670 938 1765; x_wconf 84' lang='grc' dir='ltr'><strong><em>άγίον</em></strong></span> <span class='ocrx_word' id='word_1_103' title='bbox 961 1675 1076 1749; x_wconf 80' lang='grc' dir='ltr'><strong><em>αὐτοῦ.</em></strong></span> 
     </span>
     <span class='ocr_line' id='line_1_15' title="bbox 109 1776 1077 1870; baseline 0.003 -23"><span class='ocrx_word' id='word_1_104' title='bbox 109 1778 192 1848; x_wconf 75' lang='grc' dir='ltr'><strong><em>διότι</em></strong></span> <span class='ocrx_word' id='word_1_105' title='bbox 217 1776 292 1849; x_wconf 75' lang='grc' dir='ltr'><strong><em>ίθοά</em></strong></span> <span class='ocrx_word' id='word_1_106' title='bbox 316 1777 431 1869; x_wconf 80' lang='grc' dir='ltr'><strong><em>κύριος</em></strong></span> <span class='ocrx_word' id='word_1_107' title='bbox 454 1777 568 1870; x_wconf 82' lang='grc' dir='ltr'><strong><em>κύριος</em></strong></span> <span class='ocrx_word' id='word_1_108' title='bbox 592 1776 806 1867; x_wconf 79' lang='grc' dir='ltr'><strong><em>ἐκπορεύεται</em></strong></span> <span class='ocrx_word' id='word_1_109' title='bbox 829 1783 866 1848; x_wconf 83' lang='grc' dir='ltr'><strong><em>ἐκ</em></strong></span> <span class='ocrx_word' id='word_1_110' title='bbox 888 1780 948 1849; x_wconf 79' lang='grc' dir='ltr'><strong><em>τοῦ</em></strong></span> <span class='ocrx_word' id='word_1_111' title='bbox 971 1777 1077 1850; x_wconf 88' lang='grc' dir='ltr'><strong><em>τόπον</em></strong></span> 
     </span>
     <span class='ocr_line' id='line_1_16' title="bbox 107 1875 1111 1969; baseline -0.003 -20"><span class='ocrx_word' id='word_1_112' title='bbox 107 1876 229 1969; x_wconf 76' lang='grc' dir='ltr'><strong><em>αὐτοῦ,</em></strong></span> <span class='ocrx_word' id='word_1_113' title='bbox 256 1883 312 1950; x_wconf 81' lang='grc' dir='ltr'><strong><em>καὶ</em></strong></span> <span class='ocrx_word' id='word_1_114' title='bbox 339 1878 561 1968; x_wconf 83' lang='grc' dir='ltr'><strong><em>καταβήσεται</em></strong></span> <span class='ocrx_word' id='word_1_115' title='bbox 588 1881 642 1948; x_wconf 81' lang='grc' dir='ltr'><strong><em>ἐπὶ</em></strong></span> <span class='ocrx_word' id='word_1_116' title='bbox 664 1876 704 1949; x_wconf 87' lang='grc' dir='ltr'><strong><em>τά</em></strong></span> <span class='ocrx_word' id='word_1_117' title='bbox 727 1875 798 1968; x_wconf 80' lang='grc' dir='ltr'><strong><em>ὕψη</em></strong></span> <span class='ocrx_word' id='word_1_118' title='bbox 821 1884 881 1968; x_wconf 83' lang='grc' dir='ltr'><strong><em>τής</em></strong></span> <span class='ocrx_word' id='word_1_119' title='bbox 908 1883 986 1968; x_wconf 87' lang='grc' dir='ltr'><strong><em>γής,</em></strong></span> <span class='ocrx_word' id='word_1_120' title='bbox 1018 1882 1074 1952; x_wconf 79' lang='grc' dir='ltr'><strong><em>καὶ</em></strong></span> <span class='ocrx_word' id='word_1_121' title='bbox 1088 1903 1111 1946; x_wconf 81' lang='grc' dir='ltr'><strong><em>ιι</em></strong></span> 
     </span>
     <span class='ocr_line' id='line_1_17' title="bbox 107 1977 1076 2070; baseline 0.003 -20"><span class='ocrx_word' id='word_1_122' title='bbox 107 1981 351 2067; x_wconf 88' lang='grc' dir='ltr'><strong><em>σαλευθήσεται</em></strong></span> <span class='ocrx_word' id='word_1_123' title='bbox 365 1980 405 2050; x_wconf 86' lang='grc' dir='ltr'><strong><em>τά</em></strong></span> <span class='ocrx_word' id='word_1_124' title='bbox 422 1978 483 2069; x_wconf 80' lang='grc' dir='ltr'><strong><em>ὅρη</em></strong></span> <span class='ocrx_word' id='word_1_125' title='bbox 501 1978 723 2051; x_wconf 73' lang='grc' dir='ltr'><strong><em>ὑποκάτωθεν</em></strong></span> <span class='ocrx_word' id='word_1_126' title='bbox 740 1977 863 2070; x_wconf 82' lang='grc' dir='ltr'><strong><em>αὐτοῦ,</em></strong></span> <span class='ocrx_word' id='word_1_127' title='bbox 882 1983 938 2050; x_wconf 77' lang='grc' dir='ltr'><strong><em>καὶ</em></strong></span> <span class='ocrx_word' id='word_1_128' title='bbox 956 1987 993 2050; x_wconf 87' lang='grc' dir='ltr'><strong><em>αί</em></strong></span> <span class='ocrx_word' id='word_1_129' title='bbox 1010 2011 1076 2053; x_wconf 89' lang='grc' dir='ltr'><strong><em>κοι-</em></strong></span> 
     </span>
     <span class='ocr_line' id='line_1_18' title="bbox 106 2077 1076 2172; baseline 0.002 -21"><span class='ocrx_word' id='word_1_130' title='bbox 106 2079 206 2162; x_wconf 79' lang='grc' dir='ltr'><strong><em>λάὸες</em></strong></span> <span class='ocrx_word' id='word_1_131' title='bbox 223 2080 423 2170; x_wconf 89' lang='grc' dir='ltr'><strong><em>τακήσονται</em></strong></span> <span class='ocrx_word' id='word_1_132' title='bbox 434 2077 478 2163; x_wconf 80' lang='grc' dir='ltr'><strong><em>άς</em></strong></span> <span class='ocrx_word' id='word_1_133' title='bbox 492 2081 591 2172; x_wconf 84' lang='grc' dir='ltr'><strong><em>κηρὸς</em></strong></span> <span class='ocrx_word' id='word_1_134' title='bbox 605 2079 670 2151; x_wconf 84' lang='grc' dir='ltr'><strong><em>άπὸ</em></strong></span> <span class='ocrx_word' id='word_1_135' title='bbox 683 2079 865 2171; x_wconf 81' lang='grc' dir='ltr'><strong><em>προσάπον</em></strong></span> <span class='ocrx_word' id='word_1_136' title='bbox 883 2081 1001 2172; x_wconf 83' lang='grc' dir='ltr'><strong><em>πυρός,</em></strong></span> <span class='ocrx_word' id='word_1_137' title='bbox 1020 2087 1076 2153; x_wconf 82' lang='grc' dir='ltr'><strong><em>καὶ</em></strong></span> 
     </span>
     <span class='ocr_line' id='line_1_19' title="bbox 107 2180 1077 2274; baseline 0.005 -23"><span class='ocrx_word' id='word_1_138' title='bbox 107 2180 150 2262; x_wconf 76' lang='grc' dir='ltr'><strong><em>ὡς</em></strong></span> <span class='ocrx_word' id='word_1_139' title='bbox 168 2181 262 2272; x_wconf 80' lang='grc' dir='ltr'><strong><em>ὕδωρ</em></strong></span> <span class='ocrx_word' id='word_1_140' title='bbox 280 2181 552 2274; x_wconf 83' lang='grc' dir='ltr'><strong><em>καταφερόμενον</em></strong></span> <span class='ocrx_word' id='word_1_141' title='bbox 570 2188 607 2254; x_wconf 80' lang='grc' dir='ltr'><strong><em>ἐν</em></strong></span> <span class='ocrx_word' id='word_1_142' title='bbox 624 2182 813 2271; x_wconf 88' lang='grc' dir='ltr'><strong><em>καταβάσει.</em></strong></span> <span class='ocrx_word' id='word_1_143' title='bbox 853 2180 896 2253; x_wconf 76' lang='grc' dir='ltr'><strong><em>δι’</em></strong></span> <span class='ocrx_word' id='word_1_144' title='bbox 917 2182 1077 2273; x_wconf 83' lang='grc' dir='ltr'><strong><em>άσὲβειαν</em></strong></span> 
     </span>
     <span class='ocr_line' id='line_1_20' title="bbox 101 2280 1073 2376; baseline -0.001 -21"><span class='ocrx_word' id='word_1_145' title='bbox 101 2283 219 2373; x_wconf 71' lang='grc' dir='ltr'><strong><em>Ἰακὼβ</em></strong></span> <span class='ocrx_word' id='word_1_146' title='bbox 237 2283 474 2374; x_wconf 77' lang='grc' dir='ltr'><strong><em>πάνταταῦτα,</em></strong></span> <span class='ocrx_word' id='word_1_147' title='bbox 493 2288 548 2355; x_wconf 83' lang='grc' dir='ltr'><strong><em>καὶ</em></strong></span> <span class='ocrx_word' id='word_1_148' title='bbox 560 2281 605 2355; x_wconf 79' lang='grc' dir='ltr'><strong><em>δι’</em></strong></span> <span class='ocrx_word' id='word_1_149' title='bbox 621 2280 786 2374; x_wconf 77' lang='grc' dir='ltr'><strong><em>ἁμαρτίαν</em></strong></span> <span class='ocrx_word' id='word_1_150' title='bbox 799 2296 894 2354; x_wconf 88' lang='grc' dir='ltr'><strong><em>οίκου</em></strong></span> <span class='ocrx_word' id='word_1_151' title='bbox 910 2281 1073 2376; x_wconf 86' lang='grc' dir='ltr'><strong><em>Ἰσραήλ.”</em></strong></span> 
     </span>
     <span class='ocr_line' id='line_1_21' title="bbox 181 2383 1112 2477; baseline -0.001 -22"><span class='ocrx_word' id='word_1_152' title='bbox 181 2392 212 2458; x_wconf 79' lang='grc'><strong><em>2.</em></strong></span> <span class='ocrx_word' id='word_1_153' title='bbox 231 2389 299 2457; x_wconf 80' lang='grc' dir='ltr'><strong><em>Καὶ</em></strong></span> <span class='ocrx_word' id='word_1_154' title='bbox 316 2391 382 2458; x_wconf 74' lang='grc' dir='ltr'><strong><em>νῦν</em></strong></span> <span class='ocrx_word' id='word_1_155' title='bbox 399 2385 596 2468; x_wconf 87' lang='grc' dir='ltr'><strong><em>άκαλάπτως</em></strong></span> <span class='ocrx_word' id='word_1_156' title='bbox 610 2390 643 2469; x_wconf 81' lang='grc' dir='ltr'><strong><em>ἐξ</em></strong></span> <span class='ocrx_word' id='word_1_157' title='bbox 661 2383 809 2476; x_wconf 77' lang='grc' dir='ltr'><strong><em>οὐρανοῦ</em></strong></span> <span class='ocrx_word' id='word_1_158' title='bbox 822 2384 946 2457; x_wconf 73' lang='grc' dir='ltr'><strong><em>κατιὼν</em></strong></span> <span class='ocrx_word' id='word_1_159' title='bbox 959 2386 1075 2477; x_wconf 82' lang='grc' dir='ltr'><strong><em>κύριος</em></strong></span> <span class='ocrx_word' id='word_1_160' title='bbox 1088 2415 1112 2454; x_wconf 81' lang='grc' dir='ltr'><strong><em>νο</em></strong></span> 
     </span>
     <span class='ocr_line' id='line_1_22' title="bbox 104 2486 1074 2579; baseline -0.002 -20"><span class='ocrx_word' id='word_1_161' title='bbox 104 2486 236 2579; x_wconf 82' lang='grc' dir='ltr'><strong><em>ὁθεός,</em></strong></span> <span class='ocrx_word' id='word_1_162' title='bbox 263 2488 525 2579; x_wconf 81' lang='grc' dir='ltr'><strong><em>ἐκπορευόμενός</em></strong></span> <span class='ocrx_word' id='word_1_163' title='bbox 549 2517 585 2559; x_wconf 85' lang='grc' dir='ltr'><strong><em>τε</em></strong></span> <span class='ocrx_word' id='word_1_164' title='bbox 610 2492 646 2558; x_wconf 78' lang='grc' dir='ltr'><strong><em>ἐκ</em></strong></span> <span class='ocrx_word' id='word_1_165' title='bbox 663 2495 724 2558; x_wconf 83' lang='grc' dir='ltr'><strong><em>τοῦ</em></strong></span> <span class='ocrx_word' id='word_1_166' title='bbox 741 2486 845 2557; x_wconf 87' lang='grc' dir='ltr'><strong><em>τόπον</em></strong></span> <span class='ocrx_word' id='word_1_167' title='bbox 869 2486 992 2578; x_wconf 78' lang='grc' dir='ltr'><strong><em>αὐτοῦ,</em></strong></span> <span class='ocrx_word' id='word_1_168' title='bbox 1019 2488 1074 2557; x_wconf 78' lang='grc' dir='ltr'><strong><em>διά</em></strong></span> 
     </span>
     <span class='ocr_line' id='line_1_23' title="bbox 75 2585 1073 2681; baseline -0.005 -19"><span class='ocrx_word' id='word_1_169' title='bbox 75 2595 172 2663; x_wconf 77' lang='grc' dir='ltr'><strong><em>ιτιόν</em></strong></span> <span class='ocrx_word' id='word_1_170' title='bbox 189 2594 417 2680; x_wconf 84' lang='grc' dir='ltr'><strong><em>προκειμένων</em></strong></span> <span class='ocrx_word' id='word_1_171' title='bbox 434 2589 639 2681; x_wconf 83' lang='grc' dir='ltr'><strong><em>κηρύττεται.</em></strong></span> <span class='ocrx_word' id='word_1_172' title='bbox 684 2601 735 2676; x_wconf 89' lang='grc' dir='ltr'><strong><em>είη</em></strong></span> <span class='ocrx_word' id='word_1_173' title='bbox 761 2587 792 2658; x_wconf 80' lang='grc' dir='ltr'><strong><em>δ’</em></strong></span> <span class='ocrx_word' id='word_1_174' title='bbox 815 2585 858 2660; x_wconf 88' lang='grc' dir='ltr'><strong><em>άν</em></strong></span> <span class='ocrx_word' id='word_1_175' title='bbox 875 2589 892 2660; x_wconf 85' lang='grc' dir='ltr'><strong><em>ό</em></strong></span> <span class='ocrx_word' id='word_1_176' title='bbox 910 2592 972 2660; x_wconf 76' lang='grc' dir='ltr'><strong><em>τοῦ</em></strong></span> <span class='ocrx_word' id='word_1_177' title='bbox 987 2594 1073 2659; x_wconf 77' lang='grc' dir='ltr'><strong><em>θεον</em></strong></span> 
     </span>
     <span class='ocr_line' id='line_1_24' title="bbox 104 2685 1072 2780; baseline -0.003 -20"><span class='ocrx_word' id='word_1_178' title='bbox 104 2691 218 2780; x_wconf 88' lang='grc' dir='ltr'><strong><em>λόγος,</em></strong></span> <span class='ocrx_word' id='word_1_179' title='bbox 237 2689 277 2761; x_wconf 78' lang='grc' dir='ltr'><strong><em>ὃν</em></strong></span> <span class='ocrx_word' id='word_1_180' title='bbox 294 2690 399 2779; x_wconf 90' lang='grc' dir='ltr'><strong><em>μόνον</em></strong></span> <span class='ocrx_word' id='word_1_181' title='bbox 418 2690 473 2761; x_wconf 78' lang='grc' dir='ltr'><strong><em>διά</em></strong></span> <span class='ocrx_word' id='word_1_182' title='bbox 490 2696 558 2760; x_wconf 82' lang='grc' dir='ltr'><strong><em>τῶν</em></strong></span> <span class='ocrx_word' id='word_1_183' title='bbox 576 2698 768 2780; x_wconf 76' lang='grc' dir='ltr'><strong><em>ἔμπροσθεν</em></strong></span> <span class='ocrx_word' id='word_1_184' title='bbox 785 2689 947 2780; x_wconf 81' lang='grc' dir='ltr'><strong><em>γεννητόν</em></strong></span> <span class='ocrx_word' id='word_1_185' title='bbox 962 2685 1072 2777; x_wconf 76' lang='grc' dir='ltr'><strong><em>ὑπάρ-</em></strong></span> 
     </span>
     <span class='ocr_line' id='line_1_25' title="bbox 104 2788 1071 2881; baseline -0.001 -19"><span class='ocrx_word' id='word_1_186' title='bbox 104 2821 175 2881; x_wconf 86' lang='grc' dir='ltr'><strong><em>χειν</em></strong></span> <span class='ocrx_word' id='word_1_187' title='bbox 192 2790 276 2861; x_wconf 86' lang='grc' dir='ltr'><strong><em>θεόν</em></strong></span> <span class='ocrx_word' id='word_1_188' title='bbox 294 2796 350 2860; x_wconf 83' lang='grc' dir='ltr'><strong><em>καὶ</em></strong></span> <span class='ocrx_word' id='word_1_189' title='bbox 367 2789 485 2880; x_wconf 86' lang='grc' dir='ltr'><strong><em>κόριον</em></strong></span> <span class='ocrx_word' id='word_1_190' title='bbox 502 2791 583 2880; x_wconf 81' lang='grc' dir='ltr'><strong><em>μετά</em></strong></span> <span class='ocrx_word' id='word_1_191' title='bbox 601 2789 659 2862; x_wconf 86' lang='grc' dir='ltr'><strong><em>τόν</em></strong></span> <span class='ocrx_word' id='word_1_192' title='bbox 672 2788 829 2862; x_wconf 79' lang='grc' dir='ltr'><strong><em>ἀνωτάτω</em></strong></span> <span class='ocrx_word' id='word_1_193' title='bbox 842 2796 898 2864; x_wconf 84' lang='grc' dir='ltr'><strong><em>καὶ</em></strong></span> <span class='ocrx_word' id='word_1_194' title='bbox 917 2793 970 2862; x_wconf 78' lang='grc' dir='ltr'><strong><em>ἐπὶ</em></strong></span> <span class='ocrx_word' id='word_1_195' title='bbox 988 2788 1071 2861; x_wconf 89' lang='grc' dir='ltr'><strong><em>πάν·</em></strong></span> 
     </span>
     <span class='ocr_line' id='line_1_26' title="bbox 103 2889 1110 2984; baseline 0.001 -21"><span class='ocrx_word' id='word_1_196' title='bbox 103 2922 172 2963; x_wconf 88' lang='grc' dir='ltr'><strong><em>των</em></strong></span> <span class='ocrx_word' id='word_1_197' title='bbox 190 2889 419 2983; x_wconf 73' lang='grc' dir='ltr'><strong><em>ἀπεδείξαμεν.</em></strong></span> <span class='ocrx_word' id='word_1_198' title='bbox 455 2891 558 2964; x_wconf 87' lang='grc' dir='ltr'><strong><em>τόπον</em></strong></span> <span class='ocrx_word' id='word_1_199' title='bbox 577 2890 608 2963; x_wconf 76' lang='grc' dir='ltr'><strong><em>θ’</em></strong></span> <span class='ocrx_word' id='word_1_200' title='bbox 635 2892 740 2964; x_wconf 75' lang='grc' dir='ltr'><strong><em>αὐτοῦ</em></strong></span> <span class='ocrx_word' id='word_1_201' title='bbox 756 2892 820 2964; x_wconf 80' lang='grc' dir='ltr'><strong><em>οὐκ</em></strong></span> <span class='ocrx_word' id='word_1_202' title='bbox 845 2891 888 2966; x_wconf 87' lang='grc' dir='ltr'><strong><em>άν</em></strong></span> <span class='ocrx_word' id='word_1_203' title='bbox 914 2890 1073 2984; x_wconf 80' lang='grc' dir='ltr'><strong><em>ἁμάρτοις</em></strong></span> <span class='ocrx_word' id='word_1_204' title='bbox 1086 2917 1110 2958; x_wconf 77' lang='lat'><strong><em>25</em></strong></span> 
     </span>
     <span class='ocr_line' id='line_1_27' title="bbox 103 2993 1073 3085; baseline 0 -20"><span class='ocrx_word' id='word_1_205' title='bbox 103 2998 212 3084; x_wconf 84' lang='grc' dir='ltr'><strong><em>λέγων</em></strong></span> <span class='ocrx_word' id='word_1_206' title='bbox 231 2994 317 3066; x_wconf 83' lang='grc' dir='ltr'><strong><em>εἶναι</em></strong></span> <span class='ocrx_word' id='word_1_207' title='bbox 333 2993 395 3085; x_wconf 87' lang='grc' dir='ltr'><strong><em>τήν</em></strong></span> <span class='ocrx_word' id='word_1_208' title='bbox 414 3000 450 3066; x_wconf 83' lang='grc' dir='ltr'><strong><em>ἐν</em></strong></span> <span class='ocrx_word' id='word_1_209' title='bbox 468 2993 626 3085; x_wconf 74' lang='grc' dir='ltr'><strong><em>οὐρανοῖς</em></strong></span> <span class='ocrx_word' id='word_1_210' title='bbox 644 3003 835 3085; x_wconf 86' lang='grc' dir='ltr'><strong><em>βασιλείαν,</em></strong></span> <span class='ocrx_word' id='word_1_211' title='bbox 855 2995 914 3069; x_wconf 90' lang='grc' dir='ltr'><strong><em>τόν</em></strong></span> <span class='ocrx_word' id='word_1_212' title='bbox 926 3025 962 3066; x_wconf 88' lang='grc' dir='ltr'><strong><em>τε</em></strong></span> <span class='ocrx_word' id='word_1_213' title='bbox 980 3001 1073 3066; x_wconf 78' lang='grc' dir='ltr'><strong><em>ἔνόο·</em></strong></span> 
     </span>
     <span class='ocr_line' id='line_1_28' title="bbox 104 3092 1073 3189; baseline 0 -22"><span class='ocrx_word' id='word_1_214' title='bbox 104 3099 161 3179; x_wconf 78' lang='grc' dir='ltr'><strong><em>ξον</em></strong></span> <span class='ocrx_word' id='word_1_215' title='bbox 178 3102 234 3184; x_wconf 78' lang='grc' dir='ltr'><strong><em>τῆς</em></strong></span> <span class='ocrx_word' id='word_1_216' title='bbox 253 3096 410 3185; x_wconf 72' lang='grc' dir='ltr'><strong><em>θεότητος</em></strong></span> <span class='ocrx_word' id='word_1_217' title='bbox 428 3095 533 3168; x_wconf 77' lang='grc' dir='ltr'><strong><em>αὐτον</em></strong></span> <span class='ocrx_word' id='word_1_218' title='bbox 550 3096 689 3189; x_wconf 90' lang='grc' dir='ltr'><strong><em>θρόνον,</em></strong></span> <span class='ocrx_word' id='word_1_219' title='bbox 706 3093 746 3168; x_wconf 78' lang='grc' dir='ltr'><strong><em>όν</em></strong></span> <span class='ocrx_word' id='word_1_220' title='bbox 763 3102 937 3186; x_wconf 73' lang='grc' dir='ltr'><strong><em>θεολογῶν</em></strong></span> <span class='ocrx_word' id='word_1_221' title='bbox 954 3092 972 3167; x_wconf 85' lang='grc' dir='ltr'>ὁ</span> <span class='ocrx_word' id='word_1_222' title='bbox 990 3125 1073 3188; x_wconf 92' lang='grc' dir='ltr'><strong><em>προ-</em></strong></span> 
     </span>
     <span class='ocr_line' id='line_1_29' title="bbox 104 3195 1073 3292; baseline -0.001 -23"><span class='ocrx_word' id='word_1_223' title='bbox 104 3197 209 3289; x_wconf 82' lang='grc' dir='ltr'><strong><em>φήτης</em></strong></span> <span class='ocrx_word' id='word_1_224' title='bbox 228 3207 372 3284; x_wconf 78' lang='grc' dir='ltr'><strong><em>ἔψαλλεν</em></strong></span> <span class='ocrx_word' id='word_1_225' title='bbox 390 3195 431 3270; x_wconf 76' lang='grc' dir='ltr'><strong><em>“ὀ</em></strong></span> <span class='ocrx_word' id='word_1_226' title='bbox 449 3198 574 3292; x_wconf 88' lang='grc' dir='ltr'><strong><em>θρόνος</em></strong></span> <span class='ocrx_word' id='word_1_227' title='bbox 592 3196 674 3270; x_wconf 86' lang='grc' dir='ltr'><strong><em>σου”</em></strong></span> <span class='ocrx_word' id='word_1_228' title='bbox 701 3196 842 3288; x_wconf 86' lang='grc' dir='ltr'><strong><em>φάσκων</em></strong></span> <span class='ocrx_word' id='word_1_229' title='bbox 862 3195 903 3270; x_wconf 76' lang='grc' dir='ltr'><strong><em>“ό</em></strong></span> <span class='ocrx_word' id='word_1_230' title='bbox 925 3196 1006 3281; x_wconf 81' lang='grc' dir='ltr'><strong><em>θεὸς</em></strong></span> <span class='ocrx_word' id='word_1_231' title='bbox 1025 3207 1073 3281; x_wconf 89' lang='grc' dir='ltr'><strong><em>είς</em></strong></span> 
     </span>
    </p>
   </div>
   <div class='ocr_carea' id='block_1_5' title="bbox 173 3432 856 3497">
    <p class='ocr_par' dir='ltr' id='par_1_6' title="bbox 173 3432 856 3497">
     <span class='ocr_line' id='line_1_30' title="bbox 173 3432 856 3497; baseline 0.003 -17"><span class='ocrx_word' id='word_1_232' title='bbox 173 3435 203 3481; x_wconf 88' lang='grc'><strong><em>10</em></strong></span> <span class='ocrx_word' id='word_1_233' title='bbox 220 3432 286 3486; x_wconf 83' lang='lat' dir='ltr'>Mic.</span> <span class='ocrx_word' id='word_1_234' title='bbox 301 3435 325 3497; x_wconf 92' lang='lat'><strong><em>1,</em></strong></span> <span class='ocrx_word' id='word_1_235' title='bbox 339 3435 364 3482; x_wconf 77' lang='lat'><strong><em>2.</em></strong></span> <span class='ocrx_word' id='word_1_236' title='bbox 468 3435 500 3484; x_wconf 78' lang='lat'><strong><em>28</em></strong></span> <span class='ocrx_word' id='word_1_237' title='bbox 518 3435 564 3487; x_wconf 83' lang='grc' dir='ltr'><strong><em>Ρε.</em></strong></span> <span class='ocrx_word' id='word_1_238' title='bbox 576 3435 619 3496; x_wconf 85' lang='grc'><strong><em>45,</em></strong></span> <span class='ocrx_word' id='word_1_239' title='bbox 633 3433 649 3481; x_wconf 84' lang='grc'><strong>6</strong></span> <span class='ocrx_word' id='word_1_240' title='bbox 664 3436 691 3483; x_wconf 76' lang='lat' dir='ltr'><strong><em>et</em></strong></span> <span class='ocrx_word' id='word_1_241' title='bbox 703 3433 748 3482; x_wconf 81' lang='lat' dir='ltr'><strong><em>Ps.</em></strong></span> <span class='ocrx_word' id='word_1_242' title='bbox 760 3434 817 3495; x_wconf 88' lang='lat'>110,</span> <span class='ocrx_word' id='word_1_243' title='bbox 833 3434 856 3482; x_wconf 89' lang='lat'><strong><em>1.</em></strong></span> 
     </span>
    </p>
   </div>
   <div class='ocr_carea' id='block_1_6' title="bbox 0 0 1168 3818">
    <p class='ocr_par' dir='ltr' id='par_1_7' title="bbox 0 0 1168 3818">
     <span class='ocr_line' id='line_1_31' title="bbox 0 0 1168 3818; baseline 0 2"><span class='ocrx_word' id='word_1_244' title='bbox 0 0 1168 3818; x_wconf 95' lang='lat' dir='ltr'><strong><em> </em></strong></span> 
     </span>
    </p>
   </div>
  </div>
 </body>
</html>
