2326 3818
125 140 189 206 580
526 140 675 192 Eusssssn

127 279 322 370 λαμβάνειν.
364 282 467 348 ταότα
491 286 575 368 γοῦν
598 275 742 368 ἡγοῦμαι
767 294 835 360 τοῖς
858 280 917 349 τόν
936 277 1100 369 Ἰωάννην

126 381 229 472 ὁρῶσι
251 385 367 470 θαῦμα
393 383 470 465 περὶ
495 377 601 451 αὐτοῦ
617 396 818 470 παρασχεῖν·
854 380 906 450 διὸ
925 384 980 450 καὶ
999 383 1100 450 συνέ-

126 511 246 573 τρεχον
262 481 476 573 πανταχόθεν
502 485 556 552 ἐπὶ
573 479 635 570 τὴν
654 481 699 552 δι’
726 480 829 553 αὐτοῦ
847 485 1100 571 κηρυττομένην

60 616 114 667 μοι)
127 589 184 674 τῆς
202 589 309 675 ψυχῆς
327 583 504 672 κάθαρσιν.
539 590 587 653 15.
607 585 768 672 μέμνηται
782 585 819 653 δὲ
830 587 887 671 τῆς
901 580 972 653 κατ’
992 581 1100 654 αὐτόν

128 693 273 777 ἱστορίας
293 685 449 774 Ἰῶσηπος
478 688 515 755 ἐν
536 682 809 778 ὀκτωκαιδεκάτῳ
833 691 891 772 τῆς
913 683 1125 773 Ἰουδαίκῆςε

122 788 369 879 Ἀρχαιολοχίας
396 792 517 856 τοῦτον
546 784 686 875 γράφων
716 786 775 856 τὸν
802 784 927 872 τρόπον
946 782 1036 856 “nol
1062 789 1100 857 δὲ

126 896 195 962 τῶν
208 888 382 960 Ἰουδαίων
400 887 510 957 ἐδόκει
523 885 684 958 ὀλωλέναι
697 887 755 958 τὸν
770 883 943 960 Ἰουδαίων
957 888 1101 974 στρατὸν

127 989 194 1061 ὑπό
221 995 280 1060 τοῦ
307 992 408 1078 θεοῦ,
436 990 491 1058 καὶ
515 987 604 1078 μάλα
630 995 767 1069 δικαίως
789 993 991 1078 τιννυμέυου
1015 989 1100 1059 κατά

128 1089 251 1178 ποιυην
264 1087 420 1160 Ἰωάννου
436 1094 497 1162 τοὺ
513 1095 722 1180 καλουμένου
740 1094 933 1178 βαπτιστοῦ.
975 1097 1100 1161 κτείνει

128 1190 193 1282 γάρ
210 1196 330 1262 τοῦτον
342 1191 491 1282 Ἡρώδης
510 1188 641 1281 άχαθόν
659 1187 784 1280 άνδρα,
803 1195 858 1261 καί
875 1209 944 1272 τοῖς
959 1187 1098 1263 Ἰουδαί-
1112 1225 1137 1264 10

129 1322 178 1375 οις
202 1291 382 1364 κελεύοντα
405 1293 527 1381 άρετὴν
552 1299 735 1364 ἐπασκοῦσι
758 1296 813 1362 καί
837 1297 879 1382 τη
896 1291 978 1380 πρός
995 1290 1100 1381 άλλη-

130 1405 209 1476 λους
233 1394 429 1484 δικαιοσύνη
454 1393 649 1516 καὶπρὸς
638 1393 722 1465 θεὸν
745 1391 900 1526 εόσεβεία
918 1397 1100 1484 χρωμένοις

129 1505 304 1589 βαπτισμῶ
323 1502 485 1567 συνιέναι
527 1495 616 1566 οὕτω
634 1496 697 1621 χάρ
722 1495 763 1582 δη
782 1498 837 1565 καὶ
862 1496 923 1583 τὴν
941 1494 1099 1583 βάπτισιν

102 1595 318 1686 οάποδεκτην
336 1597 427 1668 αὐτῶ
445 1605 545 1686 φαίν
531 1594 661 1668 ε.”σθαι

471 1863 549 1936 Ἀπὸ
567 1894 627 1935 του
613 1861 758 1934 αυτοῶ.
1114 1881 1138 1921 1⁵

105 2046 115 2073 ρ
208 1999 294 2069 Vl.‘
296 1997 550 2128 Ἓόφράνθητι
559 2006 679 2102 ἔρημος
703 2003 851 2087 διψῶσα,
882 1999 1099 2088 άναλλιάσθω

131 2110 271 2226 ἔρημος,
288 2103 343 2168 καὶ
361 2097 508 2169 άνθείτω
527 2098 570 2181 ῶς
589 2107 723 2219 κρίνου,
748 2103 803 2170 καί
824 2101 1018 2191 ἐξανθήσει,
1043 2106 1100 2173 καὶ

130 2200 364 2291 άχαλλιάσεται
382 2201 421 2269 τά
440 2210 545 2290 ἔρημα
558 2231 617 2272 του
607 2199 811 2291 Ἰορδάνου,
830 2207 886 2272 καὶ
904 2233 924 2291 η
912 2202 1024 2287 δόξα
1040 2209 1103 2276 τοῦ

132 2303 283 2394 Λιβάνου
303 2302 407 2393 ἐδόθη
426 2301 527 2393 αὐτῇ,
547 2303 640 2373 καὶ
621 2334 642 2392 η
660 2333 738 2393 τιμη
756 2309 816 2374 τοῦ
830 2304 1025 2395 Καρμήλου,
1044 2310 1101 2376 καὶ

129 2406 147 2477 ὁ
166 2407 244 2488 λαός
261 2435 326 2496 μου
340 2404 455 2487 ὄψεται
469 2405 531 2494 τὴν
545 2405 647 2489 δόξαν
660 2401 815 2496 κυρίου.”
839 2412 868 2476 2.
888 2403 937 2488 οἷς
956 2410 1101 2495 ἐπιλέγει
1115 2440 1142 2479 20

125 2504 308 2598 “ίσχόσατε
330 2525 438 2598 χεῖρες
469 2504 641 2595 άυειμέναι
676 2510 731 2576 καί
761 2507 885 2595 γόνατα
911 2518 1100 2595 παραλελυ-

129 2613 231 2698 μένα,
250 2612 501 2696 παρακαλέσατε
519 2615 553 2678 οί
568 2606 762 2697 όλιχόψυχοι
779 2616 819 2697 τῇ
839 2616 988 2702 διανοίη,
1008 2609 1103 2699 ίσχό-

131 2733 227 2798 σατε,
246 2709 290 2799 μὴ
308 2717 483 2798 φοβεῖσθε.
522 2706 598 2777 ι’δού
616 2708 633 2777 ὁ
659 2707 739 2790 θεὸς
757 2707 852 2797 ἡμῶν
869 2719 981 2799 κρίσιν
999 2707 1103 2779 άντα-

104 2843 117 2881 α
132 2817 298 2881 ποδίδωσι
328 2815 383 2879 καὶ
407 2807 646 2880 άνταποδῶσει.
692 2810 791 2892 αὐτὸς
818 2808 889 2898 ἥξει
918 2816 975 2882 καὶ
999 2811 1103 2883 σῶσει

132 2911 226 3001 ἡμᾶς.
253 2911 326 2982 τότε
346 2910 605 3000 άνοιχθήσονται
618 2909 789 3001 ὀφθαλμοί
808 2919 946 3002 τυφλῶν
964 2917 1019 2983 καί
1035 2903 1103 2985 ῶτα
1117 2945 1144 2985 25

133 3017 259 3103 κωφῶν
277 3009 491 3084 άκοόσονται·
511 3013 586 3084 τότε
602 3012 730 3085 άλείται
748 3010 793 3096 ῶς
811 3022 932 3105 ἔλαφος
950 3015 967 3085 ὁ
986 3015 1102 3105 χωλός,

133 3119 189 3187 καί
212 3113 318 3206 τρανη
343 3124 434 3186 ἔσται
458 3121 592 3203 γλῶσσα
616 3115 820 3205 μοχιλάλων·
853 3114 903 3187 ότι
923 3115 1045 3206 έρράχη
1066 3123 1103 3188 έν

134 3226 173 3308 τῇ
195 3217 306 3312 ἐρήμῳ
324 3217 419 3305 ὕδωρ
438 3221 493 3287 καὶ
512 3216 642 3307 φάραγξ
662 3222 699 3289 έν
716 3225 758 3308 γῇ
778 3215 942 3309 διψῶση.”

198 3451 215 3498 6
231 3449 343 3515 Ioseph.
357 3452 421 3501 Ant.
436 3452 538 3501 XVIII.
552 3453 576 3510 5,
591 3453 615 3500 λ.
722 3452 752 3500 16
772 3451 818 3500 Εε.
832 3453 875 3513 35,
890 3455 912 3500 1.
