2326 3818
155 126 198 190 62
562 123 713 176 Ευευοιι

156 294 218 347 πος
238 272 365 345 δίκαιος
382 261 463 354 μετά
480 262 542 352 τῆν
558 268 627 333 τῶν
644 269 777 333 παίδων
794 266 927 351 γένεσιν
940 261 1042 353 μόνος
1059 262 1129 337 σῦν

156 384 225 449 τοίς
243 375 377 448 οἰκείοις
396 371 433 436 έν
445 373 485 457 τῆ
503 370 571 436 τῶν
589 368 643 435 έπί
662 371 722 455 γῆς
739 363 900 436 ἀπάντων
913 369 1030 458 φθορᾷ
1048 371 1127 438 δια-

157 473 292 553 σωθεὶς,
311 476 477 549 πλείστοις
494 465 576 557 μετά
594 471 698 537 ταῦτα
716 465 867 557 έπιβιοῦς
882 475 1001 554 ἔτεσιν,
1020 466 1125 541 οὐδα-

155 576 223 660 μόις
248 571 414 660 εἰσάγεται
436 576 559 651 παῖδας
577 566 789 658 κτησόμενος.
826 572 955 657 λέγεται
975 570 1012 639 δέ
1030 574 1089 641 καί
1103 565 1127 643 ’ό

151 672 262 744 Ἰσαάκ
281 679 316 743 έκ
335 679 410 762 μιῦς
430 675 572 761 γαμετῆς
591 669 737 760 διδύμου
760 675 860 759 γονῆς
890 668 997 760 πατῆρ
1024 699 1153 761 γεγο-ι

153 773 221 857 νεός
247 779 343 864 μέχρι
369 772 488 844 τούτου
519 777 638 861 στῆσαι
662 770 725 860 τῆν
756 770 837 860 πρός
870 769 1016 861 γαμετῆν
1047 772 1128 864 δμο-

155 886 241 948 λίαν.
279 878 334 945 καί
352 871 522 963 ὁἸωοῆφ,
542 877 719 944 καὶταῦτα
737 872 818 959 παρ’
842 880 1040 962 Αἰγυπτίοις
1064 875 1127 959 τάς

156 977 327 1065 διατριβὰς
351 983 588 1064 πεποιημένος,
615 973 656 1045 οῦ
678 983 782 1046 πλείω
807 974 869 1044 δῦο
899 982 1033 1045 παίδων
1066 1006 1127 1049 κα·

155 1081 251 1167 τέστη
278 1078 404 1165 πατὴρ,
435 1085 515 1166 μίαν
540 1077 602 1165 τῆν
632 1076 761 1147 τούτων
791 1079 915 1167 μητέρα
947 1074 1125 1167 ἀγόμενος.

156 1185 205 1250 18.
226 1181 281 1248 καί
296 1177 396 1261 αὐτός
410 1207 448 1269 γε
472 1183 595 1267 Μωσῆς
613 1176 632 1248 ό
650 1207 685 1249 τε
699 1177 820 1249 τοῦτου
830 1175 975 1267 ἀδελφός
992 1174 1127 1271 Ἀαροὶν
1155 1222 1157 1241 ι

129 1278 218 1371 επρό
236 1282 297 1370 μέν
315 1286 372 1370 τῆς
390 1285 449 1353 τοῦ
465 1286 551 1352 θεοῦ
564 1286 760 1368 ἐπιφανείας
776 1287 987 1370 ἱστοροῦνται
1000 1290 1129 1357 παιδο-

153 1387 387 1473 πεποιημένοι,
412 1383 494 1474 μετὰ
520 1383 557 1453 δέ
582 1381 658 1464 τοῦς
682 1391 798 1462 θείους
824 1380 989 1471 χρησμοός
1008 1380 1127 1457 οῦκέτι

154 1494 244 1556 ἔστιν
269 1485 381 1568 αὐτοῖς
404 1492 527 1567 παῖδας
553 1481 667 1572 εὑρεῖν
690 1487 964 1573 γεγεννημένους.
1012 1490 1062 1557 19.
1091 1498 1129 1559 τί

152 1588 214 1676 χρῆ
233 1591 343 1674 λέγειν
364 1590 440 1674 περὶ
467 1587 694 1674 Μελχισεδέκ;
717 1577 757 1656 οῦ
781 1584 937 1669 καθάπαξ
963 1583 1004 1655 οῦ
1028 1605 1126 1680 παῖς,

152 1687 192 1757 οῦ
211 1692 318 1775 γένος,
337 1687 377 1756 οὐ
398 1684 537 1776 διαδοχῆ
555 1692 708 1774 φέρεται,
728 1686 800 1758 οὐδ’
820 1685 928 1776 Ἰησοῦ
952 1691 1013 1757 τοῦ
1037 1699 1126 1763 Μαι·
1155 1742 1158 1753 ·

152 1791 235 1868 σέως
268 1787 440 1877 διαδόχου,
471 1787 553 1858 οὐδὲ
584 1794 750 1859 πλείστων
777 1786 889 1859 ἀλλων
924 1796 1124 1879 προφητῶν.

151 1895 202 1959 20.
222 1894 422 1979 ζητουμένης
439 1891 475 1959 δί
493 1897 551 1977 τῆς
569 1888 651 1960 κατὰ
675 1888 734 1960 τόν
752 1888 900 1980 Ἀβραὰμ
925 1893 980 1960 καί
1000 1887 1148 1985 ’Ianum'

151 1999 374 2080 παιδοποιίας,
396 1996 431 2062 έν
451 1994 574 2083 ἑτέροις
592 1991 650 2061 τὸν
675 1990 775 2081 λόγον
798 2002 1014 2083 σχολαίτερον
1037 1992 1126 2071 ἀπο·

152 2090 362 2180 δεδώκαμεν,
396 2097 432 2163 έν
454 2090 504 2176 οἷς
532 2097 609 2183 περὶ
632 2099 690 2183 τῆς
721 2101 790 2165 τῶν
818 2093 920 2165 πάλαι
944 2103 1126 2184 θεοφιλῶν

149 2193 507 2284 ἀνδρωνπολυγαμίας
524 2225 560 2266 τε
579 2199 635 2266 καί
649 2203 872 2278 πολυπαιδίας
887 2195 1123 2292 διειλῆφαμετί,

151 2295 204 2386 ἐφ’
226 2293 248 2365 δί
266 2300 322 2367 καλ
340 2301 404 2367 νῦν
422 2297 500 2379 τοὺς
513 2307 714 2388 φιλομαθεῖς
733 2295 983 2389 ἀναπέμπομεν,
1001 2308 1124 2375 τοσοῦ-

148 2429 207 2472 τον
232 2399 532 2491 έπισημηνάμενοι,
558 2399 608 2471 ότι
633 2405 688 2471 καί
711 2399 794 2471 κατά
818 2400 894 2482 τοὺς
917 2404 974 2488 τῆς
999 2410 1123 2495 καινῆς

149 2503 313 2593 διαθήκης
337 2503 461 2593 νόμους
491 2500 532 2574 οῦ
557 2502 697 2592 πάμπαν
729 2499 955 2590 ἀπηγόρευται
984 2502 1025 2572 τδι
1058 2510 1122 2597 τῆς

123 2631 136 2669 ι
153 2613 382 2691 παιδοποιίας,
408 2601 493 2674 ἀλλά
520 2602 584 2672 κάν
609 2602 716 2697 τούτῳ
741 2603 781 2673 τδι
810 2603 1024 2694 παραπλῆσια
1046 2624 1122 2693 τοῖς

149 2706 251 2774 πάλαι
287 2709 484 2794 θεοφιλέσιν
515 2707 731 2775 διατέτακται.
789 2714 909 2794 χρῆναι
945 2704 1010 2794 γάρ
1048 2736 1156 2800 φη-ει

150 2829 204 2876 σιν
222 2805 239 2875 δ
259 2804 356 2894 λόγος
373 2809 433 2876 τὸν
461 2810 643 2877 ἐπίσκοπον
660 2811 836 2896 γεγονέναι
854 2813 931 2897 μιᾶς
956 2811 1120 2896 γυναικὸς

148 2904 267 2998 ἀνδρα.
305 2915 356 2978 21.
377 2907 465 2996 πλῆν
483 2906 567 2978 ἀλλά
586 2927 653 2990 τοῖς
672 2913 864 2999 ίερωμένοις
882 2912 938 2979 καί
956 2913 1034 2997 περὶ
1052 2912 1120 3003 τῆν

147 3015 208 3081 τοῦ
240 3014 324 3080 θεοῦ
349 3019 536 3100 θεραπείαν
560 3008 816 3101 ἀσχολουμένοις
839 3007 971 3100 ἀνέχειν
994 3013 1120 3089 λοιπόν

147 3117 235 3203 σφοῖς
254 3108 376 3193 αῦτοδς
394 3114 554 3202 προσῆκει
571 3121 631 3201 τῆς
650 3119 790 3203 γαμικῆς
808 3111 953 3202 ὁμιλίας·
982 3110 1057 3185 ὅσοι
1079 3119 1119 3191 δί

146 3216 190 3303 μῆ
209 3222 267 3304 τῆς
285 3213 447 3305 τοσαῦτης
474 3211 631 3305 ῆξίωνται
651 3222 853 3308 ίερουργίας,
872 3214 1000 3296 τούτοις
1018 3211 1036 3285 ό
1057 3217 1116 3289 λό-
1130 3244 1154 3289 ω

180 3449 213 3498 25
233 3453 246 3497 l
266 3449 337 3499 Tim.
355 3452 378 3509 3,
397 3451 421 3499 2.
