2326 3818
124 137 311 224 εἰρημένοις
330 138 530 221 ίσοδοναμεῑ
544 137 609 214 πάς
627 131 716 215 ὅστις
737 123 801 204 οάυ
820 131 1022 223 ὁμολογήσαι
1038 131 1090 203 ἀν.

125 242 174 306 10.
195 231 266 326 ῶρα
288 237 468 324 τοιγαροῦν
494 228 731 323 ἀναμφιλόγως
761 234 821 304 τὸν
849 234 991 324 Ψαλμόν
1017 231 1093 304 οὐδ’

125 333 181 427 ἐφ’
196 332 344 427 έτερουή
359 339 413 406 έπὶ
426 333 531 424 μόνον
544 332 648 405 αὐτόν
660 333 854 428 ἀναφέρειν,
874 335 990 423 ἐπειδὴ
1005 333 1096 431 αὐτῷ

123 436 216 532 μόνῳ
230 439 286 508 καὶ
300 433 377 507 οὐδ’
395 439 496 530 ἑτέρῳ
510 431 642 526 ἀρμόζει
654 435 694 506 τά
713 436 980 528 ἐμπεριεχόμενα.
1005 435 1096 507 ἀντι·

98 560 206 629 οκρυς
224 543 308 627 γοῦν
332 537 384 608 ἐπ’
412 536 504 631 αὐτῶ
527 543 771 630 πεπληρωμένα
793 537 834 609 τά
856 568 892 610 τε
909 535 994 608 ἀλλα
1011 536 1097 608 ἀπο-

125 646 297 712 δείκνυται
315 643 371 710 καὶ
389 639 432 728 δή
458 641 512 710 καὶ
532 637 569 710 τό
587 639 719 730 φάσκον
737 644 774 710 έν
791 646 837 734 τῷ
859 643 987 732 Ψαλμῳ
1000 637 1095 710 “διε-

124 751 304 834 μερίσαντο
316 739 357 811 τά
370 739 483 831 ίμάτιά
494 769 559 831 μου
573 744 705 823 ἑαυτοῖς
718 746 774 813 καὶ
787 745 842 813 ἐπὶ
854 742 912 813 τὸν
920 739 1096 831 ἱματισμόν

124 873 191 934 μου
209 851 332 933 ἔβαλον
350 841 502 933 κλῆρον.”
530 848 578 914 11.
594 845 650 913 καὶ
668 841 731 931 τήν
748 843 957 936 κατάπαρσιν
975 844 1012 913 δὲ
1029 846 1097 913 τῶν

125 943 218 1034 ήλων
234 950 303 1016 τῶν
328 943 411 1014 κατά
428 948 497 1015 τῶν
508 950 630 1034 χειρῶν
649 947 705 1014 καὶ
719 948 835 1015 ποδῶν
854 950 908 1016 ἐπὶ
925 948 987 1016 τοῦ
999 967 1124 1015 σταυι

87 1075 112 1114 10
126 1052 188 1138 ροῦ
212 1049 504 1134 προσηλωθέυτων
527 1041 620 1140 αὐτῷ
649 1044 838 1138 διαρρήδην
863 1050 1018 1138 ἐμφαίνει
1043 1049 1098 1116 λέ-

125 1176 196 1237 γων
208 1145 366 1236 “ῶρυξαυ
379 1145 492 1237 χελράς
505 1175 570 1236 μον
581 1150 637 1217 καί
650 1146 757 1228 πόδας
770 1175 847 1237 μου,
868 1152 1098 1237 ἐξηρίθμησαν

125 1246 234 1320 πάυτα
246 1245 286 1318 τά
300 1245 382 1318 όστά
395 1244 490 1338 μου.”
519 1251 576 1318 καὶ
593 1245 634 1318 τά
651 1247 750 1319 λοιπά
769 1250 808 1319 δὲ
823 1246 916 1342 μόνῳ
934 1245 978 1318 ἀν
996 1252 1098 1338 έφαρ·

125 1348 226 1441 μόσαι
249 1345 357 1443 αὐτῶ,
389 1345 434 1432 ῶς
457 1347 587 1440 προλῶν
613 1347 632 1419 ὁ
657 1348 754 1438 λόγος
778 1349 1000 1440 παραστήσει·
1033 1345 1097 1439 ἢὸ

125 1450 329 1541 βουλόμενος
355 1447 410 1540 ἐφ’
436 1454 551 1542 ἕτερον
578 1451 776 1540 μεταλαβῶυ
802 1450 1000 1542 πρόσωπον,
1024 1448 1098 1539 ήτοι

86 1580 111 1620 15
125 1554 289 1642 βασιλέως
307 1547 328 1641 ή
346 1550 520 1642 προφήτου
537 1548 559 1642 ἢ
577 1561 636 1622 καί
656 1582 746 1633 τινος
763 1559 831 1624 τῶν
857 1551 991 1623 πῶποτε
1008 1550 1099 1638 παρά

120 1652 296 1734 Ἰουδαίοις
319 1660 509 1744 θεοφιλῶν,
535 1652 698 1732 δεικνύτω
723 1661 756 1725 εί
770 1649 840 1736 οἷός
862 1683 899 1725 τε
923 1666 974 1743 ελη
994 1658 1100 1743 ἐφαρ-

125 1755 237 1847 μόζειν
255 1754 294 1826 τά
311 1753 598 1846 ἀναγεγραμμένα.
641 1760 691 1826 12.
710 1765 777 1826 τίνι
796 1753 861 1848 γάρ
879 1758 947 1826 τῶν
964 1753 1099 1825 πῶποτε

126 1860 412 1948 κυοφορουμένων
430 1859 485 1928 ἐπὶ
498 1865 659 1929 τοσοῦτον
671 1861 782 1948 παρήυ
795 1856 914 1947 ἀρετής
927 1860 983 1928 καὶ
998 1854 1100 1928 δυυά-

126 1986 231 2048 μεως,
257 1956 343 2027 ῶστε
360 1964 549 2029 καθεστῶτι
566 1964 715 2053 λογισμῷ
733 1962 789 2029 καὶ
813 1958 991 2053 ἀσυγχότῳ
1009 1965 1125 2049 φυχήε

88 2084 113 2125 ιο
126 2066 282 2151 υηφαλίῳ
299 2086 335 2128 τε
352 2058 541 2148 φρονήματι
565 2063 653 2129 θεοῦ
668 2064 798 2147 γνῶσιν
814 2057 1016 2147 ἀναλαβεῖν,
1042 2061 1098 2128 καὶ
1113 2088 1159 2140 [σοι

127 2164 241 2231 πᾶσαν
264 2161 318 2229 ἐπὶ
342 2158 509 2229 τὸνθεόν
536 2155 721 2251 ἀναρτῆσαι
751 2158 860 2231 αὑτοῦ
880 2158 944 2247 τήν
968 2164 1099 2248 ἐλπίδα,

128 2258 207 2332 ὥστ’
226 2257 269 2330 ἀν
288 2266 397 2331 εἰπεῖν
414 2257 488 2330 “ότι
505 2258 549 2329 σύ
568 2260 600 2332 εί
615 2258 634 2330 ό
652 2259 820 2342 έκσπάσας
844 2289 885 2350 με
904 2265 941 2331 ἐκ
958 2260 1100 2352 γαστρὸς

128 2360 250 2454 μητρός
263 2390 340 2452 μου,
359 2360 380 2450 ἡ
401 2364 494 2443 ἐλπίς
507 2390 572 2451 μου
586 2360 652 2433 ἀπὸ
665 2365 872 2452 μαστῶντῆς
885 2361 1008 2451 μητρός
1021 2392 1098 2451 μου.

129 2467 183 2535 ἐπὶ
201 2465 239 2535 σὲ
257 2467 445 2554 έπερρίφην
468 2465 506 2534 ἐκ
522 2461 665 2555 μήτρας,
691 2465 727 2534 ἐκ
745 2471 872 2545 κοιλίας
894 2462 1016 2554 μητρός
1034 2492 1100 2553 μου

88 2591 114 2631 ιο
127 2565 209 2649 θεός
233 2594 299 2656 μου
325 2566 355 2635 εἶ
377 2560 453 2636 σά.”
491 2569 540 2637 13.
559 2574 610 2647 τίς
634 2566 671 2635 δέ
694 2569 842 2649 τοιοῦτος
865 2569 937 2660 θεῷ
955 2574 1101 2655 μεμελη-

125 2671 225 2755 μένος
253 2662 407 2747 “όνειδος
437 2663 632 2756 ἀνθρώπων
661 2670 779 2756 γέγονε
809 2671 865 2738 καὶ
897 2669 1101 2756 έξοοδένημα

126 2772 212 2838 λαοῦ
219 2763 252 2853 ;”
269 2765 336 2836 ὑπὸ
354 2775 458 2838 τίνων
477 2768 515 2837 δὲ
532 2770 589 2838 καὶ
605 2774 769 2838 ποδαπῶυ
793 2767 928 2859 μόσχων
945 2771 1001 2839 καὶ
1019 2768 1101 2838 ταό-

127 2897 198 2958 ρων
209 2865 273 2959 χρή
284 2885 380 2940 νοεῖν
391 2866 452 2940 τὸν
467 2866 600 2940 τοιόνδε
612 2872 865 2956 κεκυκλῶσθαι;
883 2879 920 2940 τί
928 2871 966 2939 δέ
977 2868 1100 2940 παθῶν
1114 2899 1130 2941 ι

127 2967 369 3060 ὁδηλοόμενος
382 2964 485 3041 “emt
509 2965 603 3061 ὕδωρ
628 2968 813 3061 ἕξεχόθη;”
837 2972 894 3041 καὶ
916 2978 987 3050 πῶς
1006 2965 1099 3041 “Oce-

90 3103 115 3146 ιο
128 3079 319 3165 οκορπίσθη
337 3069 441 3142 αὐτοῦ
453 3067 626 3158 τάὀστά;”
645 3078 716 3153 πῶς
730 3067 935 3162 δὲ“ἐλςχοῦν
946 3069 1101 3143 θανάτου

128 3170 314 3264 κατήχθη,”
335 3176 391 3243 καὶ
414 3176 593 3263 καταχθεὶς
617 3181 665 3257 είς
690 3178 773 3264 γοῦν
796 3172 949 3245 θανάτου
972 3170 1012 3243 τά
1035 3203 1100 3244 τοι·

101 3352 103 3356 ,
129 3282 215 3347 αὕτα
233 3284 330 3346 λαλεῖ
344 3282 393 3346 ἔτι
410 3276 467 3345 καὶ
485 3281 522 3367 ζῇ
539 3278 596 3345 καὶ
613 3278 812 3366 φθέγγεταις
830 3284 920 3357 τίνες
939 3276 977 3345 δὲ
991 3281 1026 3346 ολ
1040 3275 1099 3344 κό-
