2326 3818
337 109 526 161 DEMONST.
545 109 678 162 EVANG.
696 111 718 160 Ι.
738 113 761 163 3.
781 112 808 160 4.
1010 107 1052 172 25

88 247 352 337 κατακρατήσειν
371 247 473 318 πάλιν
491 243 664 337 ύναφωνεῑ
689 251 797 337 λέγων
810 242 878 329 “ῶς
902 250 997 319 καλοὶ
1024 253 1059 318 οί

87 349 177 421 οἶκοί
192 371 254 421 σου
267 348 402 438 Ἰακῶβ,
422 356 460 418 αί
475 359 596 438 σκηναί
612 370 674 419 σου
688 347 833 439 Ἰσραήλ,
854 345 934 420 ῶσελ
951 348 1056 420 νύπαι

88 450 299 539 σκιύζουσαι,
328 454 383 520 καί
411 446 490 521 ῶσεδ
516 449 716 542 παράδεισος
740 455 794 521 ἐπὶ
817 451 983 540 ποταμὸν,
1012 450 1056 532 ῶς

88 555 209 642 σκηναί
233 549 272 634 δὶς
291 555 411 642 ἔπηξεν
429 550 552 641 κύριος.
599 550 804 636 ἐξελεύσεται
821 550 1001 644 ἅνθρωπος
1021 559 1085 624 ε’κο

63 658 149 725 ιτού
166 655 351 743 σπέρματος
369 650 491 742 αὐτοῦ,
517 657 573 724 καί
591 651 762 743 κυριεύσει
780 657 893 725 ἐθνῶν
910 659 1056 744 πολλῶν,

89 759 144 826 καί
161 751 380 844 ὑψωθήσεται
398 753 419 845 ῆ
437 762 591 843 βασιλεία
610 752 748 826 αύτοῦ.”

164 861 216 926 45.
233 853 330 927 Ἀλλδι
344 861 400 927 καὶ
419 861 451 941 ἐξ
468 852 585 937 ὁποίας
598 862 719 946 φυλῆς,
739 855 869 926 δῶδεκα
883 861 951 926 τῶν
967 853 1057 929 ὅλων

89 956 168 1046 παρ’
186 953 351 1050 Ἑβραίοις
373 957 505 1047 οὐσῶν,
524 955 574 1028 ὅτι
592 956 635 1047 δή
653 955 718 1028 ύπδ
736 962 793 1045 τῆς
807 955 918 1028 Ἰούδα
937 957 955 1028 δ
973 971 1058 1030 θεσ-

88 1057 260 1149 πιζόμενος
277 1064 346 1130 τῶν
364 1063 476 1132 ἐθνῶν
494 1064 677 1150 νομοθέτης
696 1057 837 1149 Χριστδς
856 1058 1057 1152 προελεύσε-

50 1188 75 1228 ιο
89 1190 159 1249 ται,
178 1164 234 1231 καί
253 1161 336 1232 κατὰ
353 1168 470 1244 ποίους
487 1160 645 1252 χρόνους,
663 1158 714 1231 ὅτι
731 1160 812 1250 μετὰ
830 1160 892 1249 τήν
910 1169 1057 1245 ἔκλειψιν
1116 1233 1124 1246 ,

88 1267 157 1334 τῶν
175 1267 212 1332 ἐκ
229 1261 406 1353 προγόνων
424 1268 582 1352 διαδοχῆς
594 1267 655 1334 τού
667 1261 841 1334 Ἰουδαίων
857 1270 979 1344 ἔθνους
996 1262 1058 1354 οἰρ-

90 1361 219 1447 ξάντων
242 1370 341 1453 δηλοῖ
362 1367 471 1452 λέγων
484 1360 569 1434 “ούκ
589 1369 734 1448 ἐκλείψει
757 1361 869 1455 ύρχων
889 1368 921 1447 ἐξ
935 1364 1056 1452 Ἰούδα,

89 1468 145 1534 καὶ
162 1464 348 1554 ῆγούμενος
365 1470 403 1535 ἐκ
420 1470 488 1536 τῶν
504 1469 621 1554 μηρῶν
635 1463 757 1553 αὐτοῦ,
776 1469 839 1547 ἕως
855 1461 898 1536 δν
916 1472 1000 1556 ἔλθη
1018 1464 1057 1537 τύ

89 1562 293 1656 ἀποκείμενα
310 1564 418 1660 αύτῶ,
437 1569 494 1636 καί
511 1563 611 1661 αύτδς
628 1573 813 1657 προσδοκία
832 1570 952 1638 ἐθνῶν.
960 1564 977 1591 ”

50 1693 75 1734 ιε
165 1673 216 1738 46.
235 1674 325 1740 Ποία
345 1670 382 1738 δέ
399 1674 584 1758 προσδοκία
608 1657 651 1756 ῆν
674 1665 748 1737 ἄλλ’
769 1663 828 1757 ῆῆ
848 1672 895 1762 τῶ
911 1665 1057 1760 Ἀβρααμ

89 1772 316 1860 ἐπηγγελμένη
335 1773 412 1860 περὶ
429 1772 490 1841 τού
509 1775 582 1841 δεῑν
600 1767 892 1859 εύλογηθῆσεσθαι
911 1775 947 1840 ἐν
966 1769 1056 1862 αὐτῶ

89 1869 198 1942 πάντα
215 1869 255 1942 τύ
274 1879 359 1961 ἐθνη
376 1877 434 1961 τῆς
451 1876 529 1962 γῆς;
548 1873 677 1960 πέφηνε
690 1877 869 1961 τοιγαροῦν
885 1875 942 1942 καὶ
960 1868 1059 1952 αύτδς

89 1970 107 2042 δ
127 1978 256 2061 Μωσῆς
280 1971 425 2062 ἀκριβῶς
451 1972 665 2061 ἐπιστάμενος
688 1972 750 2061 τήν
774 1974 836 2063 μὲν
853 1971 935 2065 πρδς
954 1971 1058 2043 αὐτοῦ

90 2079 306 2163 διαταγείσαν
337 2083 542 2165 νομοθεσίαν
573 2076 769 2156 ἐξασθενείν
800 2082 847 2157 είς
884 2074 920 2145 τὸ
957 2080 1059 2145 πᾶσιν
1070 2104 1098 2154 ρ)

50 2201 77 2240 20
92 2173 278 2265 ἐφαρμόσαι
295 2195 364 2258 τοῖς
383 2182 531 2266 ἔθνεσιν,
551 2182 598 2257 είς
613 2175 822 2267 ἐκπλήρωσιν
840 2176 878 2246 δέ
890 2180 958 2246 τῶν
977 2175 1059 2266 πρὸς

88 2275 149 2345 τὸν
164 2272 311 2366 Ἀβραδιμ
328 2280 485 2366 χρησμῶν
505 2280 620 2365 ἑτέρου
633 2283 768 2349 δεῖσθαι
787 2276 970 2367 προφήτου.
1006 2283 1056 2347 47.

90 2367 186 2459 ούτος
205 2374 239 2446 δ’
260 2375 324 2469 δι’ρα
342 2368 403 2466 ῆν,
428 2375 467 2447 δν
487 2381 519 2460 ἐξ
533 2374 643 2447 Ἰούδα
667 2383 776 2467 φυλῆς
794 2376 1059 2467 προελεύσεσθαι

90 2481 147 2549 καὶ
160 2482 294 2548 πολλῶν
309 2482 421 2549 ἐθνῶν
427 2475 620 2569 κυριεύσειν
633 2476 947 2571 προμαρτυρόμενος
963 2477 1058 2568 εὐηγ-

90 2587 244 2670 γελίζετο.

51 2710 78 2752 ει
168 2695 215 2757 lV.
245 2679 313 2752 Διά
333 2679 374 2771 δή
398 2673 460 2752 οὖν
478 2686 582 2753 ταῦτα
600 2676 645 2764 ῶς
668 2676 711 2753 δν
728 2680 768 2751 τδι
786 2684 863 2771 περὶ
880 2676 975 2771 ῆμῶν
991 2686 1087 2757 τῶνε

92 2787 205 2853 ἐθνῶν
228 2791 441 2873 θεσπίσματα
471 2782 688 2874 περιεχούσας
711 2783 769 2864 τὰς
793 2779 873 2872 παρ’
895 2779 1059 2872 Ἑβραίοις

92 2882 183 2973 ίερδις
200 2892 350 2974 βίβλους,
369 2883 428 2955 δι’τε
441 2888 498 2955 καί
509 2888 604 2975 ῆμῶν
622 2891 746 2966 οἰκείας
764 2882 879 2973 ούσας,
899 2883 1059 2975 είλύμεθύ

90 2988 197 3056 τεκαὶ
212 2989 419 3077 ἐστέρξαμεν,
437 2983 492 3057 ὅτε
509 2986 651 3077 μάλιστα
669 2981 709 3056 ού
723 2984 828 3075 μόνον
841 2990 969 3075 Μωσῆς
982 2988 1059 3075 περὶ

89 3090 152 3158 τού
168 3083 244 3176 μετ’
264 3086 366 3158 αύτδν
382 3084 517 3177 ῆξοντος
535 3090 721 3178 νομοθέτου
738 3091 806 3157 τῶν
825 3091 937 3157 ἐθνῶν
954 3114 1058 3175 προα-

52 3216 78 3260 εο
91 3187 258 3278 νεφῶνει,
277 3184 361 3259 ύλλδ
378 3192 433 3259 καὶ
450 3193 486 3259 οί
507 3188 578 3279 μετ’
600 3186 703 3260 αι’τδν
728 3192 894 3279 προφῆται
912 3184 1088 3275 συλλῆβ-ε

162 3424 176 3471 1
194 3422 274 3472 Num.
288 3425 330 3486 ει,
344 3424 368 3473 ε.
475 3425 505 3473 ιε
526 3410 703 3486 (3en.49‚1'0.
