2326 3818
120 128 185 193 204
525 125 674 177 Εοεωοει

122 293 175 340 σοι
198 264 373 356 ὁμολογεῖν
396 262 534 353 ἀνάγκη.
580 269 629 333 15.
647 261 867 353 προστάξαντι
892 263 955 352 γάρ
975 260 1089 346 οὐδεὶς

60 365 272 458 ρεηήπείθει,
291 365 375 438 άλλολ
388 363 674 456 πειθαρχήσαντες
687 361 792 436 αὐτοῦ
804 372 850 459 τῷ
859 363 997 455 νεύματι
1007 365 1090 436 κατά

121 469 162 540 τά
179 473 433 560 παρηγγελμένα
451 474 519 538 πᾶν
543 471 639 556 γένος
657 462 850 556 ἀνθρώπων
869 466 1089 556 ἐμαθητευον,

123 576 159 642 ἐκ
181 580 240 660 τῆς
264 578 387 651 οἰκείας
411 574 471 659 γης
496 571 550 638 ἐπὶ
575 567 683 638 πάντα
707 565 914 657 στειλάμενοι
931 567 971 639 τά
991 577 1088 657 ἔθνη,

123 677 159 744 ἐν
181 669 284 765 ὀλίγῳ
309 700 345 743 τε
368 662 411 760 ἦν
436 678 516 759 ἔργα
539 676 710 760 θεωρῆσαι
733 666 810 750 τούς
828 669 955 759 λόγους.
992 667 1115 758 κεκή-ι

122 802 224 867 ρυκτο
250 781 334 861 γοῦν
360 770 396 841 τό
425 767 620 859 εὐαγγέλιον
645 775 681 840 ἐν
703 780 824 860 βραχεῖ
846 770 955 864 χρόνω
975 776 1012 841 ἐν
1029 768 1090 862 ὅλη

122 880 163 967 τῇ
180 877 359 963 οἰκουμένῃ
385 880 432 952 είς
449 869 631 961 μαρτύριον
649 890 717 954 τοῖς
737 879 868 960 ἔθνεσι,
888 875 944 941 καὶ
961 870 1091 961 βάρβα-

123 1006 176 1064 ροι
193 971 273 1044 κα1“
269 983 417 1062 Ελληνες
434 973 492 1066 τὰς
510 975 587 1063 περὶ
600 976 660 1042 του
673 971 783 1062 Ἰησοῦ
794 970 926 1060 γραφάς
939 980 1091 1060 πατρίοις

122 1080 347 1166 χαρακτῆρσιν
364 1079 420 1144 καὶ
433 1082 561 1195 πατρίω
576 1104 673 1165 φωνη
662 1072 940 1163 μετελάμβανον.
962 1077 1079 1142 16.ί
1020 1079 1091 1142 καί·

123 1205 174 1246 τοι
190 1185 240 1258 τίς
257 1175 319 1246 οὐκ
338 1173 380 1246 διν
398 1173 597 1266 ἀπορήσειεν
616 1174 762 1263 εὐλόγως
788 1184 837 1257 τίς
855 1165 898 1263 ἦν
916 1171 980 1263 άρα
998 1169 1015 1243 6
1032 1181 1091 1263 τῆς
1105 1208 1131 1247 ιο

123 1284 191 1400 των
216 1283 379 1366 μαθητῶν
404 1285 462 1347 τοῦ
483 1273 592 1366 Ἰησοῦ
618 1283 835 1358 διδασκαλίας
861 1273 998 1366 τρόπος;
1027 1267 1092 1366 άρα

96 1376 186 1470 ιγάρ
211 1386 257 1460 είς
280 1382 387 1468 μεσην
411 1376 636 1468 παρελθόντες
659 1378 774 1467 πόλιν,
799 1376 901 1447 ἔπειτ’
928 1373 1006 1448 ἐν’
987 1381 1093 1468 αγορᾷ

69 1503 109 1558 ιω]
124 1479 260 1562 στάντες
278 1482 334 1550 καλ
352 1485 415 1569 βοῇ
428 1486 552 1568 μείζονι
570 1476 772 1568 χρησάμενοι
790 1476 998 1549 συνεκάλουν
1016 1479 1093 1559 τοὺς

124 1580 316 1671 παριόντας,
335 1578 474 1650 κάπειτα
485 1579 731 1669 ἐδημηγόρουν;
751 1583 807 1649 καί
824 1587 873 1661 τίς
891 1570 934 1667 ἦν
951 1575 1015 1668 άρα
1033 1579 1092 1649 αὐ-

123 1699 191 1765 τοῖς
213 1689 271 1767 τῆς
297 1687 500 1770 δημηγορίας
524 1675 542 1749 6
561 1679 674 1769 λόγος,
701 1671 728 1772 6
746 1692 927 1751 πεπεῖσθαι
946 1681 1033 1760 είκδς
1050 1671 1131 1769 6615

123 1783 201 1864 τούς
224 1779 474 1871 άκροωμένους;
500 1784 570 1862 πως
590 1780 627 1850 δὲ
650 1784 705 1851 καὶ
724 1779 954 1871 ἐδημηγόρουν
971 1778 1093 1870 ἄνδρες

81 1944 85 1951 .
123 1882 376 1976 λόγωνζάπειροι
392 1883 447 1951 καὶ
462 1881 569 1970 πάσης
582 1881 735 1972 άμέτοχοι
752 1890 923 1967 παιδείας;
945 1887 994 1949 17.
1007 1879 1092 1950 άλλά

123 1983 190 2073 μὴν
213 1982 253 2054 06
280 1981 362 2052 κατά
386 1989 532 2070 πλῆθος,
558 1980 640 2053 κατά
670 1987 769 2073 μέρος
794 1985 832 2054 δὲ
855 2001 923 2064 τοῖς
947 2003 1094 2072 προστυ-

124 2090 220 2173 χοῦσι
239 2086 446 2171 διελέγοντο.
471 2090 560 2154 τίσιν
577 2075 639 2155 οὖν
656 2084 744 2155 πεδ’
730 2093 857 2165 οποίοις
876 2090 1018 2174 ἐχρῶντο
1037 2082 1095 2154 λό-

124 2214 194 2274 γοις
222 2188 275 2255 ἐπὶ
300 2183 409 2255 πειθώ
436 2215 504 2255 των
533 2181 741 2275 άκουόντωυ,
770 2189 841 2256 ε’πελ
864 2187 949 2275 μηδε
978 2183 1133 2276 μικρόςτο

98 2289 166 2375 εὴν
185 2283 296 2368 αὐτοῖς
315 2281 332 2355 6
351 2282 460 2376 άγων,
479 2286 524 2375 μὴ
544 2285 762 2377 ἀρνουμένοις
789 2286 848 2357 τόν
867 2289 1095 2358 ἐπονείδιστον

123 2386 274 2460 θάνατον
297 2417 356 2459 του
342 2392 697 2478 καταγγελλομίνου;
727 2395 776 2458 18.
797 2395 829 2459 εί
849 2386 974 2477 μὲν
936 2417 998 2477 γαρ
1016 2392 1095 2458 τοῦ·

123 2519 182 2562 τον
201 2489 479 2581 ἑπικρνψάμενοι,
505 2494 560 2559 καὶ
584 2487 629 2578 μὴ
647 2488 884 2579 ὁμολογοῦντες
904 2499 951 2571 είς
968 2487 1095 2572 πάντας

124 2589 178 2662 οἷα
209 2594 264 2661 καλ
295 2589 401 2661 ὁπόσα
432 2593 603 2661 πέπονθεν
625 2585 692 2659 ὑπὸ
715 2587 905 2677 Ἰουδαίων,
931 2591 971 2658 τά
989 2588 1095 2678 σεμνά

123 2690 210 2781 μόνα
228 2695 282 2761 καί
302 2694 421 2774 ἔνδοξα
438 2689 692 2781 προσεκόμιζον,
716 2691 816 2781 (λέγω
837 2693 874 2761 δὲ
891 2689 948 2771 τάς
961 2702 1095 2779 θαυμα·
1107 2725 1134 2766 τε

124 2799 281 2879 τουργίας
304 2794 360 2861 καὶ
386 2789 444 2870 τάς
469 2794 747 2881 παραδοξοποιίας
771 2791 875 2863 αὐτού
897 2791 955 2871 τάς
979 2821 1015 2862 τε
1037 2821 1096 2880 φι-

124 2891 290 2980 λοσόφους
319 2897 535 2974 διδασκαλίας
554 2890 671 2982 αὐτοῦ)
699 2891 775 2964 οὐδ’
795 2891 901 2975 οὕτως
920 2882 962 2982 ἦν
982 2891 1095 2975 αὐτοῖς

126 2990 262 3084 εόχερης
280 2989 298 3063 6
317 2992 413 3082 λόγος
432 2992 514 3084 πρός
531 2992 568 3064 τό
586 3002 723 3084 ποιῆσαι
742 3001 866 3088 ῥαδίως
885 2996 1094 3082 συγκαταθέ-

124 3109 207 3166 σθαι
237 3092 314 3177 τοδς
345 3093 529 3177 ιἰκοόοντας
560 3099 893 3186 ξενοφωνουμένους,
932 3098 987 3165 καὶ
1018 3091 1094 3182 άρτι

124 3200 257 3286 πρῶτον
282 3194 505 3280 ἐπακούοντας
531 3203 657 3269 καινῶν
684 3197 840 3289 ῥημάτων
863 3193 924 3269 ὑπ’
955 3193 1094 3286 ἄνδρων
1107 3229 1134 3271 εο

124 3296 227 3367 οὐδὲν
247 3301 461 3388 ἐπαγομένων
475 3294 665 3382 άξιόπιστον
679 3307 725 3380 είς
739 3297 802 3387 τὴν
817 3303 886 3368 τῶν
904 3300 1094 3387 λεγομένων

96 3405 327 3488 ιμαρτυρίαν·
355 3399 444 3487 πλὴν
461 3397 534 3469 ἀλλ’
556 3402 671 3482 ἔδοξεν
689 3395 730 3470 διν
749 3399 982 3489 πιθανώτερον
1000 3403 1095 3488 λίγε-
