<?xml version="1.0" encoding="UTF-8"?>
<!DOCTYPE html PUBLIC "-//W3C//DTD XHTML 1.0 Transitional//EN"
    "http://www.w3.org/TR/xhtml1/DTD/xhtml1-transitional.dtd">
<html xmlns="http://www.w3.org/1999/xhtml" xml:lang="en" lang="en">
 <head>
  <title>
</title>
<meta http-equiv="Content-Type" content="text/html;charset=utf-8" />
  <meta name='ocr-system' content='tesseract 3.04.00' />
  <meta name='ocr-capabilities' content='ocr_page ocr_carea ocr_par ocr_line ocrx_word'/>
</head>
<body>
  <div class='ocr_page' id='page_1' title='image "./eusebiicaesarie01dindgoog/eusebiicaesarie01dindgoog_0619.png"; bbox 0 0 2326 3818; ppageno 0'>
   <div class='ocr_carea' id='block_1_1' title="bbox 140 135 700 202">
    <p class='ocr_par' dir='ltr' id='par_1_1' title="bbox 140 135 700 202">
     <span class='ocr_line' id='line_1_1' title="bbox 140 135 700 202; baseline 0.004 -17"><span class='ocrx_word' id='word_1_1' title='bbox 140 137 204 202; x_wconf 79' lang='lat'><strong><em>542</em></strong></span> <span class='ocrx_word' id='word_1_2' title='bbox 237 161 242 173; x_wconf 48' lang='grc' dir='ltr'><strong><em>ι</em></strong></span> <span class='ocrx_word' id='word_1_3' title='bbox 551 135 700 187; x_wconf 76' lang='grc' dir='ltr'><strong><em>Ενεεωι</em></strong></span> 
     </span>
    </p>
   </div>
   <div class='ocr_carea' id='block_1_2' title="bbox 143 267 1112 400">
    <p class='ocr_par' dir='ltr' id='par_1_2' title="bbox 143 267 1112 400">
     <span class='ocr_line' id='line_1_2' title="bbox 143 267 1112 400; baseline -0.004 -52"><span class='ocrx_word' id='word_1_4' title='bbox 143 281 179 348; x_wconf 89' lang='grc' dir='ltr'><strong><em>έν</em></strong></span> <span class='ocrx_word' id='word_1_5' title='bbox 197 275 281 369; x_wconf 82' lang='grc' dir='ltr'><strong><em>άχίφ</em></strong></span> <span class='ocrx_word' id='word_1_6' title='bbox 305 278 361 345; x_wconf 81' lang='grc' dir='ltr'><strong><em>καὶ</em></strong></span> <span class='ocrx_word' id='word_1_7' title='bbox 385 279 470 346; x_wconf 90' lang='grc' dir='ltr'><strong><em>θεοῦ</em></strong></span> <span class='ocrx_word' id='word_1_8' title='bbox 488 272 569 368; x_wconf 81' lang='grc' dir='ltr'><strong><em>άξίφ</em></strong></span> <span class='ocrx_word' id='word_1_9' title='bbox 587 272 692 367; x_wconf 83' lang='grc' dir='ltr'><strong><em>τόπφ·</em></strong></span> <span class='ocrx_word' id='word_1_10' title='bbox 726 269 800 343; x_wconf 79' lang='grc' dir='ltr'><strong><em>οὐδ’</em></strong></span> <span class='ocrx_word' id='word_1_11' title='bbox 822 267 865 343; x_wconf 84' lang='grc' dir='ltr'><strong><em>άν</em></strong></span> <span class='ocrx_word' id='word_1_12' title='bbox 887 272 966 400; x_wconf 85' lang='grc' dir='ltr'><strong><em>τρῦς</em></strong></span> <span class='ocrx_word' id='word_1_13' title='bbox 983 271 1112 363; x_wconf 84' lang='grc' dir='ltr'><strong><em>άχορά-</em></strong></span> 
     </span>
    </p>
   </div>
   <div class='ocr_carea' id='block_1_3' title="bbox 46 370 1159 3305">
    <p class='ocr_par' dir='ltr' id='par_1_3' title="bbox 115 370 1148 1581">
     <span class='ocr_line' id='line_1_3' title="bbox 142 370 1112 501; baseline -0.002 -53"><span class='ocrx_word' id='word_1_14' title='bbox 142 388 256 501; x_wconf 81' lang='grc' dir='ltr'><strong><em>ζοντρις</em></strong></span> <span class='ocrx_word' id='word_1_15' title='bbox 279 379 334 446; x_wconf 81' lang='grc' dir='ltr'><strong><em>καὶ</em></strong></span> <span class='ocrx_word' id='word_1_16' title='bbox 358 375 605 466; x_wconf 79' lang='grc' dir='ltr'><strong><em>πιπράσκοντας</em></strong></span> <span class='ocrx_word' id='word_1_17' title='bbox 630 378 768 458; x_wconf 78' lang='grc' dir='ltr'><strong><em>ἐξωθοῦν</em></strong></span> <span class='ocrx_word' id='word_1_18' title='bbox 791 370 920 463; x_wconf 81' lang='grc' dir='ltr'><strong><em>ἐλεχε“</em></strong></span> <span class='ocrx_word' id='word_1_19' title='bbox 924 376 1112 463; x_wconf 80' lang='grc' dir='ltr'><strong><em>γέγραπται</em></strong></span> 
     </span>
     <span class='ocr_line' id='line_1_4' title="bbox 141 473 1112 602; baseline -0.001 -53"><span class='ocrx_word' id='word_1_20' title='bbox 141 478 191 549; x_wconf 83' lang='grc' dir='ltr'><strong><em>ότι</em></strong></span> <span class='ocrx_word' id='word_1_21' title='bbox 214 508 232 548; x_wconf 91' lang='grc' dir='ltr'><strong><em>ο</em></strong></span> <span class='ocrx_word' id='word_1_22' title='bbox 221 474 345 602; x_wconf 80' lang='grc' dir='ltr'><strong><em>ρίκός</em></strong></span> <span class='ocrx_word' id='word_1_23' title='bbox 368 507 433 567; x_wconf 93' lang='grc' dir='ltr'><strong><em>μου</em></strong></span> <span class='ocrx_word' id='word_1_24' title='bbox 455 477 544 559; x_wconf 79' lang='grc' dir='ltr'><strong><em>οἶκος</em></strong></span> <span class='ocrx_word' id='word_1_25' title='bbox 562 481 748 567; x_wconf 77' lang='grc' dir='ltr'><strong><em>προσευχῆς</em></strong></span> <span class='ocrx_word' id='word_1_26' title='bbox 766 473 986 564; x_wconf 80' lang='grc' dir='ltr'><strong><em>κληθήσεται,</em></strong></span> <span class='ocrx_word' id='word_1_27' title='bbox 1011 474 1112 597; x_wconf 75' lang='grc' dir='ltr'><strong><em>ῦμείς</em></strong></span> 
     </span>
     <span class='ocr_line' id='line_1_5' title="bbox 143 568 1159 668; baseline -0.001 -18"><span class='ocrx_word' id='word_1_28' title='bbox 143 579 233 650; x_wconf 72' lang='grc' dir='ltr'><strong><em>δὲ’</em></strong></span> <span class='ocrx_word' id='word_1_29' title='bbox 194 578 296 651; x_wconf 87' lang='grc' dir='ltr'><strong><em>αυτόν</em></strong></span> <span class='ocrx_word' id='word_1_30' title='bbox 309 595 433 650; x_wconf 77' lang='grc' dir='ltr'><strong><em>ποιεῖτε</em></strong></span> <span class='ocrx_word' id='word_1_31' title='bbox 446 577 611 667; x_wconf 86' lang='grc' dir='ltr'><strong><em>σπῆλαιον</em></strong></span> <span class='ocrx_word' id='word_1_32' title='bbox 625 573 780 668; x_wconf 79' lang='grc' dir='ltr'><strong><em>ληστῦν,’</em></strong></span> <span class='ocrx_word' id='word_1_33' title='bbox 782 574 861 647; x_wconf 81' lang='grc' dir='ltr'><strong><em>’καὶ</em></strong></span> <span class='ocrx_word' id='word_1_34' title='bbox 875 568 1002 657; x_wconf 81' lang='grc' dir='ltr'><strong><em>αῦθις“</em></strong></span> <span class='ocrx_word' id='word_1_35' title='bbox 1008 575 1159 665; x_wconf 89' lang='grc' dir='ltr'><strong><em>άρατε</em></strong></span> 
     </span>
     <span class='ocr_line' id='line_1_6' title="bbox 140 677 1139 769; baseline 0 -18"><span class='ocrx_word' id='word_1_36' title='bbox 140 688 244 754; x_wconf 87' lang='grc' dir='ltr'><strong><em>ταῦτα</em></strong></span> <span class='ocrx_word' id='word_1_37' title='bbox 263 685 436 767; x_wconf 90' lang='grc' dir='ltr'><strong><em>ἐντεῦθεν,</em></strong></span> <span class='ocrx_word' id='word_1_38' title='bbox 454 679 568 749; x_wconf 83' lang='grc' dir='ltr'><strong><em>καὶ</em></strong></span> <span class='ocrx_word' id='word_1_39' title='bbox 527 710 572 769; x_wconf 93' lang='grc' dir='ltr'><strong><em>μη</em></strong></span> <span class='ocrx_word' id='word_1_40' title='bbox 586 696 709 750; x_wconf 79' lang='grc' dir='ltr'><strong><em>ποιεῖτε</em></strong></span> <span class='ocrx_word' id='word_1_41' title='bbox 725 677 784 749; x_wconf 87' lang='grc' dir='ltr'><strong><em>τόν</em></strong></span> <span class='ocrx_word' id='word_1_42' title='bbox 798 679 891 749; x_wconf 80' lang='grc' dir='ltr'><strong><em>οἷκον</em></strong></span> <span class='ocrx_word' id='word_1_43' title='bbox 908 685 967 748; x_wconf 86' lang='grc' dir='ltr'><strong><em>τοῦ</em></strong></span> <span class='ocrx_word' id='word_1_44' title='bbox 985 678 1139 769; x_wconf 82' lang='grc' dir='ltr'><strong><em>πατρόςε</em></strong></span> 
     </span>
     <span class='ocr_line' id='line_1_7' title="bbox 141 776 1112 872; baseline -0.002 -18"><span class='ocrx_word' id='word_1_45' title='bbox 141 813 205 872; x_wconf 94' lang='grc' dir='ltr'><strong><em>μου</em></strong></span> <span class='ocrx_word' id='word_1_46' title='bbox 223 783 317 853; x_wconf 80' lang='grc' dir='ltr'><strong><em>οἷκον</em></strong></span> <span class='ocrx_word' id='word_1_47' title='bbox 341 776 552 871; x_wconf 82' lang='grc' dir='ltr'><strong><em>ἐμπορείου,”</em></strong></span> <span class='ocrx_word' id='word_1_48' title='bbox 573 787 604 851; x_wconf 90' lang='grc' dir='ltr'><strong><em>εί</em></strong></span> <span class='ocrx_word' id='word_1_49' title='bbox 626 780 670 870; x_wconf 91' lang='grc' dir='ltr'><strong><em>μῆ</em></strong></span> <span class='ocrx_word' id='word_1_50' title='bbox 695 789 742 851; x_wconf 83' lang='grc' dir='ltr'><strong><em>ἔτι</em></strong></span> <span class='ocrx_word' id='word_1_51' title='bbox 765 787 876 869; x_wconf 92' lang='grc' dir='ltr'><strong><em>τίμιον</em></strong></span> <span class='ocrx_word' id='word_1_52' title='bbox 894 783 1008 867; x_wconf 72' lang='grc' dir='ltr'><strong><em>σαφοῦς</em></strong></span> <span class='ocrx_word' id='word_1_53' title='bbox 1036 786 1112 852; x_wconf 76' lang='grc' dir='ltr'><strong><em>δεῖν</em></strong></span> 
     </span>
     <span class='ocr_line' id='line_1_8' title="bbox 115 878 1112 973; baseline -0.005 -17"><span class='ocrx_word' id='word_1_54' title='bbox 115 884 290 973; x_wconf 82' lang='grc' dir='ltr'><strong><em>οένόμιζεν</em></strong></span> <span class='ocrx_word' id='word_1_55' title='bbox 312 880 563 971; x_wconf 78' lang='grc' dir='ltr'><strong><em>ὑπολαμβάνειν</em></strong></span> <span class='ocrx_word' id='word_1_56' title='bbox 587 881 673 952; x_wconf 75' lang='grc' dir='ltr'><strong><em>εἶναι</em></strong></span> <span class='ocrx_word' id='word_1_57' title='bbox 695 882 755 951; x_wconf 87' lang='grc' dir='ltr'><strong><em>τόν</em></strong></span> <span class='ocrx_word' id='word_1_58' title='bbox 776 879 886 952; x_wconf 91' lang='grc' dir='ltr'><strong><em>τόπον.</em></strong></span> <span class='ocrx_word' id='word_1_59' title='bbox 930 887 1000 950; x_wconf 85' lang='grc'><strong>116.</strong></span> <span class='ocrx_word' id='word_1_60' title='bbox 1025 878 1112 951; x_wconf 85' lang='grc' dir='ltr'><strong><em>άλλά</em></strong></span> 
     </span>
     <span class='ocr_line' id='line_1_9' title="bbox 141 980 1111 1073; baseline 0 -20"><span class='ocrx_word' id='word_1_61' title='bbox 141 984 204 1073; x_wconf 79' lang='grc' dir='ltr'><strong><em>γάρ</em></strong></span> <span class='ocrx_word' id='word_1_62' title='bbox 240 982 482 1071; x_wconf 75' lang='grc' dir='ltr'><strong><em>πλησιαζούσης</em></strong></span> <span class='ocrx_word' id='word_1_63' title='bbox 512 981 625 1053; x_wconf 85' lang='grc' dir='ltr'><strong><em>αῦτιῦν</em></strong></span> <span class='ocrx_word' id='word_1_64' title='bbox 654 987 711 1072; x_wconf 92' lang='grc' dir='ltr'><strong><em>τῆς</em></strong></span> <span class='ocrx_word' id='word_1_65' title='bbox 742 980 880 1071; x_wconf 78' lang='grc' dir='ltr'><strong><em>ἐσχάτης</em></strong></span> <span class='ocrx_word' id='word_1_66' title='bbox 910 989 1111 1070; x_wconf 79' lang='grc' dir='ltr'><strong><em>δυσσεβείας</em></strong></span> 
     </span>
     <span class='ocr_line' id='line_1_10' title="bbox 140 1080 1111 1175; baseline 0.002 -22"><span class='ocrx_word' id='word_1_67' title='bbox 140 1085 222 1175; x_wconf 84' lang='grc' dir='ltr'><strong><em>μετὰ</em></strong></span> <span class='ocrx_word' id='word_1_68' title='bbox 246 1091 350 1153; x_wconf 87' lang='grc' dir='ltr'><strong><em>ταῦτα</em></strong></span> <span class='ocrx_word' id='word_1_69' title='bbox 377 1083 484 1156; x_wconf 89' lang='grc' dir='ltr'><strong><em>πάντα</em></strong></span> <span class='ocrx_word' id='word_1_70' title='bbox 507 1083 701 1175; x_wconf 86' lang='grc' dir='ltr'><strong><em>αἰπεφῆνατο</em></strong></span> <span class='ocrx_word' id='word_1_71' title='bbox 728 1084 832 1154; x_wconf 79' lang='grc' dir='ltr'><strong><em>είπών</em></strong></span> <span class='ocrx_word' id='word_1_72' title='bbox 851 1080 950 1155; x_wconf 80' lang='grc' dir='ltr'><strong><em>“ίδοῦ</em></strong></span> <span class='ocrx_word' id='word_1_73' title='bbox 974 1080 1111 1173; x_wconf 88' lang='grc' dir='ltr'><strong><em>άφίεται</em></strong></span> 
     </span>
     <span class='ocr_line' id='line_1_11' title="bbox 140 1182 1148 1276; baseline 0.003 -21"><span class='ocrx_word' id='word_1_74' title='bbox 140 1182 222 1276; x_wconf 80' lang='grc' dir='ltr'><strong><em>ῦμϊν</em></strong></span> <span class='ocrx_word' id='word_1_75' title='bbox 245 1184 264 1256; x_wconf 85' lang='grc' dir='ltr'>ὁ</span> <span class='ocrx_word' id='word_1_76' title='bbox 287 1186 376 1268; x_wconf 82' lang='grc' dir='ltr'><strong><em>οἶκος</em></strong></span> <span class='ocrx_word' id='word_1_77' title='bbox 399 1182 495 1276; x_wconf 83' lang='grc' dir='ltr'><strong><em>ῦμωυ</em></strong></span> <span class='ocrx_word' id='word_1_78' title='bbox 519 1194 655 1276; x_wconf 82' lang='grc' dir='ltr'><strong><em>ἔρημος,</em></strong></span> <span class='ocrx_word' id='word_1_79' title='bbox 685 1184 703 1256; x_wconf 84' lang='grc' dir='ltr'>ὃ</span> <span class='ocrx_word' id='word_1_80' title='bbox 727 1189 782 1256; x_wconf 79' lang='grc' dir='ltr'><strong><em>καὶ</em></strong></span> <span class='ocrx_word' id='word_1_81' title='bbox 807 1184 888 1256; x_wconf 84' lang='grc' dir='ltr'><strong><em>αὐτό</em></strong></span> <span class='ocrx_word' id='word_1_82' title='bbox 912 1190 1108 1275; x_wconf 77' lang='grc' dir='ltr'><strong><em>ἐπληροῦτο,</em></strong></span> <span class='ocrx_word' id='word_1_83' title='bbox 1124 1218 1148 1259; x_wconf 88' lang='grc' dir='ltr'><strong><em>ω</em></strong></span> 
     </span>
     <span class='ocr_line' id='line_1_12' title="bbox 140 1284 1110 1376; baseline 0.002 -19"><span class='ocrx_word' id='word_1_84' title='bbox 140 1284 195 1357; x_wconf 80' lang='grc' dir='ltr'><strong><em>ὅτε</em></strong></span> <span class='ocrx_word' id='word_1_85' title='bbox 213 1286 381 1369; x_wconf 79' lang='grc' dir='ltr'><strong><em>παθόντος</em></strong></span> <span class='ocrx_word' id='word_1_86' title='bbox 404 1286 509 1358; x_wconf 82' lang='grc' dir='ltr'><strong><em>αὐτοῦ</em></strong></span> <span class='ocrx_word' id='word_1_87' title='bbox 532 1285 569 1358; x_wconf 86' lang='grc' dir='ltr'><strong><em>τό</em></strong></span> <span class='ocrx_word' id='word_1_88' title='bbox 592 1291 825 1376; x_wconf 83' lang='grc' dir='ltr'><strong><em>καταπέτασμα</em></strong></span> <span class='ocrx_word' id='word_1_89' title='bbox 842 1292 902 1358; x_wconf 87' lang='grc' dir='ltr'><strong><em>τοῦ</em></strong></span> <span class='ocrx_word' id='word_1_90' title='bbox 927 1291 1013 1357; x_wconf 87' lang='grc' dir='ltr'><strong><em>ναοῦ</em></strong></span> <span class='ocrx_word' id='word_1_91' title='bbox 1030 1285 1110 1359; x_wconf 81' lang='grc' dir='ltr'><strong><em>ὅλον</em></strong></span> 
     </span>
     <span class='ocr_line' id='line_1_13' title="bbox 141 1387 1110 1515; baseline 0 -55"><span class='ocrx_word' id='word_1_92' title='bbox 141 1387 186 1460; x_wconf 88' lang='grc' dir='ltr'><strong><em>δι’</em></strong></span> <span class='ocrx_word' id='word_1_93' title='bbox 207 1387 287 1460; x_wconf 84' lang='grc' dir='ltr'><strong><em>ὅλου</em></strong></span> <span class='ocrx_word' id='word_1_94' title='bbox 304 1393 407 1479; x_wconf 83' lang='grc' dir='ltr'><strong><em>μέσον</em></strong></span> <span class='ocrx_word' id='word_1_95' title='bbox 431 1387 571 1515; x_wconf 81' lang='grc' dir='ltr'><strong><em>ἐρράγη,</em></strong></span> <span class='ocrx_word' id='word_1_96' title='bbox 597 1387 780 1513; x_wconf 83' lang='grc' dir='ltr'><strong><em>καθηρητό</em></strong></span> <span class='ocrx_word' id='word_1_97' title='bbox 790 1418 825 1460; x_wconf 92' lang='grc' dir='ltr'><strong><em>τε</em></strong></span> <span class='ocrx_word' id='word_1_98' title='bbox 845 1392 877 1472; x_wconf 82' lang='grc' dir='ltr'><strong><em>ἐξ</em></strong></span> <span class='ocrx_word' id='word_1_99' title='bbox 897 1393 1028 1458; x_wconf 87' lang='grc' dir='ltr'><strong><em>ἐκείνου</em></strong></span> <span class='ocrx_word' id='word_1_100' title='bbox 1048 1396 1110 1460; x_wconf 87' lang='grc' dir='ltr'><strong><em>δυ-</em></strong></span> 
     </span>
     <span class='ocr_line' id='line_1_14' title="bbox 140 1486 1110 1584; baseline -0.002 -23"><span class='ocrx_word' id='word_1_101' title='bbox 140 1490 237 1581; x_wconf 86' lang='grc' dir='ltr'><strong><em>νάμει</em></strong></span> <span class='ocrx_word' id='word_1_102' title='bbox 255 1486 275 1581; x_wconf 89' lang='grc' dir='ltr'><strong><em>ῆ</em></strong></span> <span class='ocrx_word' id='word_1_103' title='bbox 294 1491 463 1581; x_wconf 86' lang='grc' dir='ltr'><strong><em>προσηνὴς</em></strong></span> <span class='ocrx_word' id='word_1_104' title='bbox 489 1497 535 1583; x_wconf 79' lang='grc' dir='ltr'><strong><em>τῷ</em></strong></span> <span class='ocrx_word' id='word_1_105' title='bbox 552 1497 623 1584; x_wconf 78' lang='grc' dir='ltr'><strong><em>θεῷ</em></strong></span> <span class='ocrx_word' id='word_1_106' title='bbox 642 1490 724 1560; x_wconf 82' lang='grc' dir='ltr'><strong><em>κατὰ</em></strong></span> <span class='ocrx_word' id='word_1_107' title='bbox 746 1490 807 1579; x_wconf 91' lang='grc' dir='ltr'><strong><em>τῆν</em></strong></span> <span class='ocrx_word' id='word_1_108' title='bbox 831 1497 891 1560; x_wconf 93' lang='grc' dir='ltr'><strong><em>τοῦ</em></strong></span> <span class='ocrx_word' id='word_1_109' title='bbox 909 1489 1015 1579; x_wconf 90' lang='grc' dir='ltr'><strong><em>νόμον</em></strong></span> <span class='ocrx_word' id='word_1_110' title='bbox 1034 1488 1110 1560; x_wconf 92' lang='grc' dir='ltr'><strong><em>διά-</em></strong></span> 
     </span>
    </p>

    <p class='ocr_par' dir='ltr' id='par_1_4' title="bbox 80 1583 1148 2092">
     <span class='ocr_line' id='line_1_15' title="bbox 80 1583 1107 1682; baseline 0.001 -20"><span class='ocrx_word' id='word_1_111' title='bbox 80 1608 85 1619; x_wconf 91' lang='grc'><strong>’</strong></span> <span class='ocrx_word' id='word_1_112' title='bbox 139 1598 233 1676; x_wconf 86' lang='grc' dir='ltr'><strong><em>ταξιυ</em></strong></span> <span class='ocrx_word' id='word_1_113' title='bbox 256 1600 363 1664; x_wconf 93' lang='grc' dir='ltr'><strong><em>θυσία</em></strong></span> <span class='ocrx_word' id='word_1_114' title='bbox 388 1596 444 1662; x_wconf 81' lang='grc' dir='ltr'><strong><em>καὶ</em></strong></span> <span class='ocrx_word' id='word_1_115' title='bbox 468 1583 664 1681; x_wconf 90' lang='grc' dir='ltr'><strong><em>σπονδῆ,</em></strong></span> <span class='ocrx_word' id='word_1_116' title='bbox 642 1621 682 1681; x_wconf 88' lang='grc' dir='ltr'><strong><em>ης</em></strong></span> <span class='ocrx_word' id='word_1_117' title='bbox 707 1589 870 1682; x_wconf 85' lang='grc' dir='ltr'><strong><em>άρθείσης</em></strong></span> <span class='ocrx_word' id='word_1_118' title='bbox 900 1590 1007 1661; x_wconf 83' lang='grc' dir='ltr'><strong><em>καὶ</em></strong></span> <span class='ocrx_word' id='word_1_119' title='bbox 973 1621 1009 1661; x_wconf 92' lang='grc' dir='ltr'><strong><em>το</em></strong></span> <span class='ocrx_word' id='word_1_120' title='bbox 1028 1598 1107 1681; x_wconf 87' lang='grc' dir='ltr'><strong><em>βδέ</em></strong></span> 
     </span>
     <span class='ocr_line' id='line_1_16' title="bbox 140 1692 1148 1785; baseline 0.001 -21"><span class='ocrx_word' id='word_1_121' title='bbox 140 1705 249 1785; x_wconf 85' lang='grc' dir='ltr'><strong><em>λυγμα</em></strong></span> <span class='ocrx_word' id='word_1_122' title='bbox 263 1701 321 1783; x_wconf 92' lang='grc' dir='ltr'><strong><em>τῆς</em></strong></span> <span class='ocrx_word' id='word_1_123' title='bbox 338 1693 535 1784; x_wconf 79' lang='grc' dir='ltr'><strong><em>ἐρημώσεως</em></strong></span> <span class='ocrx_word' id='word_1_124' title='bbox 554 1693 637 1764; x_wconf 85' lang='grc' dir='ltr'><strong><em>κατά</em></strong></span> <span class='ocrx_word' id='word_1_125' title='bbox 649 1692 713 1782; x_wconf 88' lang='grc' dir='ltr'><strong><em>τῆν</em></strong></span> <span class='ocrx_word' id='word_1_126' title='bbox 732 1698 769 1764; x_wconf 92' lang='grc' dir='ltr'><strong><em>ἐν</em></strong></span> <span class='ocrx_word' id='word_1_127' title='bbox 788 1696 880 1784; x_wconf 82' lang='grc' dir='ltr'><strong><em>χερσὶ</em></strong></span> <span class='ocrx_word' id='word_1_128' title='bbox 901 1703 1109 1784; x_wconf 84' lang='grc' dir='ltr'><strong><em>προφητείαν</em></strong></span> <span class='ocrx_word' id='word_1_129' title='bbox 1124 1725 1148 1765; x_wconf 84' lang='grc' dir='ltr'><strong><em>ιε</em></strong></span> 
     </span>
     <span class='ocr_line' id='line_1_17' title="bbox 141 1793 1107 1891; baseline -0.001 -26"><span class='ocrx_word' id='word_1_130' title='bbox 141 1795 391 1884; x_wconf 90' lang='grc' dir='ltr'><strong><em>ἐπηκολουθησε</em></strong></span> <span class='ocrx_word' id='word_1_131' title='bbox 408 1793 509 1891; x_wconf 69' lang='grc' dir='ltr'><strong><em>ιβ’</em></strong></span> <span class='ocrx_word' id='word_1_132' title='bbox 472 1822 573 1889; x_wconf 80' lang='grc' dir='ltr'><strong><em>τοπφ.</em></strong></span> <span class='ocrx_word' id='word_1_133' title='bbox 612 1801 681 1865; x_wconf 77' lang='grc'><strong>117.</strong></span> <span class='ocrx_word' id='word_1_134' title='bbox 702 1802 731 1864; x_wconf 89' lang='grc' dir='ltr'><strong><em>εί</em></strong></span> <span class='ocrx_word' id='word_1_135' title='bbox 748 1797 785 1865; x_wconf 94' lang='grc' dir='ltr'><strong><em>δε</em></strong></span> <span class='ocrx_word' id='word_1_136' title='bbox 799 1798 855 1864; x_wconf 84' lang='grc' dir='ltr'><strong><em>καὶ</em></strong></span> <span class='ocrx_word' id='word_1_137' title='bbox 870 1799 925 1865; x_wconf 87' lang='grc' dir='ltr'><strong><em>ἐπί</em></strong></span> <span class='ocrx_word' id='word_1_138' title='bbox 940 1824 1014 1865; x_wconf 89' lang='grc' dir='ltr'><strong><em>τινα</em></strong></span> <span class='ocrx_word' id='word_1_139' title='bbox 1032 1793 1107 1883; x_wconf 90' lang='grc' dir='ltr'><strong><em>χρό-</em></strong></span> 
     </span>
     <span class='ocr_line' id='line_1_18' title="bbox 140 1894 1106 1988; baseline -0.005 -20"><span class='ocrx_word' id='word_1_140' title='bbox 140 1927 200 1968; x_wconf 93' lang='grc' dir='ltr'><strong><em>νον</em></strong></span> <span class='ocrx_word' id='word_1_141' title='bbox 218 1900 422 1986; x_wconf 88' lang='grc' dir='ltr'><strong><em>παραμένειν</em></strong></span> <span class='ocrx_word' id='word_1_142' title='bbox 440 1900 533 1979; x_wconf 81' lang='grc' dir='ltr'><strong><em>ἔδοξε</em></strong></span> <span class='ocrx_word' id='word_1_143' title='bbox 546 1894 585 1965; x_wconf 82' lang='grc' dir='ltr'><strong><em>τά</em></strong></span> <span class='ocrx_word' id='word_1_144' title='bbox 598 1900 655 1984; x_wconf 91' lang='grc' dir='ltr'><strong><em>τῆς</em></strong></span> <span class='ocrx_word' id='word_1_145' title='bbox 671 1900 707 1966; x_wconf 86' lang='grc' dir='ltr'><strong><em>ἐν</em></strong></span> <span class='ocrx_word' id='word_1_146' title='bbox 719 1903 765 1988; x_wconf 75' lang='grc' dir='ltr'><strong><em>τῷ</em></strong></span> <span class='ocrx_word' id='word_1_147' title='bbox 778 1894 868 1988; x_wconf 78' lang='grc' dir='ltr'><strong><em>τόπςο</em></strong></span> <span class='ocrx_word' id='word_1_148' title='bbox 887 1903 1106 1986; x_wconf 78' lang='grc' dir='ltr'><strong><em>λειτουργίας,</em></strong></span> 
     </span>
     <span class='ocr_line' id='line_1_19' title="bbox 139 1989 1107 2092; baseline 0 -27"><span class='ocrx_word' id='word_1_149' title='bbox 139 1994 212 2066; x_wconf 77' lang='grc' dir='ltr'><strong><em>ἀλλ’</em></strong></span> <span class='ocrx_word' id='word_1_150' title='bbox 234 1996 344 2068; x_wconf 87' lang='grc' dir='ltr'><strong><em>οῦκέτι</em></strong></span> <span class='ocrx_word' id='word_1_151' title='bbox 361 2026 400 2085; x_wconf 85' lang='grc' dir='ltr'><strong><em>χε</em></strong></span> <span class='ocrx_word' id='word_1_152' title='bbox 417 2002 521 2068; x_wconf 88' lang='grc' dir='ltr'><strong><em>ταῦτα</em></strong></span> <span class='ocrx_word' id='word_1_153' title='bbox 538 1995 661 2085; x_wconf 81' lang='grc' dir='ltr'><strong><em>άρεστόι</em></strong></span> <span class='ocrx_word' id='word_1_154' title='bbox 674 2005 720 2092; x_wconf 77' lang='grc' dir='ltr'><strong><em>τῷ</em></strong></span> <span class='ocrx_word' id='word_1_155' title='bbox 733 2005 804 2091; x_wconf 71' lang='grc' dir='ltr'><strong><em>θεῷ</em></strong></span> <span class='ocrx_word' id='word_1_156' title='bbox 822 1989 877 2086; x_wconf 91' lang='grc' dir='ltr'><strong><em>ῆν,</em></strong></span> <span class='ocrx_word' id='word_1_157' title='bbox 896 1995 1037 2089; x_wconf 83' lang='grc' dir='ltr'><strong><em>ἀκρίτως</em></strong></span> <span class='ocrx_word' id='word_1_158' title='bbox 1051 2001 1107 2066; x_wconf 79' lang='grc' dir='ltr'><strong><em>καὶ</em></strong></span> 
     </span>
    </p>

    <p class='ocr_par' dir='ltr' id='par_1_5' title="bbox 72 2096 1146 2901">
     <span class='ocr_line' id='line_1_20' title="bbox 72 2096 1107 2190; baseline 0.004 -25"><span class='ocrx_word' id='word_1_159' title='bbox 72 2127 125 2176; x_wconf 79' lang='grc' dir='ltr'><strong><em>(ιω)</em></strong></span> <span class='ocrx_word' id='word_1_160' title='bbox 141 2096 180 2167; x_wconf 87' lang='grc' dir='ltr'><strong><em>οῦ</em></strong></span> <span class='ocrx_word' id='word_1_161' title='bbox 199 2096 281 2168; x_wconf 85' lang='grc' dir='ltr'><strong><em>κατά</em></strong></span> <span class='ocrx_word' id='word_1_162' title='bbox 304 2096 408 2187; x_wconf 92' lang='grc' dir='ltr'><strong><em>νόμον</em></strong></span> <span class='ocrx_word' id='word_1_163' title='bbox 433 2098 681 2189; x_wconf 77' lang='grc' dir='ltr'><strong><em>ἐπιτελούμενα.</em></strong></span> <span class='ocrx_word' id='word_1_164' title='bbox 720 2105 790 2169; x_wconf 84' lang='grc'><strong>118.</strong></span> <span class='ocrx_word' id='word_1_165' title='bbox 811 2096 922 2188; x_wconf 72' lang='grc' dir='ltr'><strong><em>ὥσπερ</em></strong></span> <span class='ocrx_word' id='word_1_166' title='bbox 945 2099 1009 2189; x_wconf 81' lang='grc' dir='ltr'><strong><em>γάρ</em></strong></span> <span class='ocrx_word' id='word_1_167' title='bbox 1028 2097 1107 2190; x_wconf 90' lang='grc' dir='ltr'><strong><em>πρό-</em></strong></span> 
     </span>
     <span class='ocr_line' id='line_1_21' title="bbox 139 2198 1145 2291; baseline 0.004 -23"><span class='ocrx_word' id='word_1_168' title='bbox 139 2207 241 2270; x_wconf 90' lang='grc' dir='ltr'><strong><em>παλαι</em></strong></span> <span class='ocrx_word' id='word_1_169' title='bbox 260 2202 557 2291; x_wconf 80' lang='grc' dir='ltr'><strong><em>ἐξολοθρευθέυτος</em></strong></span> <span class='ocrx_word' id='word_1_170' title='bbox 574 2206 634 2272; x_wconf 90' lang='grc' dir='ltr'><strong><em>τοῦ</em></strong></span> <span class='ocrx_word' id='word_1_171' title='bbox 652 2209 846 2291; x_wconf 87' lang='grc' dir='ltr'><strong><em>χρίσματος,</em></strong></span> <span class='ocrx_word' id='word_1_172' title='bbox 864 2203 920 2270; x_wconf 83' lang='grc' dir='ltr'><strong><em>καὶ</em></strong></span> <span class='ocrx_word' id='word_1_173' title='bbox 937 2205 1005 2271; x_wconf 86' lang='grc' dir='ltr'><strong><em>των</em></strong></span> <span class='ocrx_word' id='word_1_174' title='bbox 1023 2198 1107 2270; x_wconf 85' lang='grc' dir='ltr'><strong><em>κατά</em></strong></span> <span class='ocrx_word' id='word_1_175' title='bbox 1120 2231 1145 2272; x_wconf 81' lang='grc' dir='ltr'><strong><em>ιο</em></strong></span> 
     </span>
     <span class='ocr_line' id='line_1_22' title="bbox 140 2299 1107 2393; baseline 0.002 -23"><span class='ocrx_word' id='word_1_176' title='bbox 140 2301 299 2391; x_wconf 90' lang='grc' dir='ltr'><strong><em>διαδοχῆν</em></strong></span> <span class='ocrx_word' id='word_1_177' title='bbox 323 2311 475 2392; x_wconf 90' lang='grc' dir='ltr'><strong><em>νομίμων</em></strong></span> <span class='ocrx_word' id='word_1_178' title='bbox 498 2299 680 2393; x_wconf 87' lang='grc' dir='ltr'><strong><em>άρχιερέων</em></strong></span> <span class='ocrx_word' id='word_1_179' title='bbox 707 2304 929 2391; x_wconf 83' lang='grc' dir='ltr'><strong><em>πεπαυμένων</em></strong></span> <span class='ocrx_word' id='word_1_180' title='bbox 956 2299 1021 2372; x_wconf 88' lang='grc' dir='ltr'><strong><em>άπὸ</em></strong></span> <span class='ocrx_word' id='word_1_181' title='bbox 1049 2307 1107 2391; x_wconf 90' lang='grc' dir='ltr'><strong><em>τῆς</em></strong></span> 
     </span>
     <span class='ocr_line' id='line_1_23' title="bbox 133 2397 1107 2494; baseline 0 -21"><span class='ocrx_word' id='word_1_182' title='bbox 133 2397 294 2492; x_wconf 66' lang='grc' dir='ltr'><strong><em>Ὑρκανοῦ</em></strong></span> <span class='ocrx_word' id='word_1_183' title='bbox 311 2409 484 2494; x_wconf 78' lang='grc' dir='ltr'><strong><em>τελευτῆς,</em></strong></span> <span class='ocrx_word' id='word_1_184' title='bbox 504 2411 538 2474; x_wconf 84' lang='lat'><strong><em>06</em></strong></span> <span class='ocrx_word' id='word_1_185' title='bbox 553 2404 634 2494; x_wconf 84' lang='grc' dir='ltr'><strong><em>μετὰ</em></strong></span> <span class='ocrx_word' id='word_1_186' title='bbox 651 2411 754 2474; x_wconf 85' lang='grc' dir='ltr'><strong><em>ταῦτα</em></strong></span> <span class='ocrx_word' id='word_1_187' title='bbox 768 2402 942 2494; x_wconf 87' lang='grc' dir='ltr'><strong><em>παριόντες</em></strong></span> <span class='ocrx_word' id='word_1_188' title='bbox 960 2400 1107 2486; x_wconf 77' lang='grc' dir='ltr'><strong><em>ἀτάκτως</em></strong></span> 
     </span>
     <span class='ocr_line' id='line_1_24' title="bbox 139 2504 1107 2595; baseline 0.001 -22"><span class='ocrx_word' id='word_1_189' title='bbox 139 2508 194 2574; x_wconf 83' lang='grc' dir='ltr'><strong><em>καλ</em></strong></span> <span class='ocrx_word' id='word_1_190' title='bbox 212 2505 411 2595; x_wconf 89' lang='grc' dir='ltr'><strong><em>παρανόμως</em></strong></span> <span class='ocrx_word' id='word_1_191' title='bbox 436 2504 577 2577; x_wconf 78' lang='grc' dir='ltr'><strong><em>ἐδόκουν</em></strong></span> <span class='ocrx_word' id='word_1_192' title='bbox 599 2510 661 2595; x_wconf 85' lang='grc' dir='ltr'><strong><em>μέν</em></strong></span> <span class='ocrx_word' id='word_1_193' title='bbox 679 2535 710 2575; x_wconf 90' lang='grc' dir='ltr'><strong><em>τι</em></strong></span> <span class='ocrx_word' id='word_1_194' title='bbox 728 2523 854 2592; x_wconf 81' lang='grc' dir='ltr'><strong><em>ποιεῖν,</em></strong></span> <span class='ocrx_word' id='word_1_195' title='bbox 881 2504 921 2576; x_wconf 85' lang='grc' dir='ltr'><strong><em>οῦ</em></strong></span> <span class='ocrx_word' id='word_1_196' title='bbox 939 2505 1007 2595; x_wconf 91' lang='grc' dir='ltr'><strong><em>μῆυ</em></strong></span> <span class='ocrx_word' id='word_1_197' title='bbox 1025 2506 1107 2575; x_wconf 81' lang='grc' dir='ltr'><strong><em>κατὰ</em></strong></span> 
     </span>
     <span class='ocr_line' id='line_1_25' title="bbox 137 2603 1108 2696; baseline 0.001 -22"><span class='ocrx_word' id='word_1_198' title='bbox 137 2607 215 2687; x_wconf 87' lang='grc' dir='ltr'><strong><em>τοῦς</em></strong></span> <span class='ocrx_word' id='word_1_199' title='bbox 233 2610 419 2696; x_wconf 90' lang='grc' dir='ltr'><strong><em>πρέποντας</em></strong></span> <span class='ocrx_word' id='word_1_200' title='bbox 438 2614 600 2696; x_wconf 80' lang='grc' dir='ltr'><strong><em>ἔπραττον</em></strong></span> <span class='ocrx_word' id='word_1_201' title='bbox 616 2607 780 2696; x_wconf 88' lang='grc' dir='ltr'><strong><em>θεσμοῦς,</em></strong></span> <span class='ocrx_word' id='word_1_202' title='bbox 801 2603 847 2677; x_wconf 84' lang='grc' dir='ltr'><strong><em>δι’</em></strong></span> <span class='ocrx_word' id='word_1_203' title='bbox 874 2603 932 2688; x_wconf 86' lang='grc' dir='ltr'><strong><em>οῦς</em></strong></span> <span class='ocrx_word' id='word_1_204' title='bbox 950 2609 1005 2678; x_wconf 83' lang='grc' dir='ltr'><strong><em>καὶ</em></strong></span> <span class='ocrx_word' id='word_1_205' title='bbox 1024 2614 1108 2694; x_wconf 88' lang='grc' dir='ltr'><strong><em>ἐφα-</em></strong></span> 
     </span>
     <span class='ocr_line' id='line_1_26' title="bbox 138 2706 1146 2799; baseline 0.002 -23"><span class='ocrx_word' id='word_1_206' title='bbox 138 2729 218 2778; x_wconf 93' lang='grc' dir='ltr'><strong><em>σκεν</em></strong></span> <span class='ocrx_word' id='word_1_207' title='bbox 245 2706 265 2795; x_wconf 93' lang='grc' dir='ltr'><strong><em>ῆ</em></strong></span> <span class='ocrx_word' id='word_1_208' title='bbox 292 2714 477 2798; x_wconf 86' lang='grc' dir='ltr'><strong><em>προφητεία</em></strong></span> <span class='ocrx_word' id='word_1_209' title='bbox 503 2706 849 2797; x_wconf 79' lang='grc' dir='ltr'><strong><em>“ἐξολοθρευθῆσεται</em></strong></span> <span class='ocrx_word' id='word_1_210' title='bbox 878 2725 1016 2799; x_wconf 81' lang='grc' dir='ltr'><strong><em>χρῖσμα,</em></strong></span> <span class='ocrx_word' id='word_1_211' title='bbox 1050 2711 1146 2778; x_wconf 78' lang='grc' dir='ltr'><strong><em>καλιε</em></strong></span> 
     </span>
     <span class='ocr_line' id='line_1_27' title="bbox 139 2803 1107 2930; baseline 0.006 -55"><span class='ocrx_word' id='word_1_212' title='bbox 139 2815 240 2930; x_wconf 86' lang='grc' dir='ltr'><strong><em>κρίμα</em></strong></span> <span class='ocrx_word' id='word_1_213' title='bbox 257 2803 319 2877; x_wconf 88' lang='grc' dir='ltr'><strong><em>οῦκ</em></strong></span> <span class='ocrx_word' id='word_1_214' title='bbox 333 2815 423 2878; x_wconf 82' lang='grc' dir='ltr'><strong><em>ἐστιν</em></strong></span> <span class='ocrx_word' id='word_1_215' title='bbox 436 2812 472 2878; x_wconf 94' lang='grc' dir='ltr'><strong><em>ἐν</em></strong></span> <span class='ocrx_word' id='word_1_216' title='bbox 486 2804 605 2903; x_wconf 79' lang='lat' dir='ltr'>a6t6,&#39;’</span> <span class='ocrx_word' id='word_1_217' title='bbox 628 2809 665 2879; x_wconf 86' lang='grc' dir='ltr'><strong><em>τό</em></strong></span> <span class='ocrx_word' id='word_1_218' title='bbox 684 2808 820 2901; x_wconf 87' lang='grc' dir='ltr'><strong><em>άκριτον</em></strong></span> <span class='ocrx_word' id='word_1_219' title='bbox 838 2815 893 2880; x_wconf 85' lang='grc' dir='ltr'><strong><em>καὶ</em></strong></span> <span class='ocrx_word' id='word_1_220' title='bbox 911 2807 1107 2900; x_wconf 89' lang='grc' dir='ltr'><strong><em>παράνομον</em></strong></span> 
     </span>
    </p>

    <p class='ocr_par' dir='ltr' id='par_1_6' title="bbox 46 2903 1106 3002">
     <span class='ocr_line' id='line_1_28' title="bbox 46 2903 1106 3002; baseline 0.005 -26"><span class='ocrx_word' id='word_1_221' title='bbox 46 2932 49 2936; x_wconf 68' lang='grc'>“</span> <span class='ocrx_word' id='word_1_222' title='bbox 138 2903 250 2978; x_wconf 81' lang='grc' dir='ltr'><strong><em>αῦτῦν</em></strong></span> <span class='ocrx_word' id='word_1_223' title='bbox 269 2907 510 2998; x_wconf 79' lang='grc' dir='ltr'><strong><em>διαβάλλουσα</em></strong></span> <span class='ocrx_word' id='word_1_224' title='bbox 538 2908 624 2981; x_wconf 86' lang='grc' dir='ltr'><strong><em>οῦτω</em></strong></span> <span class='ocrx_word' id='word_1_225' title='bbox 643 2909 685 3000; x_wconf 89' lang='grc' dir='ltr'><strong><em>δῆ</em></strong></span> <span class='ocrx_word' id='word_1_226' title='bbox 704 2914 759 2981; x_wconf 80' lang='grc' dir='ltr'><strong><em>καὶ</em></strong></span> <span class='ocrx_word' id='word_1_227' title='bbox 778 2916 882 2982; x_wconf 83' lang='grc' dir='ltr'><strong><em>ἐπὶ</em></strong></span> <span class='ocrx_word' id='word_1_228' title='bbox 842 2941 915 3002; x_wconf 91' lang='grc' dir='ltr'><strong><em>της</em></strong></span> <span class='ocrx_word' id='word_1_229' title='bbox 911 2921 1036 2993; x_wconf 86' lang='grc' dir='ltr'><strong><em>θυσίας</em></strong></span> <span class='ocrx_word' id='word_1_230' title='bbox 1050 2916 1106 2981; x_wconf 83' lang='grc' dir='ltr'><strong><em>καὶ</em></strong></span> 
     </span>
    </p>

    <p class='ocr_par' dir='ltr' id='par_1_7' title="bbox 109 3012 1105 3104">
     <span class='ocr_line' id='line_1_29' title="bbox 109 3012 1105 3104; baseline 0.002 -24"><span class='ocrx_word' id='word_1_231' title='bbox 109 3015 194 3098; x_wconf 78' lang='grc' dir='ltr'><strong><em>ετῆς</em></strong></span> <span class='ocrx_word' id='word_1_232' title='bbox 221 3018 368 3100; x_wconf 91' lang='grc' dir='ltr'><strong><em>σπονδῆς</em></strong></span> <span class='ocrx_word' id='word_1_233' title='bbox 395 3015 643 3101; x_wconf 82' lang='grc' dir='ltr'><strong><em>συμβεβηκέναι</em></strong></span> <span class='ocrx_word' id='word_1_234' title='bbox 669 3012 803 3102; x_wconf 85' lang='grc' dir='ltr'><strong><em>φήσεις,</em></strong></span> <span class='ocrx_word' id='word_1_235' title='bbox 830 3012 943 3104; x_wconf 77' lang='grc' dir='ltr'><strong><em>ὀρθῶς</em></strong></span> <span class='ocrx_word' id='word_1_236' title='bbox 970 3015 1031 3103; x_wconf 68' lang='grc' dir='ltr'><strong><em>μέν</em></strong></span> <span class='ocrx_word' id='word_1_237' title='bbox 1049 3016 1105 3083; x_wconf 81' lang='grc' dir='ltr'><strong><em>καὶ</em></strong></span> 
     </span>
    </p>

    <p class='ocr_par' dir='ltr' id='par_1_8' title="bbox 137 3110 1146 3305">
     <span class='ocr_line' id='line_1_30' title="bbox 137 3110 1106 3236; baseline 0.004 -55"><span class='ocrx_word' id='word_1_238' title='bbox 137 3110 220 3182; x_wconf 85' lang='grc' dir='ltr'><strong><em>κατά</em></strong></span> <span class='ocrx_word' id='word_1_239' title='bbox 238 3110 341 3202; x_wconf 93' lang='grc' dir='ltr'><strong><em>νόμον</em></strong></span> <span class='ocrx_word' id='word_1_240' title='bbox 359 3113 423 3204; x_wconf 86' lang='grc' dir='ltr'><strong><em>πρὸ</em></strong></span> <span class='ocrx_word' id='word_1_241' title='bbox 446 3118 506 3236; x_wconf 87' lang='grc' dir='ltr'><strong><em>τρῦ</em></strong></span> <span class='ocrx_word' id='word_1_242' title='bbox 525 3112 657 3194; x_wconf 87' lang='grc' dir='ltr'><strong><em>πάθους</em></strong></span> <span class='ocrx_word' id='word_1_243' title='bbox 674 3119 734 3186; x_wconf 92' lang='grc' dir='ltr'><strong><em>τοῦ</em></strong></span> <span class='ocrx_word' id='word_1_244' title='bbox 756 3120 902 3205; x_wconf 92' lang='grc' dir='ltr'><strong><em>σωτῆρος</em></strong></span> <span class='ocrx_word' id='word_1_245' title='bbox 919 3111 1014 3205; x_wconf 80' lang='grc' dir='ltr'><strong><em>ῆμῶν</em></strong></span> <span class='ocrx_word' id='word_1_246' title='bbox 1033 3120 1106 3185; x_wconf 86' lang='grc' dir='ltr'><strong><em>έπι-</em></strong></span> 
     </span>
     <span class='ocr_line' id='line_1_31' title="bbox 137 3211 1146 3305; baseline 0.001 -21"><span class='ocrx_word' id='word_1_247' title='bbox 137 3220 337 3305; x_wconf 85' lang='grc' dir='ltr'><strong><em>τελουμένης</em></strong></span> <span class='ocrx_word' id='word_1_248' title='bbox 363 3215 418 3285; x_wconf 83' lang='grc' dir='ltr'><strong><em>διά</em></strong></span> <span class='ocrx_word' id='word_1_249' title='bbox 441 3212 502 3302; x_wconf 89' lang='grc' dir='ltr'><strong><em>τῆν</em></strong></span> <span class='ocrx_word' id='word_1_250' title='bbox 521 3221 552 3284; x_wconf 86' lang='grc' dir='ltr'><strong><em>ε</em></strong></span> <span class='ocrx_word' id='word_1_251' title='bbox 539 3214 674 3285; x_wconf 88' lang='grc' dir='ltr'><strong><em>σέτι</em></strong></span> <span class='ocrx_word' id='word_1_252' title='bbox 637 3244 710 3287; x_wconf 86' lang='grc' dir='ltr'><strong><em>τοτε</em></strong></span> <span class='ocrx_word' id='word_1_253' title='bbox 728 3216 769 3285; x_wconf 85' lang='grc' dir='ltr'><strong><em>τά</em></strong></span> <span class='ocrx_word' id='word_1_254' title='bbox 785 3221 852 3287; x_wconf 80' lang='grc' dir='ltr'><strong><em>τῶν</em></strong></span> <span class='ocrx_word' id='word_1_255' title='bbox 869 3211 975 3305; x_wconf 87' lang='grc' dir='ltr'><strong><em>άχίων</em></strong></span> <span class='ocrx_word' id='word_1_256' title='bbox 993 3215 1104 3287; x_wconf 91' lang='grc' dir='ltr'><strong><em>τόπων</em></strong></span> <span class='ocrx_word' id='word_1_257' title='bbox 1117 3247 1146 3286; x_wconf 80' lang='grc' dir='ltr'><strong><em>ιο</em></strong></span> 
     </span>
    </p>
   </div>
   <div class='ocr_carea' id='block_1_4' title="bbox 205 3444 1068 3511">
    <p class='ocr_par' dir='ltr' id='par_1_9' title="bbox 205 3444 1068 3511">
     <span class='ocr_line' id='line_1_32' title="bbox 205 3444 1068 3511; baseline 0.009 -17"><span class='ocrx_word' id='word_1_258' title='bbox 205 3444 392 3508; x_wconf 60' lang='grc' dir='ltr'><strong><em>κολωνοῦ,</em></strong></span> <span class='ocrx_word' id='word_1_259' title='bbox 408 3448 447 3497; x_wconf 89' lang='lat'><strong><em>13.</em></strong></span> <span class='ocrx_word' id='word_1_260' title='bbox 549 3445 762 3511; x_wconf 77' lang='lat' dir='ltr'>4J0.2,16..</span> <span class='ocrx_word' id='word_1_261' title='bbox 825 3447 958 3501; x_wconf 74' lang='lat' dir='ltr'><strong>9Matth.</strong></span> <span class='ocrx_word' id='word_1_262' title='bbox 971 3450 1012 3508; x_wconf 80' lang='lat'><strong><em>23,</em></strong></span> <span class='ocrx_word' id='word_1_263' title='bbox 1026 3449 1068 3502; x_wconf 84' lang='lat'><strong><em>38.</em></strong></span> 
     </span>
    </p>
   </div>
   <div class='ocr_carea' id='block_1_5' title="bbox 0 0 1168 3818">
    <p class='ocr_par' dir='ltr' id='par_1_10' title="bbox 0 0 1168 3818">
     <span class='ocr_line' id='line_1_33' title="bbox 0 0 1168 3818; baseline 0 0"><span class='ocrx_word' id='word_1_264' title='bbox 0 0 1168 3818; x_wconf 95' lang='lat' dir='ltr'><strong><em> </em></strong></span> 
     </span>
    </p>
   </div>
  </div>
 </body>
</html>
