2326 3818
129 141 194 205 504
545 141 696 194 Ευεσειι

132 285 164 365 ἐξ
189 277 382 369 ἀλλοφύλου
403 281 522 369 γένους
542 274 713 352 Ἰουδαίων
736 276 976 370 ἀναγορεύεται
999 286 1097 367 βασι*

129 380 221 463 λεύς·
249 378 333 453 καθ’
351 377 391 453 δυ
403 384 625 471 γεννηθέντος
638 379 746 470 Ἰησοῦ
758 387 817 452 τοῦ
824 386 969 471 Χριστοῦ
987 379 1098 472 καθή-

131 512 209 575 ρητο
227 484 289 572 μὲν
302 484 387 573 ὁμοῦ
399 487 453 554 καλ
467 486 525 571 τής
538 481 649 553 Ἰούδα
662 489 771 573 φυλής
784 480 821 552 τὸ
833 478 971 570 ἀξίωμα,
991 480 1097 573 καθή·

132 613 210 677 ρητο
235 585 272 655 δὲ
296 587 352 656 καὶ
375 579 396 674 ἡ
422 588 490 655 τῶν
503 582 679 655 Ἰουδαίων
697 582 782 674 ἀρχή
802 613 841 677 τε
859 584 914 653 καὶ
932 588 1096 672 βασιλεία,

130 685 327 777 πεπλήρωτο
353 687 390 754 δὲ
414 688 469 755 καὶ
492 684 512 773 ἡ
538 688 784 775 προτεταγμένη
808 691 995 773 προφητεία
1013 680 1134 756 “οῦκε

131 791 276 871 έκλείψειΙ
300 785 412 876 ἀρχων
436 789 469 868 ἐξ
496 781 622 874 Ἰούδα,
647 782 728 856 οῦδὲ
756 780 939 874 ἡγούμενος
970 788 1005 854 ἐκ
1031 790 1099 857 τῶν

129 892 246 980 μηρῶν
264 883 386 973 αὐτοῦ,
409 885 561 977 φήσασα,
586 891 647 969 ἕως
665 881 708 958 ἀν
732 894 815 977 ἔλθη
833 886 873 957 τά
896 884 1098 976 ἀποκείμενα

131 983 258 1080 αῦτῶ,”
283 983 323 1057 δυ
346 994 406 1057 καί
426 1010 509 1078 φησι
537 986 743 1077 γενήσεσθαι
774 983 815 1057 ού
839 991 898 1057 τοῦ
923 985 1099 1059 Ἰουδαίων

131 1095 271 1175 ἔθνους,
303 1088 386 1158 ἀλλά
407 1093 475 1160 τῶν
507 1093 618 1160 ἐθνῶν
642 1094 856 1180 προσδοκίαν.
905 1092 958 1158 46.
984 1087 1098 1179 ἐπειδή

130 1196 247 1260 τοίνυν
277 1184 430 1262 ἀπέκειτο
453 1186 474 1279 ἡ
500 1189 666 1280 πρόπαλαι
693 1197 738 1284 τῷ
760 1187 910 1281 Ἀβραάμ
939 1219 1096 1280 χρηματι-
1110 1220 1135 1261 ιο

131 1301 252 1360 σθεῑσα
275 1295 333 1380 τής
357 1297 425 1362 τῶν
450 1295 562 1362 έθνῶν
585 1290 733 1380 κλήσεως
756 1297 959 1381 προσδοκία,
988 1290 1032 1372 ῶς
1056 1288 1098 1363 ἀν

103 1420 117 1460 d
131 1391 370 1463 ἐκλελοιπότων
386 1398 454 1464 τῶν
471 1398 507 1463 ἐκ
523 1399 583 1464 τοῦ
597 1391 772 1465 Ἰουδαίων
790 1399 913 1475 ἔθνους
927 1390 1098 1483 ἀρχόντων

130 1496 244 1564 τεκαὶ
268 1490 482 1584 ἡγουμένων,
507 1493 712 1584 μεταστάσης
737 1523 773 1566 τε
794 1499 852 1582 τής
875 1490 950 1564 κατ’
975 1490 1099 1576 αῦτοῦς

130 1594 232 1687 ἀρχῆς
258 1597 311 1665 ἐπὶ
326 1590 503 1685 Ῥωμαίους
527 1593 659 1666 καὶτὸν
677 1598 709 1679 ἐξ
733 1599 846 1666 ἐθνῶν
865 1598 1098 1685 δεδηλωμένον

125 1694 297 1787 Ἡρώδην,
324 1696 456 1778 εἰκότως
474 1695 492 1767 ὁ
509 1698 571 1787 μέν
595 1693 829 1786 εύαγγελιστὴς
846 1701 1000 1784 Λουκᾶς,
1026 1699 1097 1767 ἐπι·
1112 1725 1139 1766 ιε

130 1795 371 1887 σημαινόμενος
394 1797 470 1881 τοῦς
494 1796 635 1891 χρόνους
657 1800 715 1888 τής
734 1802 911 1882 ἐκλείψεως
930 1803 998 1866 τῶν
1012 1795 1099 1868 Ἰου-

132 1903 238 1969 δαίων
261 1895 450 1989 ἀρχόντων,
476 1899 539 1987 τήν
563 1898 731 1991 καταρχὴν
753 1903 811 1986 τής
829 1901 976 1987 Χριστοῦ
1001 1890 1099 1966 διδά-

129 2007 266 2081 σκαλίας
285 2005 411 2091 ἱστορεῖ
425 2003 599 2089 γεγονέναι
613 2003 650 2070 ἐν
663 2007 728 2072 ἔτει
742 1995 1026 2090 πεντεκαιδεκάτῳ
1040 2003 1099 2087 τής

128 2094 308 2188 ἡγεμονίας
332 2108 489 2190 Τιβερίου
506 2109 693 2193 Καίσαρος,
717 2097 980 2191 ἡγεμονεύοντος
1007 2110 1098 2171 Πον-

129 2207 203 2270 τίου
222 2199 370 2273 Πιλάτου
387 2209 445 2291 τής
459 2201 641 2291 Ἰουδαίας,
666 2205 722 2273 καὶ
740 2212 919 2283 Ματθαίος
938 2202 976 2271 δέ
999 2206 1097 2272 τοῦτο
1109 2230 1137 2272 νο

130 2298 211 2373 αῦτὸ
228 2303 453 2392 αἰνιττόμενος
467 2312 630 2394 σημαίνει.
661 2309 712 2374 47.
728 2301 925 2393 ὑπογράψας
938 2306 1022 2392 γοῦν
1035 2302 1097 2391 τὴν

128 2411 187 2475 τοῦ
205 2410 326 2496 κυρίου
344 2409 399 2476 καλ
424 2410 571 2497 σωτήρος
589 2404 684 2495 ἡμῶν
708 2407 841 2494 γένεσιν
859 2407 1003 2492 ἐπιλέγει
1016 2399 1098 2474 “τοῦ

130 2507 167 2576 δὲ
182 2503 292 2596 Ἰησοῦ
310 2509 534 2595 γεννηθέντος
559 2509 595 2576 ἐν
612 2506 768 2595 Βηθλεέμ
784 2500 843 2594 τής
857 2503 1040 2592 Ἰουδαίας,
1061 2509 1098 2575 ἐν

127 2604 264 2697 ἡμέραις
277 2605 431 2697 Ἡρῶδου
448 2611 507 2677 τοῦ
525 2607 704 2693 βασιλέως,
725 2605 800 2676 ίδοῦ
817 2605 916 2696 μάγοι
934 2602 999 2676 ἀπὸ
1017 2602 1096 2676 ἀνα·

53 2741 59 2749 =
127 2712 234 2779 τολῶν
258 2709 480 2796 παρεγένοντο
505 2712 552 2788 είς
571 2704 803 2796 Ἱεροσόλυμα,
833 2707 1004 2795 λέγοντες,
1030 2712 1095 2801 ποῦ
1108 2733 1135 2774 τε

60 2836 114 2888 (ωε)
129 2811 220 2877 ἐστιν
243 2801 261 2876 ὁ
285 2807 416 2895 τεχθεὶς
444 2802 601 2894 βασιλεῦς
625 2810 693 2878 τῶν
720 2803 934 2894 Ἰουδαίων;”
974 2803 1019 2878 δι’
1048 2798 1096 2880 ῶν

127 2911 242 2996 σαφῶς
260 2914 439 2998 παρίστησι
456 2910 512 2980 καλ
530 2911 589 2980 τοῦ
606 2906 799 2999 ἀλλοφύλου
817 2907 879 2997 τήν
891 2907 963 2979 κατ’
984 2907 1097 2982 αὐτῶν
1112 2994 1114 2998 y

61 3042 113 3098 μω]
127 3004 251 3101 ἀρχήν,
275 3011 331 3079 καί
354 3014 421 3081 τῶν
440 3014 472 3095 ἐξ
491 3009 653 3100 ἀνατολῆς
677 3007 879 3100 ἀλλοφύλων
904 3015 1017 3082 ἐθνῶν
1034 3009 1096 3099 τήν

126 3105 192 3181 ῦπδ
215 3113 276 3182 τοῦ
298 3116 383 3182 θεοῦ
409 3117 537 3202 κλῆσιν.
584 3117 635 3183 48.
660 3111 745 3202 ὁμοῦ
767 3141 802 3184 τε
832 3111 897 3203 γάρ
921 3108 1095 3183 Ἰουδαίων

126 3210 309 3302 ἀλλόφυλοι
334 3211 497 3305 ἐκράτουν
519 3216 575 3285 καί
596 3210 656 3284 τόν
679 3211 780 3284 πάλαι
800 3211 1094 3304 προφητευόμενον
1107 3240 1134 3283 ω

127 3358 330 3370 --·---.-.

193 3443 227 3494 28
244 3443 343 3496 Matth.
358 3446 383 3509 2,
396 3447 421 3496 1.
