2326 3818
157 120 219 185 668
562 116 711 168 EUSEBH

158 256 238 332 δι’
224 258 269 349 ῆν
298 252 440 329 αύτδνὸ
467 255 575 346 πατῆρ
604 259 775 343 κατέλιπε,
807 277 945 343 φασκει,
970 260 1064 325 ίνατί
1084 283 1125 344 με

88 391 145 443 (ωε)
160 363 386 451 ἐγκατέλιπες,
418 356 455 429 τδ
485 354 517 428 δ’
542 369 649 428 αἴτιον
678 364 775 428 τοῦτο
803 347 847 446 ῆν
871 354 892 489 ῆ
916 360 976 428 τού
1002 356 1126 440 παντὸς

158 460 352 552 ἀνθρώπων
363 464 482 550 γένους
495 456 782 551 ἀπολύτρωσις,
751 487 797 528 τω
810 466 909 553 τιμίω
922 463 1036 548 αιματι
1056 461 1126 542 έξα·

158 558 397 654 γοραζομένη’
376 560 442 631 απδ
459 567 518 649 τῆς
536 564 618 648 πρὶν
635 567 779 650 χαλεπῆς
798 551 1020 648 δονλείας,“’
995 589 1040 649 ην
1056 576 1127 643 τοῖς

156 662 310 757 ἆοράτοις
330 661 522 750 δεσπόταις,
548 668 703 784 δαίμοσιν
719 659 943 753 ἀκαθάρτοις
947 663 1003 731 καὶ
1020 682 1156 751 κοινῆ-ε

158 783 230 858 ροῑς
247 763 390 858 αρχουσί
404 790 440 833 τε
457 766 514 833 καί
531 762 714 853 πνεύμασι,
734 760 1039 833 καταδεδούλωντο.
1075 767 1128 835 38.

159 871 216 938 καὶ
232 865 341 946 ἄλλως
359 866 396 935 δὲ
415 869 652 935 καταλέλοιπεν
669 862 771 934 αύτδν
788 859 807 934 6
825 863 933 953 πατῆρ
951 872 999 946 είς
1016 863 1054 934 τὸ
1071 866 1129 935 καὶ

159 965 264 1040 αὐτοῦ
276 970 336 1037 τοῦ
342 970 488 1055 Χριστοῦ
500 963 562 1055 τῆν
575 961 660 1055 ὑπὲρ
673 963 868 1055 ἀνθρώπων
878 964 1034 1036 διάθεσιν
1046 961 1130 1036 ἄπο·

160 1072 345 1159 δειχθῆναι.
388 1065 441 1137 διδ
458 1067 601 1156 μηδενδς
619 1075 751 1157 ἔχοντος
769 1070 924 1150 ἐξουσίαν
945 1071 1004 1156 τῆς
1021 1065 1130 1138 αὐτοῦ

90 1203 146 1256 [ιω]
161 1178 270 1260 ψυχῆς
287 1168 375 1240 ἑκων
397 1165 496 1249 αύτός
512 1166 599 1258 ὑπὲρ
617 1167 812 1257 ἀνθρώπων
836 1165 942 1256 αύτῆν
964 1172 1130 1256 τέθεικεν,
1159 1203 1162 1209 ·

161 1270 274 1361 ὥσπερ
291 1260 354 1342 ούν
371 1270 524 1341 διδάσκει
549 1273 658 1358 λέγων
670 1264 806 1350 “ούδεὶς
825 1280 913 1359 αίρει
936 1267 999 1358 τῆν
1016 1267 1131 1360 ψυχῆν

160 1401 226 1464 μου
243 1368 304 1443 ἄπ’
324 1375 419 1463 ἐμοῦ·
449 1375 605 1454 ἐξουσίαν
622 1378 686 1460 ἔχω
696 1382 810 1441 θείναι
824 1369 941 1461 αύτῆν,
960 1373 1016 1441 καὶ
1035 1374 1131 1454 ἐξον-

131 1483 240 1545 ισίαν
258 1481 321 1563 έχω
339 1470 441 1543 πάλιν
458 1480 578 1562 λαβεῖν
593 1468 731 1562 αύτῆν.”

237 1581 288 1646 39.
312 1572 405 1662 Ἑξῆς
426 1572 556 1655 τούτοις
578 1575 662 1662 φησὶ
682 1564 836 1662 “μακρδν
860 1570 926 1644 ἀπὸ
949 1577 1006 1663 τῆς
1024 1595 1130 1662 σωτη-

162 1683 236 1766 ρίας
258 1704 324 1766 μου
345 1681 383 1746 οί
401 1673 494 1764 λόγοι
517 1678 586 1746 των
609 1674 887 1764 παραπτωμάτων
908 1670 1001 1765 μου.”
1045 1670 1128 1746 ἄνθ’
1161 1720 1163 1726 ,

162 1768 203 1847 οὗ
220 1805 238 1847 ο
225 1774 340 1867 ε’μὲν
336 1771 505 1859 Ακύλας“
507 1774 640 1867 μακρὰν
656 1772 722 1847 ἆπδ
737 1782 798 1866 τῆς
811 1783 977 1866 σωτηρίας
989 1774 1132 1899 μουρῆ-

162 1907 249 1968 ματα
271 1876 494 2002 βρυχήματός
513 1876 589 1998 μῆν’
592 1873 853 1966 ’έξίδωκεν,’
837 1907 855 1948 ο
886 1878 923 1947 δέ
947 1875 1131 1967 Σύμμαχος

157 1976 410 2068 “ἆφεστῆκασιν
434 1975 498 2049 ἀπὸ
520 1985 579 2066 τῆς
605 1987 770 2067 σωτηρίας
798 2009 863 2069 μου
886 1984 921 2049 oc
945 1976 1037 2067 λόγοι
1060 1983 1131 2049 τῶν

162 2077 322 2169 ὀδυρμῶν
338 2077 424 2169 μον,’
426 2074 510 2149 ’καὶ
527 2076 609 2150 καθ’
629 2082 748 2170 ἑτέραν
765 2081 804 2150 δέ
821 2082 1045 2170 φερομένην
1029 2107 1132 2169 ορμη-

163 2210 201 2253 νε
204 2190 259 2252 ίαν
283 2186 436 2271 πέμπτην
460 2179 632 2271 είρηται“
636 2210 769 2271 μακραν
795 2180 860 2252 ἀπὸ
883 2185 942 2270 τῆς
966 2189 1131 2303 σωτηρίας
1148 2212 1163 2235 ν

162 2312 263 2374 μουο
266 2282 388 2372 ίλόηοι
406 2311 475 2353 των
493 2281 641 2372 δεῆσεω’ν
657 2312 733 2373 μου
773 2280 869 2353 4Ο.“
851 2312 913 2372 ορα
940 2280 982 2405 δῆ
1000 2271 1064 2353 ούν
1079 2310 1132 2352 οτι

163 2414 224 2455 κατ
229 2381 439 2474 ὀὐδετέραν
462 2383 591 2456 τούτων
613 2381 650 2454 τδ
673 2414 742 2456 των
764 2382 1043 2475 παραπτωμάτων
1064 2411 1131 2473 μου

139 2499 303 2574 εείρηται,
322 2515 367 2566 ως
384 2493 586 2574 συμβαίνειν
603 2513 664 2556 ποτ
667 2483 868 2575 δσφάλματι
891 2489 1046 2579 μραφικςὸ
1062 2513 1132 2556 τοι-

164 2587 268 2669 αύτας
291 2585 385 2668 τινας
415 2585 598 2676 ἐναλλαμδς
626 2592 802 2675 φέρεσθαι.
854 2592 891 2658 ἐκ
923 2589 960 2657 δέ
982 2591 1041 2675 τῆς
1063 2590 1133 2656 τῶν

163 2687 330 2759 πλειόνων
350 2690 526 2779 ἑρμηνείας
543 2692 782 2778 καταληπτέον,
802 2696 834 2759 εί
849 2688 894 2778 μῆ
908 2687 973 2778 ἄρα
990 2717 1039 2770 τις
1052 2685 1132 2758 κᾶν·
1149 2722 1163 2743 ³

163 2795 276 2859 ταύθα
288 2786 330 2858 τὰ
339 2784 481 2879 ἡμέτερα
491 2790 740 2880 παραπτώματα
751 2788 1016 2879 ἐξοικειούμενον
1027 2792 1133 2860 ταῦτα

166 2886 270 2961 αύτὸν
288 2893 456 2979 εἰρηκέναι
475 2890 602 2979 φήσειε.

241 2997 293 3062 41.
318 2992 454 3074 Τούτοις
474 2996 548 3080 ἑξῆς
571 2997 717 3082 ἐπιλέγει
732 2991 773 3062 “ὁ
796 2991 877 3074 θεός
895 3021 960 3082 μου
979 2990 1134 3081 κεκράξο-

163 3123 223 3184 μαι
240 3091 375 3185 ῆμίρας,
395 3097 451 3164 καὶ
470 3091 532 3163 ούκ
550 3092 743 3184 είσακούση,
762 3097 817 3164 καὶ
834 3091 972 3182 νυκτδς,
996 3096 1051 3164 καὶ
1070 3094 1134 3164 οὐκ

166 3203 212 3278 είς
242 3193 364 3266 ἄνοιαν
393 3193 492 3285 ἐμοί.”
541 3193 622 3266 ἀνθ’
648 3186 690 3265 ού
711 3193 813 3266 πάλιν
840 3195 858 3266 6
884 3193 1066 3284 Σύμμαχος
1090 3189 1154 3265 “6

234 3430 264 3475 11
284 3427 321 3478 10.
336 3431 375 3487 10,
390 3429 430 3478 ιε.
