<?xml version="1.0" encoding="UTF-8"?>
<!DOCTYPE html PUBLIC "-//W3C//DTD XHTML 1.0 Transitional//EN"
    "http://www.w3.org/TR/xhtml1/DTD/xhtml1-transitional.dtd">
<html xmlns="http://www.w3.org/1999/xhtml" xml:lang="en" lang="en">
 <head>
  <title>
</title>
<meta http-equiv="Content-Type" content="text/html;charset=utf-8" />
  <meta name='ocr-system' content='tesseract 3.04.00' />
  <meta name='ocr-capabilities' content='ocr_page ocr_carea ocr_par ocr_line ocrx_word'/>
</head>
<body>
  <div class='ocr_page' id='page_1' title='image "./eusebiicaesarie01dindgoog/eusebiicaesarie01dindgoog_0730.png"; bbox 0 0 2326 3818; ppageno 0'>
   <div class='ocr_carea' id='block_1_1' title="bbox 138 136 712 203">
    <p class='ocr_par' dir='ltr' id='par_1_1' title="bbox 138 136 712 203">
     <span class='ocr_line' id='line_1_1' title="bbox 138 136 712 203; baseline -0.002 -16"><span class='ocrx_word' id='word_1_1' title='bbox 138 137 201 203; x_wconf 69' lang='lat'><strong><em>642</em></strong></span> <span class='ocrx_word' id='word_1_2' title='bbox 562 136 712 188; x_wconf 76' lang='grc' dir='ltr'><strong><em>Ευεεεη</em></strong></span> 
     </span>
    </p>
   </div>
   <div class='ocr_carea' id='block_1_2' title="bbox 73 272 1156 3313">
    <p class='ocr_par' dir='ltr' id='par_1_2' title="bbox 73 272 1156 3313">
     <span class='ocr_line' id='line_1_2' title="bbox 138 272 1111 364; baseline -0.002 -14"><span class='ocrx_word' id='word_1_3' title='bbox 138 280 197 350; x_wconf 87' lang='grc' dir='ltr'><strong><em>τόν</em></strong></span> <span class='ocrx_word' id='word_1_4' title='bbox 216 274 368 363; x_wconf 80' lang='grc' dir='ltr'><em>Ἰούδαν,</em></span> <span class='ocrx_word' id='word_1_5' title='bbox 400 272 473 364; x_wconf 87' lang='grc' dir='ltr'><strong><em>μετ’</em></strong></span> <span class='ocrx_word' id='word_1_6' title='bbox 503 278 633 346; x_wconf 83' lang='grc' dir='ltr'><strong><em>ἐκεῖνον</em></strong></span> <span class='ocrx_word' id='word_1_7' title='bbox 665 276 702 345; x_wconf 77' lang='grc' dir='ltr'><strong><em>δέ</em></strong></span> <span class='ocrx_word' id='word_1_8' title='bbox 726 278 782 345; x_wconf 84' lang='grc' dir='ltr'><strong><em>καὶ</em></strong></span> <span class='ocrx_word' id='word_1_9' title='bbox 806 279 860 346; x_wconf 84' lang='grc' dir='ltr'><strong><em>ἐπὶ</em></strong></span> <span class='ocrx_word' id='word_1_10' title='bbox 884 274 1011 358; x_wconf 98' lang='grc' dir='ltr'><strong><em>πάντας</em></strong></span> <span class='ocrx_word' id='word_1_11' title='bbox 1034 277 1111 360; x_wconf 74' lang='grc' dir='ltr'><strong><em>τοὺς</em></strong></span> 
     </span>
     <span class='ocr_line' id='line_1_3' title="bbox 139 374 1111 472; baseline 0.002 -22"><span class='ocrx_word' id='word_1_12' title='bbox 139 380 273 470; x_wconf 84' lang='grc' dir='ltr'><em>ὁμοίους</em></span> <span class='ocrx_word' id='word_1_13' title='bbox 288 374 378 472; x_wconf 79' lang='grc' dir='ltr'><strong><em>αύτῷ</em></strong></span> <span class='ocrx_word' id='word_1_14' title='bbox 384 376 444 447; x_wconf 90' lang='grc' dir='ltr'><strong><em>τόν</em></strong></span> <span class='ocrx_word' id='word_1_15' title='bbox 457 375 622 466; x_wconf 87' lang='grc' dir='ltr'><strong><em>σωτήριον</em></strong></span> <span class='ocrx_word' id='word_1_16' title='bbox 631 375 731 465; x_wconf 89' lang='grc' dir='ltr'><strong><em>λόγον</em></strong></span> <span class='ocrx_word' id='word_1_17' title='bbox 740 376 977 466; x_wconf 77' lang='grc' dir='ltr'><strong><em>προδιδόντας·</em></strong></span> <span class='ocrx_word' id='word_1_18' title='bbox 992 389 1111 453; x_wconf 86' lang='grc' dir='ltr'><strong><em>καταλ-</em></strong></span> 
     </span>
     <span class='ocr_line' id='line_1_4' title="bbox 140 477 1112 571; baseline 0 -20"><span class='ocrx_word' id='word_1_19' title='bbox 140 480 248 571; x_wconf 89' lang='grc' dir='ltr'><strong><em>λήλως</em></strong></span> <span class='ocrx_word' id='word_1_20' title='bbox 271 481 309 550; x_wconf 78' lang='grc' dir='ltr'><strong><em>δέ</em></strong></span> <span class='ocrx_word' id='word_1_21' title='bbox 334 477 467 568; x_wconf 82' lang='grc' dir='ltr'><strong><em>νοήσεις</em></strong></span> <span class='ocrx_word' id='word_1_22' title='bbox 489 483 545 548; x_wconf 85' lang='grc' dir='ltr'><strong><em>καὶ</em></strong></span> <span class='ocrx_word' id='word_1_23' title='bbox 574 477 636 567; x_wconf 87' lang='grc' dir='ltr'><strong><em>τήν</em></strong></span> <span class='ocrx_word' id='word_1_24' title='bbox 659 496 803 566; x_wconf 80' lang='grc' dir='ltr'><strong><em>γυναῖκα</em></strong></span> <span class='ocrx_word' id='word_1_25' title='bbox 828 478 949 569; x_wconf 78' lang='grc' dir='ltr'><strong><em>αὐτοῦ,</em></strong></span> <span class='ocrx_word' id='word_1_26' title='bbox 974 483 1030 550; x_wconf 82' lang='grc' dir='ltr'><strong><em>καὶ</em></strong></span> <span class='ocrx_word' id='word_1_27' title='bbox 1055 478 1112 563; x_wconf 83' lang='grc' dir='ltr'><strong><em>τάς</em></strong></span> 
     </span>
     <span class='ocr_line' id='line_1_5' title="bbox 140 576 1111 673; baseline -0.001 -21"><span class='ocrx_word' id='word_1_28' title='bbox 140 579 300 673; x_wconf 76' lang='grc' dir='ltr'><strong><em>ἁμαρτίας</em></strong></span> <span class='ocrx_word' id='word_1_29' title='bbox 317 585 386 652; x_wconf 73' lang='grc' dir='ltr'><strong><em>τῶν</em></strong></span> <span class='ocrx_word' id='word_1_30' title='bbox 403 583 557 671; x_wconf 77' lang='grc' dir='ltr'><strong><em>πατέρων</em></strong></span> <span class='ocrx_word' id='word_1_31' title='bbox 575 576 679 650; x_wconf 83' lang='grc' dir='ltr'><strong><em>αύτού</em></strong></span> <span class='ocrx_word' id='word_1_32' title='bbox 697 584 753 650; x_wconf 81' lang='grc' dir='ltr'><strong><em>καὶ</em></strong></span> <span class='ocrx_word' id='word_1_33' title='bbox 777 585 835 670; x_wconf 83' lang='grc' dir='ltr'><strong><em>τής</em></strong></span> <span class='ocrx_word' id='word_1_34' title='bbox 853 585 1033 671; x_wconf 81' lang='grc' dir='ltr'><strong><em>λεγομένης</em></strong></span> <span class='ocrx_word' id='word_1_35' title='bbox 1051 612 1111 672; x_wconf 86' lang='grc' dir='ltr'><strong><em>μη·</em></strong></span> 
     </span>
     <span class='ocr_line' id='line_1_6' title="bbox 73 681 1134 775; baseline -0.006 -17"><span class='ocrx_word' id='word_1_36' title='bbox 73 715 127 772; x_wconf 75' lang='grc' dir='ltr'><strong><em>μοι]</em></strong></span> <span class='ocrx_word' id='word_1_37' title='bbox 141 684 216 775; x_wconf 85' lang='grc' dir='ltr'><strong><em>τρός</em></strong></span> <span class='ocrx_word' id='word_1_38' title='bbox 240 681 362 770; x_wconf 85' lang='grc' dir='ltr'><strong><em>αύτοῦ,</em></strong></span> <span class='ocrx_word' id='word_1_39' title='bbox 392 686 450 771; x_wconf 83' lang='grc' dir='ltr'><strong><em>τής</em></strong></span> <span class='ocrx_word' id='word_1_40' title='bbox 476 688 536 752; x_wconf 82' lang='grc' dir='ltr'><strong><em>τοῦ</em></strong></span> <span class='ocrx_word' id='word_1_41' title='bbox 554 681 728 752; x_wconf 89' lang='grc' dir='ltr'><strong><em>Ἰουδαίων</em></strong></span> <span class='ocrx_word' id='word_1_42' title='bbox 758 690 881 763; x_wconf 81' lang='grc' dir='ltr'><strong><em>ἔθνους</em></strong></span> <span class='ocrx_word' id='word_1_43' title='bbox 904 688 1134 772; x_wconf 76' lang='grc' dir='ltr'><strong><em>συναγωγής.ο</em></strong></span> 
     </span>
     <span class='ocr_line' id='line_1_7' title="bbox 140 779 1114 878; baseline -0.001 -20"><span class='ocrx_word' id='word_1_44' title='bbox 140 790 217 878; x_wconf 85' lang='grc' dir='ltr'><strong><em>περὶ</em></strong></span> <span class='ocrx_word' id='word_1_45' title='bbox 235 783 339 873; x_wconf 86' lang='grc' dir='ltr'><strong><em>αύτής</em></strong></span> <span class='ocrx_word' id='word_1_46' title='bbox 356 783 420 874; x_wconf 83' lang='grc' dir='ltr'><strong><em>γάρ</em></strong></span> <span class='ocrx_word' id='word_1_47' title='bbox 439 780 584 872; x_wconf 81' lang='grc' dir='ltr'><strong><em>ήγούμαι</em></strong></span> <span class='ocrx_word' id='word_1_48' title='bbox 603 786 762 872; x_wconf 83' lang='grc' dir='ltr'><strong><em>λέγεσθαι</em></strong></span> <span class='ocrx_word' id='word_1_49' title='bbox 780 784 816 853; x_wconf 89' lang='grc' dir='ltr'><strong><em>τὸ</em></strong></span> <span class='ocrx_word' id='word_1_50' title='bbox 830 780 909 853; x_wconf 69' lang='lat' dir='ltr'><strong><em>“mxl</em></strong></span> <span class='ocrx_word' id='word_1_51' title='bbox 930 781 950 873; x_wconf 84' lang='grc' dir='ltr'><em>ἡ</em></span> <span class='ocrx_word' id='word_1_52' title='bbox 969 779 1114 875; x_wconf 87' lang='grc' dir='ltr'><strong><em>άμαρτία</em></strong></span> 
     </span>
     <span class='ocr_line' id='line_1_8' title="bbox 112 881 1112 978; baseline -0.004 -16"><span class='ocrx_word' id='word_1_53' title='bbox 112 894 198 978; x_wconf 74' lang='grc' dir='ltr'><strong><em>ετής</em></strong></span> <span class='ocrx_word' id='word_1_54' title='bbox 216 885 338 978; x_wconf 85' lang='grc' dir='ltr'><strong><em>μητρός</em></strong></span> <span class='ocrx_word' id='word_1_55' title='bbox 356 882 461 954; x_wconf 85' lang='grc' dir='ltr'><strong><em>αύτοῦ</em></strong></span> <span class='ocrx_word' id='word_1_56' title='bbox 478 883 523 974; x_wconf 88' lang='grc' dir='ltr'><strong><em>μή</em></strong></span> <span class='ocrx_word' id='word_1_57' title='bbox 543 881 788 974; x_wconf 83' lang='grc' dir='ltr'><strong><em>ἐξαλειφθείη.”</em></strong></span> <span class='ocrx_word' id='word_1_58' title='bbox 822 891 871 954; x_wconf 80' lang='grc'><strong><em>17.</em></strong></span> <span class='ocrx_word' id='word_1_59' title='bbox 891 884 979 973; x_wconf 89' lang='grc' dir='ltr'><strong><em>πλήν</em></strong></span> <span class='ocrx_word' id='word_1_60' title='bbox 999 883 1112 976; x_wconf 75' lang='grc' dir='ltr'><strong><em>ὥσπερ</em></strong></span> 
     </span>
     <span class='ocr_line' id='line_1_9' title="bbox 142 984 1112 1080; baseline -0.002 -19"><span class='ocrx_word' id='word_1_61' title='bbox 142 996 178 1062; x_wconf 83' lang='grc' dir='ltr'><strong><em>ἐν</em></strong></span> <span class='ocrx_word' id='word_1_62' title='bbox 196 993 236 1080; x_wconf 80' lang='grc' dir='ltr'><strong><em>τῇ</em></strong></span> <span class='ocrx_word' id='word_1_63' title='bbox 255 985 319 1076; x_wconf 88' lang='grc' dir='ltr'><strong><em>πρδ</em></strong></span> <span class='ocrx_word' id='word_1_64' title='bbox 338 984 460 1075; x_wconf 81' lang='grc' dir='ltr'><strong><em>ταύτης</em></strong></span> <span class='ocrx_word' id='word_1_65' title='bbox 479 995 664 1080; x_wconf 77' lang='grc' dir='ltr'><strong><em>προφητείᾳ</em></strong></span> <span class='ocrx_word' id='word_1_66' title='bbox 688 986 817 1076; x_wconf 87' lang='grc' dir='ltr'><strong><em>πτωχὸς</em></strong></span> <span class='ocrx_word' id='word_1_67' title='bbox 835 989 891 1062; x_wconf 77' lang='grc' dir='ltr'><strong><em>καὶ</em></strong></span> <span class='ocrx_word' id='word_1_68' title='bbox 909 992 1012 1075; x_wconf 87' lang='grc' dir='ltr'><strong><em>πένης</em></strong></span> <span class='ocrx_word' id='word_1_69' title='bbox 1032 986 1112 1059; x_wconf 84' lang='grc' dir='ltr'><strong><em>άνο-</em></strong></span> 
     </span>
     <span class='ocr_line' id='line_1_10' title="bbox 141 1084 1113 1181; baseline 0.001 -21"><span class='ocrx_word' id='word_1_70' title='bbox 141 1090 259 1181; x_wconf 75' lang='grc' dir='ltr'><strong><em>μάζετο</em></strong></span> <span class='ocrx_word' id='word_1_71' title='bbox 284 1084 302 1158; x_wconf 87' lang='grc' dir='ltr'><strong><em>ό</em></strong></span> <span class='ocrx_word' id='word_1_72' title='bbox 328 1086 439 1178; x_wconf 89' lang='grc' dir='ltr'><strong><em>σωτήρ</em></strong></span> <span class='ocrx_word' id='word_1_73' title='bbox 463 1091 518 1158; x_wconf 76' lang='grc' dir='ltr'><strong><em>καὶ</em></strong></span> <span class='ocrx_word' id='word_1_74' title='bbox 537 1088 651 1179; x_wconf 89' lang='grc' dir='ltr'><strong><em>κύριος</em></strong></span> <span class='ocrx_word' id='word_1_75' title='bbox 667 1087 781 1178; x_wconf 74' lang='grc' dir='ltr'><strong><em>ήμῶν,</em></strong></span> <span class='ocrx_word' id='word_1_76' title='bbox 806 1087 961 1179; x_wconf 88' lang='grc' dir='ltr'><strong><em>καθάπερ</em></strong></span> <span class='ocrx_word' id='word_1_77' title='bbox 980 1087 1113 1161; x_wconf 89' lang='grc' dir='ltr'><strong><em>άπεδεί-</em></strong></span> 
     </span>
     <span class='ocr_line' id='line_1_11' title="bbox 142 1185 1149 1283; baseline -0.004 -20"><span class='ocrx_word' id='word_1_78' title='bbox 142 1203 245 1282; x_wconf 84' lang='grc' dir='ltr'><strong><em>ξαμεν</em></strong></span> <span class='ocrx_word' id='word_1_79' title='bbox 270 1194 374 1283; x_wconf 78' lang='grc' dir='ltr'><strong><em>ἐντῷ</em></strong></span> <span class='ocrx_word' id='word_1_80' title='bbox 399 1185 583 1280; x_wconf 61' lang='grc' dir='ltr'><strong><em>’μακάριος</em></strong></span> <span class='ocrx_word' id='word_1_81' title='bbox 613 1189 784 1261; x_wconf 84' lang='grc' dir='ltr'><strong><em>ὁσυυιάν</em></strong></span> <span class='ocrx_word' id='word_1_82' title='bbox 815 1193 869 1260; x_wconf 76' lang='grc' dir='ltr'><strong><em>ἐπὶ</em></strong></span> <span class='ocrx_word' id='word_1_83' title='bbox 899 1191 1031 1280; x_wconf 88' lang='grc' dir='ltr'><strong><em>πτωχὸν</em></strong></span> <span class='ocrx_word' id='word_1_84' title='bbox 1058 1195 1113 1262; x_wconf 86' lang='grc' dir='ltr'><strong><em>καλ</em></strong></span> <span class='ocrx_word' id='word_1_85' title='bbox 1126 1221 1149 1260; x_wconf 84' lang='grc' dir='ltr'><strong><em>ιο</em></strong></span> 
     </span>
     <span class='ocr_line' id='line_1_12' title="bbox 142 1289 1113 1388; baseline -0.001 -24"><span class='ocrx_word' id='word_1_86' title='bbox 142 1289 305 1382; x_wconf 83' lang='grc' dir='ltr'><strong><em>πένητα·”</em></strong></span> <span class='ocrx_word' id='word_1_87' title='bbox 325 1291 383 1362; x_wconf 87' lang='grc' dir='ltr'><strong><em>τὸν</em></strong></span> <span class='ocrx_word' id='word_1_88' title='bbox 396 1289 500 1361; x_wconf 79' lang='grc' dir='ltr'><strong><em>αὐτόν</em></strong></span> <span class='ocrx_word' id='word_1_89' title='bbox 512 1291 637 1384; x_wconf 79' lang='grc' dir='ltr'><strong><em>τρόπον</em></strong></span> <span class='ocrx_word' id='word_1_90' title='bbox 650 1296 705 1363; x_wconf 76' lang='grc' dir='ltr'><strong><em>καὶ</em></strong></span> <span class='ocrx_word' id='word_1_91' title='bbox 720 1297 757 1363; x_wconf 86' lang='grc' dir='ltr'><strong><em>ἐν</em></strong></span> <span class='ocrx_word' id='word_1_92' title='bbox 773 1295 821 1385; x_wconf 75' lang='grc' dir='ltr'><strong><em>τῷ</em></strong></span> <span class='ocrx_word' id='word_1_93' title='bbox 834 1290 975 1383; x_wconf 84' lang='grc' dir='ltr'><strong><em>παρόντι</em></strong></span> <span class='ocrx_word' id='word_1_94' title='bbox 986 1299 1113 1388; x_wconf 77' lang='grc' dir='ltr'><strong><em>Ψαλμῷ</em></strong></span> 
     </span>
     <span class='ocr_line' id='line_1_13' title="bbox 141 1392 1113 1484; baseline -0.002 -18"><span class='ocrx_word' id='word_1_95' title='bbox 141 1394 269 1478; x_wconf 80' lang='grc' dir='ltr'><strong><em>τούτοις</em></strong></span> <span class='ocrx_word' id='word_1_96' title='bbox 293 1397 503 1483; x_wconf 77' lang='grc' dir='ltr'><strong><em>ἐπικέκληται</em></strong></span> <span class='ocrx_word' id='word_1_97' title='bbox 526 1411 595 1474; x_wconf 80' lang='grc' dir='ltr'><strong><em>τοῖς</em></strong></span> <span class='ocrx_word' id='word_1_98' title='bbox 612 1392 782 1484; x_wconf 72' lang='grc' dir='ltr'><strong><em>όνόμασι.’</em></strong></span> <span class='ocrx_word' id='word_1_99' title='bbox 809 1399 858 1464; x_wconf 82' lang='grc'><strong><em>18.</em></strong></span> <span class='ocrx_word' id='word_1_100' title='bbox 877 1392 958 1464; x_wconf 88' lang='grc' dir='ltr'><strong><em>τάδε</em></strong></span> <span class='ocrx_word' id='word_1_101' title='bbox 976 1393 1113 1483; x_wconf 73' lang='grc' dir='ltr'><strong><em>γάρκαὶ</em></strong></span> 
     </span>
     <span class='ocr_line' id='line_1_14' title="bbox 141 1492 1114 1590; baseline -0.001 -23"><span class='ocrx_word' id='word_1_102' title='bbox 141 1496 222 1568; x_wconf 88' lang='grc' dir='ltr'><strong><em>τάδε</em></strong></span> <span class='ocrx_word' id='word_1_103' title='bbox 247 1494 424 1585; x_wconf 78' lang='grc' dir='ltr'><strong><em>γενηθήτω</em></strong></span> <span class='ocrx_word' id='word_1_104' title='bbox 453 1499 502 1589; x_wconf 75' lang='grc' dir='ltr'><strong><em>τῷ</em></strong></span> <span class='ocrx_word' id='word_1_105' title='bbox 520 1492 628 1588; x_wconf 84' lang='grc' dir='ltr'><strong><em>Ἰούδᾳ</em></strong></span> <span class='ocrx_word' id='word_1_106' title='bbox 652 1500 708 1566; x_wconf 79' lang='grc' dir='ltr'><strong><em>καὶ</em></strong></span> <span class='ocrx_word' id='word_1_107' title='bbox 737 1511 808 1576; x_wconf 73' lang='grc' dir='ltr'><strong><em>τοῖς</em></strong></span> <span class='ocrx_word' id='word_1_108' title='bbox 832 1492 872 1565; x_wconf 86' lang='grc' dir='ltr'><strong><em>τά</em></strong></span> <span class='ocrx_word' id='word_1_109' title='bbox 901 1493 998 1585; x_wconf 84' lang='grc' dir='ltr'><strong><em>ὅμοια</em></strong></span> <span class='ocrx_word' id='word_1_110' title='bbox 1023 1496 1114 1590; x_wconf 79' lang='grc' dir='ltr'><strong><em>αὐτῷ</em></strong></span> 
     </span>
     <span class='ocr_line' id='line_1_15' title="bbox 143 1595 1115 1690; baseline 0 -22"><span class='ocrx_word' id='word_1_111' title='bbox 143 1595 320 1687; x_wconf 77' lang='grc' dir='ltr'><strong><em>ἐζηλωκόσι</em></strong></span> <span class='ocrx_word' id='word_1_112' title='bbox 346 1596 401 1667; x_wconf 79' lang='grc' dir='ltr'><strong><em>διὰ</em></strong></span> <span class='ocrx_word' id='word_1_113' title='bbox 424 1595 464 1667; x_wconf 82' lang='grc' dir='ltr'><strong><em>τά</em></strong></span> <span class='ocrx_word' id='word_1_114' title='bbox 487 1601 711 1687; x_wconf 80' lang='grc' dir='ltr'><strong><em>τετολμημένα</em></strong></span> <span class='ocrx_word' id='word_1_115' title='bbox 738 1595 828 1690; x_wconf 79' lang='grc' dir='ltr'><strong><em>αύτῷ</em></strong></span> <span class='ocrx_word' id='word_1_116' title='bbox 853 1620 945 1687; x_wconf 84' lang='grc' dir='ltr'><strong><em>φησι.</em></strong></span> <span class='ocrx_word' id='word_1_117' title='bbox 981 1605 1057 1667; x_wconf 91' lang='grc' dir='ltr'><strong><em>τίνα</em></strong></span> <span class='ocrx_word' id='word_1_118' title='bbox 1078 1600 1115 1668; x_wconf 78' lang='grc' dir='ltr'><strong><em>δέ</em></strong></span> 
     </span>
     <span class='ocr_line' id='line_1_16' title="bbox 142 1689 1152 1789; baseline -0.003 -19"><span class='ocrx_word' id='word_1_119' title='bbox 142 1705 244 1770; x_wconf 83' lang='grc' dir='ltr'><strong><em>ταῦτα</em></strong></span> <span class='ocrx_word' id='word_1_120' title='bbox 276 1702 426 1789; x_wconf 81' lang='grc' dir='ltr'><strong><em>ἐπιφέρει</em></strong></span> <span class='ocrx_word' id='word_1_121' title='bbox 457 1701 564 1787; x_wconf 86' lang='grc' dir='ltr'><strong><em>λέγων</em></strong></span> <span class='ocrx_word' id='word_1_122' title='bbox 585 1693 688 1769; x_wconf 55' lang='grc' dir='ltr'><strong><em>Ἔνθ’</em></strong></span> <span class='ocrx_word' id='word_1_123' title='bbox 719 1689 767 1768; x_wconf 81' lang='grc' dir='ltr'><strong><em>άν</em></strong></span> <span class='ocrx_word' id='word_1_124' title='bbox 790 1697 852 1768; x_wconf 81' lang='grc' dir='ltr'><strong><em>οὐκ</em></strong></span> <span class='ocrx_word' id='word_1_125' title='bbox 877 1697 1030 1789; x_wconf 75' lang='grc' dir='ltr'><strong><em>ἐμνήσθη</em></strong></span> <span class='ocrx_word' id='word_1_126' title='bbox 1054 1704 1115 1770; x_wconf 82' lang='grc' dir='ltr'><strong><em>τού</em></strong></span> <span class='ocrx_word' id='word_1_127' title='bbox 1129 1727 1152 1767; x_wconf 80' lang='grc' dir='ltr'><strong><em>ιε</em></strong></span> 
     </span>
     <span class='ocr_line' id='line_1_17' title="bbox 142 1797 1116 1890; baseline -0.002 -18"><span class='ocrx_word' id='word_1_128' title='bbox 142 1807 276 1890; x_wconf 83' lang='grc' dir='ltr'><strong><em>ποιήσαι</em></strong></span> <span class='ocrx_word' id='word_1_129' title='bbox 296 1807 403 1888; x_wconf 84' lang='grc' dir='ltr'><strong><em>έλεος,</em></strong></span> <span class='ocrx_word' id='word_1_130' title='bbox 426 1803 483 1871; x_wconf 86' lang='grc' dir='ltr'><strong><em>καὶ</em></strong></span> <span class='ocrx_word' id='word_1_131' title='bbox 501 1804 700 1884; x_wconf 79' lang='grc' dir='ltr'><strong><em>κατεδίωξεν</em></strong></span> <span class='ocrx_word' id='word_1_132' title='bbox 718 1797 902 1889; x_wconf 84' lang='grc' dir='ltr'><strong><em>άυθρωπον</em></strong></span> <span class='ocrx_word' id='word_1_133' title='bbox 915 1805 1041 1890; x_wconf 88' lang='grc' dir='ltr'><strong><em>πένητα</em></strong></span> <span class='ocrx_word' id='word_1_134' title='bbox 1059 1804 1116 1871; x_wconf 82' lang='grc' dir='ltr'><strong><em>καλ</em></strong></span> 
     </span>
     <span class='ocr_line' id='line_1_18' title="bbox 143 1901 1115 1994; baseline -0.004 -20"><span class='ocrx_word' id='word_1_135' title='bbox 143 1901 275 1993; x_wconf 82' lang='grc' dir='ltr'><strong><em>πτωχόν</em></strong></span> <span class='ocrx_word' id='word_1_136' title='bbox 299 1905 355 1972; x_wconf 80' lang='grc' dir='ltr'><strong><em>καὶ</em></strong></span> <span class='ocrx_word' id='word_1_137' title='bbox 379 1905 672 1991; x_wconf 83' lang='grc' dir='ltr'><strong><em>κατανενυγμένον</em></strong></span> <span class='ocrx_word' id='word_1_138' title='bbox 694 1906 734 1990; x_wconf 80' lang='grc' dir='ltr'><strong><em>τῇ</em></strong></span> <span class='ocrx_word' id='word_1_139' title='bbox 763 1910 886 1994; x_wconf 82' lang='grc' dir='ltr'><strong><em>καρδίᾳ</em></strong></span> <span class='ocrx_word' id='word_1_140' title='bbox 914 1906 974 1972; x_wconf 79' lang='grc' dir='ltr'><strong><em>τοῦ</em></strong></span> <span class='ocrx_word' id='word_1_141' title='bbox 1004 1914 1115 1971; x_wconf 85' lang='grc' dir='ltr'><strong><em>θανα-</em></strong></span> 
     </span>
     <span class='ocr_line' id='line_1_19' title="bbox 116 2000 1114 2096; baseline -0.003 -21"><span class='ocrx_word' id='word_1_142' title='bbox 116 2011 263 2092; x_wconf 75' lang='grc' dir='ltr'><strong><em>οτι-ὅσαι,</em></strong></span> <span class='ocrx_word' id='word_1_143' title='bbox 288 2007 343 2072; x_wconf 83' lang='grc' dir='ltr'><strong><em>καὶ</em></strong></span> <span class='ocrx_word' id='word_1_144' title='bbox 371 2000 525 2090; x_wconf 88' lang='grc' dir='ltr'><strong><em>ήγάπησε</em></strong></span> <span class='ocrx_word' id='word_1_145' title='bbox 548 2000 714 2091; x_wconf 77' lang='grc' dir='ltr'><strong><em>κατάραν,</em></strong></span> <span class='ocrx_word' id='word_1_146' title='bbox 747 2005 803 2072; x_wconf 80' lang='grc' dir='ltr'><strong><em>καὶ</em></strong></span> <span class='ocrx_word' id='word_1_147' title='bbox 827 2003 898 2093; x_wconf 81' lang='grc' dir='ltr'><strong><em>ἥξει</em></strong></span> <span class='ocrx_word' id='word_1_148' title='bbox 922 2001 1029 2096; x_wconf 79' lang='grc' dir='ltr'><strong><em>αὐτῷ,</em></strong></span> <span class='ocrx_word' id='word_1_149' title='bbox 1056 2005 1114 2072; x_wconf 82' lang='grc' dir='ltr'><strong><em>καὶ</em></strong></span> 
     </span>
     <span class='ocr_line' id='line_1_20' title="bbox 145 2099 1116 2195; baseline 0 -22"><span class='ocrx_word' id='word_1_150' title='bbox 145 2103 207 2173; x_wconf 90' lang='grc' dir='ltr'><strong><em>ούκ</em></strong></span> <span class='ocrx_word' id='word_1_151' title='bbox 225 2101 394 2193; x_wconf 77' lang='grc' dir='ltr'><strong><em>ἠθέλησεν</em></strong></span> <span class='ocrx_word' id='word_1_152' title='bbox 412 2099 585 2190; x_wconf 81' lang='grc' dir='ltr'><strong><em>εὐλογίαν,</em></strong></span> <span class='ocrx_word' id='word_1_153' title='bbox 605 2106 661 2174; x_wconf 79' lang='grc' dir='ltr'><strong><em>καὶ</em></strong></span> <span class='ocrx_word' id='word_1_154' title='bbox 678 2105 953 2195; x_wconf 88' lang='grc' dir='ltr'><strong><em>μακρυνθήσεται</em></strong></span> <span class='ocrx_word' id='word_1_155' title='bbox 972 2103 1029 2174; x_wconf 79' lang='grc' dir='ltr'><strong><em>ἀπ’</em></strong></span> <span class='ocrx_word' id='word_1_156' title='bbox 1052 2103 1116 2174; x_wconf 88' lang='grc' dir='ltr'><strong><em>αύ-</em></strong></span> 
     </span>
     <span class='ocr_line' id='line_1_21' title="bbox 144 2197 1154 2295; baseline -0.001 -19"><span class='ocrx_word' id='word_1_157' title='bbox 144 2201 239 2276; x_wconf 85' lang='grc' dir='ltr'><strong><em>τού.”</em></strong></span> <span class='ocrx_word' id='word_1_158' title='bbox 284 2209 332 2274; x_wconf 83' lang='grc'><strong><em>19.</em></strong></span> <span class='ocrx_word' id='word_1_159' title='bbox 357 2200 407 2286; x_wconf 85' lang='grc' dir='ltr'><strong><em>οἷς</em></strong></span> <span class='ocrx_word' id='word_1_160' title='bbox 438 2207 512 2293; x_wconf 82' lang='grc' dir='ltr'><strong><em>ἑξῆς</em></strong></span> <span class='ocrx_word' id='word_1_161' title='bbox 544 2203 745 2295; x_wconf 83' lang='grc' dir='ltr'><strong><em>έπικαταβάς</em></strong></span> <span class='ocrx_word' id='word_1_162' title='bbox 777 2197 877 2287; x_wconf 80' lang='grc' dir='ltr'><strong><em>αὖθις</em></strong></span> <span class='ocrx_word' id='word_1_163' title='bbox 908 2209 1035 2294; x_wconf 82' lang='grc' dir='ltr'><strong><em>πένητα</em></strong></span> <span class='ocrx_word' id='word_1_164' title='bbox 1058 2209 1154 2277; x_wconf 77' lang='grc' dir='ltr'><strong><em>καίεο</em></strong></span> 
     </span>
     <span class='ocr_line' id='line_1_22' title="bbox 145 2304 1116 2398; baseline 0.001 -21"><span class='ocrx_word' id='word_1_165' title='bbox 145 2304 277 2397; x_wconf 81' lang='grc' dir='ltr'><strong><em>πτωχόν</em></strong></span> <span class='ocrx_word' id='word_1_166' title='bbox 296 2304 416 2377; x_wconf 80' lang='grc' dir='ltr'><strong><em>ἑαυτὸν</em></strong></span> <span class='ocrx_word' id='word_1_167' title='bbox 433 2305 585 2396; x_wconf 80' lang='grc' dir='ltr'><strong><em>ὀνομάζει</em></strong></span> <span class='ocrx_word' id='word_1_168' title='bbox 603 2311 711 2397; x_wconf 84' lang='grc' dir='ltr'><strong><em>λέγων</em></strong></span> <span class='ocrx_word' id='word_1_169' title='bbox 723 2305 804 2377; x_wconf 79' lang='grc' dir='ltr'><strong><em>“καί</em></strong></span> <span class='ocrx_word' id='word_1_170' title='bbox 821 2308 876 2395; x_wconf 83' lang='grc' dir='ltr'><strong><em>σύ,</em></strong></span> <span class='ocrx_word' id='word_1_171' title='bbox 893 2306 991 2397; x_wconf 85' lang='grc' dir='ltr'><strong><em>κύριε</em></strong></span> <span class='ocrx_word' id='word_1_172' title='bbox 1009 2307 1116 2398; x_wconf 86' lang='grc' dir='ltr'><strong><em>κύριε,</em></strong></span> 
     </span>
     <span class='ocr_line' id='line_1_23' title="bbox 145 2407 1116 2499; baseline 0.001 -20"><span class='ocrx_word' id='word_1_173' title='bbox 145 2418 287 2499; x_wconf 88' lang='grc' dir='ltr'><strong><em>ποίησον</em></strong></span> <span class='ocrx_word' id='word_1_174' title='bbox 309 2407 379 2498; x_wconf 86' lang='grc' dir='ltr'><strong><em>μετ’</em></strong></span> <span class='ocrx_word' id='word_1_175' title='bbox 403 2412 483 2498; x_wconf 80' lang='grc' dir='ltr'><strong><em>ἐμοῦ</em></strong></span> <span class='ocrx_word' id='word_1_176' title='bbox 507 2417 613 2499; x_wconf 78' lang='grc' dir='ltr'><strong><em>ἔλεος,</em></strong></span> <span class='ocrx_word' id='word_1_177' title='bbox 637 2414 752 2480; x_wconf 75' lang='grc' dir='ltr'><strong><em>ἕνεκεν</em></strong></span> <span class='ocrx_word' id='word_1_178' title='bbox 776 2414 835 2480; x_wconf 80' lang='grc' dir='ltr'><strong><em>τού</em></strong></span> <span class='ocrx_word' id='word_1_179' title='bbox 858 2407 1020 2498; x_wconf 86' lang='grc' dir='ltr'><strong><em>ὀνόματός</em></strong></span> <span class='ocrx_word' id='word_1_180' title='bbox 1042 2430 1116 2498; x_wconf 88' lang='grc' dir='ltr'><strong><em>σου,</em></strong></span> 
     </span>
     <span class='ocr_line' id='line_1_24' title="bbox 145 2508 1118 2602; baseline -0.002 -20"><span class='ocrx_word' id='word_1_181' title='bbox 145 2508 194 2582; x_wconf 83' lang='grc' dir='ltr'><strong><em>ότι</em></strong></span> <span class='ocrx_word' id='word_1_182' title='bbox 219 2511 361 2602; x_wconf 87' lang='grc' dir='ltr'><strong><em>χρηστὸν</em></strong></span> <span class='ocrx_word' id='word_1_183' title='bbox 385 2509 421 2580; x_wconf 83' lang='grc' dir='ltr'><strong><em>τό</em></strong></span> <span class='ocrx_word' id='word_1_184' title='bbox 441 2509 529 2592; x_wconf 80' lang='grc' dir='ltr'><strong><em>ἔλεός</em></strong></span> <span class='ocrx_word' id='word_1_185' title='bbox 548 2534 619 2581; x_wconf 89' lang='grc' dir='ltr'><strong><em>σου.</em></strong></span> <span class='ocrx_word' id='word_1_186' title='bbox 663 2515 767 2601; x_wconf 77' lang='grc' dir='ltr'><strong><em>ῥύσαί</em></strong></span> <span class='ocrx_word' id='word_1_187' title='bbox 787 2540 828 2599; x_wconf 88' lang='grc' dir='ltr'><strong><em>με</em></strong></span> <span class='ocrx_word' id='word_1_188' title='bbox 846 2509 896 2582; x_wconf 83' lang='grc' dir='ltr'><strong><em>ὅτι</em></strong></span> <span class='ocrx_word' id='word_1_189' title='bbox 914 2509 1043 2601; x_wconf 87' lang='grc' dir='ltr'><strong><em>πτωχός</em></strong></span> <span class='ocrx_word' id='word_1_190' title='bbox 1061 2515 1118 2581; x_wconf 84' lang='grc' dir='ltr'><strong><em>καὶ</em></strong></span> 
     </span>
     <span class='ocr_line' id='line_1_25' title="bbox 147 2608 1119 2703; baseline -0.002 -20"><span class='ocrx_word' id='word_1_191' title='bbox 147 2617 249 2703; x_wconf 82' lang='grc' dir='ltr'><strong><em>πένης</em></strong></span> <span class='ocrx_word' id='word_1_192' title='bbox 269 2616 334 2702; x_wconf 84' lang='grc' dir='ltr'><strong><em>είμλ</em></strong></span> <span class='ocrx_word' id='word_1_193' title='bbox 355 2608 455 2700; x_wconf 83' lang='grc' dir='ltr'><strong><em>ἐγιό.”</em></strong></span> <span class='ocrx_word' id='word_1_194' title='bbox 485 2609 535 2694; x_wconf 83' lang='grc' dir='ltr'><strong><em>οἷς</em></strong></span> <span class='ocrx_word' id='word_1_195' title='bbox 552 2611 629 2701; x_wconf 87' lang='grc' dir='ltr'><strong><em>μεθ’</em></strong></span> <span class='ocrx_word' id='word_1_196' title='bbox 648 2616 743 2701; x_wconf 77' lang='grc' dir='ltr'><strong><em>ἕτερα</em></strong></span> <span class='ocrx_word' id='word_1_197' title='bbox 761 2616 903 2700; x_wconf 78' lang='grc' dir='ltr'><strong><em>ἐπιλέγει</em></strong></span> <span class='ocrx_word' id='word_1_198' title='bbox 916 2609 978 2684; x_wconf 63' lang='lat' dir='ltr'><strong><em>“vde</em></strong></span> <span class='ocrx_word' id='word_1_199' title='bbox 992 2612 1119 2702; x_wconf 91' lang='grc' dir='ltr'><strong><em>γόνατά</em></strong></span> 
     </span>
     <span class='ocr_line' id='line_1_26' title="bbox 146 2711 1156 2805; baseline -0.004 -19"><span class='ocrx_word' id='word_1_200' title='bbox 146 2746 211 2805; x_wconf 91' lang='grc' dir='ltr'><strong><em>μου</em></strong></span> <span class='ocrx_word' id='word_1_201' title='bbox 228 2714 424 2804; x_wconf 84' lang='grc' dir='ltr'><strong><em>ήσθένησαν</em></strong></span> <span class='ocrx_word' id='word_1_202' title='bbox 441 2711 506 2782; x_wconf 85' lang='grc' dir='ltr'><strong><em>άπὸ</em></strong></span> <span class='ocrx_word' id='word_1_203' title='bbox 524 2721 690 2803; x_wconf 83' lang='grc' dir='ltr'><strong><em>νηστείας,</em></strong></span> <span class='ocrx_word' id='word_1_204' title='bbox 709 2716 764 2784; x_wconf 84' lang='grc' dir='ltr'><strong><em>καὶ</em></strong></span> <span class='ocrx_word' id='word_1_205' title='bbox 784 2712 804 2801; x_wconf 88' lang='grc' dir='ltr'><strong><em>ή</em></strong></span> <span class='ocrx_word' id='word_1_206' title='bbox 824 2712 904 2804; x_wconf 83' lang='grc' dir='ltr'><strong><em>σάρξ</em></strong></span> <span class='ocrx_word' id='word_1_207' title='bbox 918 2744 984 2803; x_wconf 93' lang='grc' dir='ltr'><strong><em>μου</em></strong></span> <span class='ocrx_word' id='word_1_208' title='bbox 1001 2711 1115 2803; x_wconf 87' lang='grc' dir='ltr'><strong><em>ήλλοι-</em></strong></span> <span class='ocrx_word' id='word_1_209' title='bbox 1130 2742 1156 2782; x_wconf 81' lang='lat'><strong><em>25</em></strong></span> 
     </span>
     <span class='ocr_line' id='line_1_27' title="bbox 148 2811 1117 2904; baseline 0.002 -20"><span class='ocrx_word' id='word_1_210' title='bbox 148 2816 224 2902; x_wconf 84' lang='grc' dir='ltr'><strong><em>ω’θη</em></strong></span> <span class='ocrx_word' id='word_1_211' title='bbox 248 2811 294 2884; x_wconf 91' lang='grc' dir='ltr'><strong><em>δι’</em></strong></span> <span class='ocrx_word' id='word_1_212' title='bbox 315 2822 445 2903; x_wconf 77' lang='grc' dir='ltr'><strong><em>ἔλαιον,</em></strong></span> <span class='ocrx_word' id='word_1_213' title='bbox 469 2818 525 2884; x_wconf 84' lang='grc' dir='ltr'><strong><em>καὶ</em></strong></span> <span class='ocrx_word' id='word_1_214' title='bbox 550 2813 612 2903; x_wconf 72' lang='grc' dir='ltr'><strong><em>ἐγὼ</em></strong></span> <span class='ocrx_word' id='word_1_215' title='bbox 641 2814 808 2904; x_wconf 80' lang='grc' dir='ltr'><strong><em>ἐγενήθην</em></strong></span> <span class='ocrx_word' id='word_1_216' title='bbox 832 2813 961 2896; x_wconf 83' lang='grc' dir='ltr'><strong><em>ὄνειδος</em></strong></span> <span class='ocrx_word' id='word_1_217' title='bbox 994 2814 1117 2899; x_wconf 80' lang='grc' dir='ltr'><strong><em>αὐτοῖς.</em></strong></span> 
     </span>
     <span class='ocr_line' id='line_1_28' title="bbox 147 2913 1118 3007; baseline 0.003 -22"><span class='ocrx_word' id='word_1_218' title='bbox 147 2923 199 2987; x_wconf 78' lang='grc'><strong><em>20.</em></strong></span> <span class='ocrx_word' id='word_1_219' title='bbox 221 2915 356 2986; x_wconf 85' lang='grc' dir='ltr'><strong><em>είδοσάυ</em></strong></span> <span class='ocrx_word' id='word_1_220' title='bbox 380 2944 438 3005; x_wconf 92' lang='grc' dir='ltr'><strong><em>με,</em></strong></span> <span class='ocrx_word' id='word_1_221' title='bbox 465 2916 650 2987; x_wconf 82' lang='grc' dir='ltr'><strong><em>ἐσάλευσαν</em></strong></span> <span class='ocrx_word' id='word_1_222' title='bbox 668 2915 815 3007; x_wconf 84' lang='grc' dir='ltr'><strong><em>κεφαλάς</em></strong></span> <span class='ocrx_word' id='word_1_223' title='bbox 840 2914 984 2987; x_wconf 78' lang='grc' dir='ltr'><strong><em>αὑτων.”</em></strong></span> <span class='ocrx_word' id='word_1_224' title='bbox 1022 2913 1118 2988; x_wconf 82' lang='grc' dir='ltr'><strong><em>άκαὶ</em></strong></span> 
     </span>
     <span class='ocr_line' id='line_1_29' title="bbox 149 3015 1118 3109; baseline 0 -20"><span class='ocrx_word' id='word_1_225' title='bbox 149 3016 234 3089; x_wconf 83' lang='grc' dir='ltr'><strong><em>αύτά</em></strong></span> <span class='ocrx_word' id='word_1_226' title='bbox 243 3018 358 3099; x_wconf 85' lang='grc' dir='ltr'><strong><em>τέλους</em></strong></span> <span class='ocrx_word' id='word_1_227' title='bbox 373 3016 553 3108; x_wconf 85' lang='grc' dir='ltr'><strong><em>ἐτύγχανεν</em></strong></span> <span class='ocrx_word' id='word_1_228' title='bbox 565 3015 619 3089; x_wconf 86' lang='grc' dir='ltr'><strong><em>ότε</em></strong></span> <span class='ocrx_word' id='word_1_229' title='bbox 633 3025 668 3088; x_wconf 85' lang='grc' dir='ltr'><strong><em>οί</em></strong></span> <span class='ocrx_word' id='word_1_230' title='bbox 678 3017 989 3109; x_wconf 85' lang='grc' dir='ltr'><strong><em>παραπορευόμενοι</em></strong></span> <span class='ocrx_word' id='word_1_231' title='bbox 1000 3023 1118 3107; x_wconf 78' lang='grc' dir='ltr'><strong><em>ἐβλασ-</em></strong></span> 
     </span>
     <span class='ocr_line' id='line_1_30' title="bbox 148 3116 1118 3212; baseline 0 -21"><span class='ocrx_word' id='word_1_232' title='bbox 148 3119 284 3212; x_wconf 86' lang='grc' dir='ltr'><strong><em>φήμουν</em></strong></span> <span class='ocrx_word' id='word_1_233' title='bbox 309 3117 411 3191; x_wconf 86' lang='grc' dir='ltr'><strong><em>αύτόν</em></strong></span> <span class='ocrx_word' id='word_1_234' title='bbox 431 3116 625 3200; x_wconf 57' lang='grc' dir='ltr'><strong><em>’κινοῦντες</em></strong></span> <span class='ocrx_word' id='word_1_235' title='bbox 647 3118 706 3202; x_wconf 86' lang='grc' dir='ltr'><strong><em>τάς</em></strong></span> <span class='ocrx_word' id='word_1_236' title='bbox 729 3118 876 3210; x_wconf 81' lang='grc' dir='ltr'><strong><em>κεφαλάς</em></strong></span> <span class='ocrx_word' id='word_1_237' title='bbox 901 3119 1033 3208; x_wconf 77' lang='grc' dir='ltr'><strong><em>αὐτῶν,</em></strong></span> <span class='ocrx_word' id='word_1_238' title='bbox 1061 3125 1118 3191; x_wconf 83' lang='grc' dir='ltr'><strong><em>καὶ</em></strong></span> 
     </span>
     <span class='ocr_line' id='line_1_31' title="bbox 149 3219 1156 3313; baseline -0.001 -21"><span class='ocrx_word' id='word_1_239' title='bbox 149 3228 313 3313; x_wconf 87' lang='grc' dir='ltr'><strong><em>λέγοντες,</em></strong></span> <span class='ocrx_word' id='word_1_240' title='bbox 332 3220 453 3302; x_wconf 86' lang='grc' dir='ltr'><strong><em>άλλους</em></strong></span> <span class='ocrx_word' id='word_1_241' title='bbox 471 3229 608 3310; x_wconf 77' lang='grc' dir='ltr'><strong><em>ἔσωσεν,</em></strong></span> <span class='ocrx_word' id='word_1_242' title='bbox 628 3220 747 3292; x_wconf 81' lang='grc' dir='ltr'><strong><em>ἑαυτὸν</em></strong></span> <span class='ocrx_word' id='word_1_243' title='bbox 765 3221 805 3293; x_wconf 86' lang='grc' dir='ltr'><strong><em>ού</em></strong></span> <span class='ocrx_word' id='word_1_244' title='bbox 824 3221 964 3294; x_wconf 89' lang='grc' dir='ltr'><strong><em>δύναται</em></strong></span> <span class='ocrx_word' id='word_1_245' title='bbox 982 3219 1117 3292; x_wconf 74' lang='grc' dir='ltr'><strong><em>σῶσαι.”</em></strong></span> <span class='ocrx_word' id='word_1_246' title='bbox 1130 3250 1156 3290; x_wconf 82' lang='grc' dir='ltr'><strong><em>ιο</em></strong></span> 
     </span>
    </p>
   </div>
   <div class='ocr_carea' id='block_1_3' title="bbox 208 3443 1116 3522">
    <p class='ocr_par' dir='ltr' id='par_1_3' title="bbox 208 3443 1116 3522">
     <span class='ocr_line' id='line_1_32' title="bbox 208 3443 1116 3522; baseline 0.006 -19"><span class='ocrx_word' id='word_1_247' title='bbox 208 3453 404 3518; x_wconf 50' lang='grc' dir='ltr'><strong><em>κῆαι</em></strong></span> <span class='ocrx_word' id='word_1_248' title='bbox 510 3443 741 3522; x_wconf 53' lang='lat' dir='ltr'><strong><em>mmmm</em></strong></span> <span class='ocrx_word' id='word_1_249' title='bbox 855 3455 1116 3515; x_wconf 48' lang='grc' dir='ltr'><strong><em>νηωωω</em></strong></span> 
     </span>
    </p>
   </div>
   <div class='ocr_carea' id='block_1_4' title="bbox 0 0 1179 3818">
    <p class='ocr_par' dir='ltr' id='par_1_4' title="bbox 0 0 1179 3818">
     <span class='ocr_line' id='line_1_33' title="bbox 0 0 1179 3818; baseline 0 0"><span class='ocrx_word' id='word_1_250' title='bbox 0 0 1179 3818; x_wconf 95' lang='lat' dir='ltr'><strong><em> </em></strong></span> 
     </span>
    </p>
   </div>
  </div>
 </body>
</html>
