2326 3818
167 139 210 204 60
559 138 708 189 Εεοευιι

138 288 212 374 στῶ
226 276 405 368 πνεύματι,
424 273 444 366 ῆ
462 278 499 348 δὲ
516 274 692 366 γαμήσασα
707 280 852 369 μεριμνᾷ
868 275 908 346 τά
920 280 981 346 τοῦ
995 275 1136 368 κόσμου,

167 385 237 463 πῶς
257 379 426 470 ἀρέσητῶ
445 377 554 469 ἀνδρί,
586 379 738 450 τοῦτοδὲ
756 378 837 468 πρός
847 369 883 449 τό
897 373 993 468 ὑμῶν
1006 384 1137 469 συμφέ-

168 512 228 575 ρον
242 486 340 571 λέγω,
360 478 422 571 οὐχ
436 488 493 552 ἵνα
507 479 630 571 βρόχον
643 479 725 570 ὑμῖν
739 477 926 569 ἐπιβάλλω,
952 476 1037 549 ἀλλά
1051 479 1137 571 πρός

166 584 203 657 τὸ
218 584 384 675 εὔσχημον
394 586 450 653 καί
460 580 720 676 εόπάρεδροντῷ
731 589 837 676 κυρίῳ
850 579 1138 673 ἀπερισπάστως.”

244 694 273 757 8.
292 685 491 776 Διαρρῆδην
504 688 588 773 γοῦν
606 688 643 754 ἐν
660 683 789 764 τούτοις
807 683 843 754 τό
862 696 969 755 αἰτιον
982 688 1041 772 τῆς
1053 681 1137 756 ἀπο·
1155 722 1163 749 c

167 797 227 880 χῆς
245 794 305 861 τοῦ
324 787 433 878 γάμου
460 782 672 876 παρίστησιν,
690 785 752 875 τῆν
772 789 837 857 τῶν
855 793 982 875 καιρῶν
1000 789 1141 857 καὶτῶν

169 889 260 971 ἐκτός
279 887 483 979 πραγμάτων
501 884 699 977 ἀβελτερίαν
714 887 994 978 ἐπιμεμψάμενος,
1009 877 1057 957 ῶν
1076 886 1139 959 οὐ·

170 995 228 1063 δὶν
251 1007 320 1071 τοῖς
348 1000 501 1072 παλαιοῖς
525 994 760 1081 προσέπιπτεν.
803 994 859 1060 καὶ
889 997 997 1081 τρίτος
1028 987 1061 1059 δ’
1094 986 1140 1061 ἀν

170 1105 222 1181 εἰη
246 1090 335 1183 παρά
358 1096 462 1162 ταῦτα
481 1090 593 1181 λόγος,
614 1091 693 1163 καθ’
719 1088 760 1162 δν
783 1097 818 1162 οἰ
841 1091 944 1162 πάλαι
963 1101 1141 1180 θεοφιλεῖς

169 1201 381 1276 παιδοποιίας
399 1203 560 1283 πλείστην
573 1197 745 1264 ἐποιοῦντο
758 1191 921 1281 σπουδήν.
948 1199 976 1264 9.
986 1196 1053 1264 τῶν
1065 1202 1139 1264 λοι-

170 1299 244 1367 πῶν
257 1292 451 1388 ἀνθρῶπων
470 1303 517 1376 εἰς
535 1303 758 1385 κακοτροπίαν
774 1293 970 1383 ἐπιδόντων,
990 1302 1039 1376 εἰς
1056 1291 1140 1386 ἀνῆ-

169 1396 272 1490 μερόν
294 1427 331 1469 τε
355 1401 410 1468 καὶ
433 1394 666 1485 ἀπάνθρωπον
690 1400 745 1468 καί
769 1396 924 1487 θηριώδη
954 1404 1031 1484 βίον
1052 1394 1141 1468 ἀπο-

170 1500 404 1589 πεπτωκότων,
425 1512 472 1582 είς
493 1528 529 1570 τε
548 1496 654 1588 ἀσεβῆ
671 1504 841 1580 παντελῶς
859 1501 914 1569 καλ
933 1496 1039 1569 άθεον
1063 1499 1141 1587 τρό-

116 1629 156 1680 μη
170 1631 235 1673 πον
258 1600 561 1690 άπωλισθηκότων,
589 1609 724 1691 βραχεῖς
754 1600 886 1691 σφόδρα
916 1603 972 1670 καλ
1003 1598 1142 1696 ἀριθμῶ

170 1705 290 1792 ληπτοί
314 1701 580 1791 περιλειπόμενοι
598 1701 680 1771 κατά
698 1699 737 1770 τά
760 1700 912 1790 πρόσθεν
934 1699 1015 1791 ῆμῑν
1046 1708 1142 1792 εἰρη-

170 1805 255 1894 μένα
272 1806 333 1874 τοῦ
350 1807 418 1873 τῶν
436 1811 571 1874 πολλῶν
588 1802 807 1884 δπεξίσταντο
821 1811 911 1892 βίον,
924 1806 979 1873 καλ
993 1807 1053 1891 τῆς
1066 1833 1142 1875 κοι-

172 1911 232 1995 νῆς
249 1909 317 1976 τῶν
335 1910 462 1976 λοιπῶν
480 1903 674 1990 ἀνθρῶπων
692 1910 978 1995 συναναστροφῆς.
1014 1911 1062 1975 10.
1082 1936 1142 1978 κε-

172 2010 384 2097 χωρισμένως
405 2004 435 2074 δ’
458 1996 520 2076 οὖν
537 2009 604 2076 τῶν
622 2003 734 2076 ἀλλων
753 2009 866 2077 ἐθνῶν
890 2010 947 2077 καὶ
971 2004 1053 2076 κατά
1077 2007 1142 2097 μό-

172 2137 233 2188 νας
250 2113 402 2194 βιοῦντες
420 2115 591 2178 πολιτείαν
605 2110 704 2196 ξένην
721 2110 776 2177 καλ
790 2116 868 2197 βίον
881 2107 1069 2198 φιλόσοφον
1082 2113 1141 2181 καλ

174 2205 218 2291 ῶς
236 2207 372 2297 ἀληθῶς
389 2216 535 2298 θεοσεβῆ
553 2211 690 2291 καὶτοῖς
708 2207 820 2291 ἀλλοις
843 2205 1037 2301 ἀνθρώποις
1059 2207 1142 2282 άνε-
1160 2249 1163 2253 ·

173 2319 329 2402 πίμικτον
340 2318 550 2382 συνίσταντο.
572 2302 750 2382 11.’ἰνόόν
763 2314 894 2391 καὶτοῖς
900 2314 1074 2401 μετέπειτα
1082 2317 1143 2403 τῆς

173 2422 297 2498 οἰκείας
315 2421 499 2504 θεοφοβίας
518 2412 671 2501 ζῶπυρον
690 2418 722 2497 ἐξ
740 2410 852 2484 αὐτῶν
869 2418 1000 2504 σπέρμα
1012 2413 1142 2504 φυλάτ-

145 2544 271 2607 οτοιτο,
289 2515 368 2607 μηδ’
392 2521 522 2587 ἐκλίποι
539 2519 594 2585 καλ
613 2512 769 2585 ἀπόλοιτο
784 2511 851 2603 άμα
869 2522 909 2607 τῆ
922 2520 991 2587 τῶν
1003 2513 1144 2607 ἀνδρῶν

172 2623 312 2709 τελευτῇ
329 2616 369 2687 τά
385 2622 443 2706 τῆς
457 2615 528 2686 κατ’
551 2613 672 2695 αὖτοδς
691 2615 879 2705 εὐσεβείας,
899 2615 1033 2700 εἰκότως
1059 2643 1143 2688 παι-

175 2725 325 2799 δοποιίας
358 2747 414 2787 και
441 2723 683 2806 παιδοτροφίας
706 2714 869 2803 πρόνοιαν
903 2726 1055 2807 εἰσῆγον,
1092 2719 1163 2802 ῶς

173 2816 216 2889 ἀν
247 2816 445 2889 διδάσκαλοι
475 2820 531 2888 καί
556 2820 744 2906 καθηγηταὶ
769 2821 918 2906 γένοιντο
943 2823 1011 2891 τῶν
1041 2826 1156 2905 ἰδίων,

174 2926 319 3008 παίδων,
340 2918 515 3009 διαδόχους
534 2918 707 3008 εὐσεβείας
725 2922 780 2989 καὶ
798 2924 855 3008 τῆς
878 2928 1001 3002 οἰκείας
1019 2919 1141 3011 ἀρετῆς

174 3020 401 3111 κληρονόμους
429 3039 498 3104 τοῖς
520 3025 693 3112 μετέπειτα
724 3032 919 3094 καταλιπεῖν
952 3029 1142 3096 σπουδαῖον

175 3123 263 3196 εἰναι
280 3122 467 3214 ἡγούμενοι.
513 3129 561 3194 12.
581 3130 683 3195 ἔνθεν
700 3131 814 3215 μυρίοι
832 3130 1000 3216 προφῆται
1014 3126 1070 3195 καί
1089 3132 1140 3196 δί-

175 3255 262 3298 καιοι
274 3227 395 3319 ἀνδρες
410 3224 510 3308 αὐτός
528 3222 568 3296 θ’
584 3220 723 3316 ὁσιοτῆρ
740 3228 797 3296 καλ
810 3225 923 3314 κύριος
937 3225 1043 3316 ῆμῶν,
1056 3232 1140 3298 οἵτε
1158 3263 1161 3272 ·

174 3327 294 3398 τούτου
311 3332 460 3418 μαθηταί
477 3330 534 3399 καί
551 3324 728 3399 ἀπόστολοι
747 3331 783 3397 ἐκ
796 3332 854 3416 τῆς
872 3324 983 3400 αὐτῶν
998 3334 1139 3418 δγδαχῆς

176 3424 442 3518 ἀναπεφήνασιν.
476 3436 524 3500 13.
541 3436 572 3500 εἰ
590 3433 630 3500 δέ
643 3458 733 3512 τινες
750 3432 806 3500 καί
825 3434 949 3520 φαῦλοι
961 3433 1138 3522 προῆλθον
