2326 3818
316 155 500 207 DEMONST.
518 139 651 207 EVA'NG.
669 156 716 210 v1.
736 158 777 205 ιο.
965 153 1030 218 405

59 297 136 379 τούς
153 325 189 366 τε
207 295 309 366 πύλαι
328 299 365 364 ἐν
383 293 495 374 αὐτοῖς
514 294 619 364 πολλὰ
634 296 844 382 δυναμένους
859 299 1028 384 ἐγγαστρι-

61 398 211 489 μύθους,
236 394 338 468 ούδέν
362 426 394 466 τι
418 400 520 466 πλέον
546 400 578 478 ἐξ
603 392 715 464 αὐτῶν
743 402 863 483 έχουσι.
907 402 955 465 19.
978 396 1059 466 διόι

61 524 166 590 φησιν
184 495 202 568 ὁ
221 497 316 586 λόγος
331 494 408 567 ’καὶ
430 496 676 586 ἐπερωτησουσι
694 495 771 577 τοὺς
795 497 897 576 θεοὺς
918 493 1030 567 αὐτῶν

61 605 116 671 καλ
135 600 174 670 πολ
192 597 364 689 ῦγύλματα
382 594 495 669 αῦτῶν
524 601 579 667 καλ
602 596 682 679 τοῦς
706 596 1028 686 ἐγγαστριμύθους.”

35 700 134 773 τᾶλλ’
155 701 313 791 οὐδεμιᾶς
331 699 412 789 γὰρ,
432 702 533 789 φησὶ,
553 698 724 782 τεύξονται
742 707 902 787 βοηθείας
926 705 960 767 οί
978 703 1031 768 ἐπὶ

60 804 137 885 τοῦς
168 808 429 892 πεπλανημένως
461 806 643 882 δοκοῦντας
670 798 782 869 αὐτων
814 801 899 870 εἶναι
928 801 1031 880 θεοὺς

61 904 347 994 καταφεύγοντες,
365 904 438 974 τότε
456 902 596 992 μάλιστα
615 899 737 982 αύτούς
755 908 814 972 τοῦ
831 906 918 973 θεοῦ
935 910 1030 992 κυρί-

61 1038 110 1084 οις
134 1016 290 1095 σκληροῖς
314 1009 369 1074 καὶ
394 1011 568 1093 βασιλεῦσι
592 1001 853 1093 παραδιδόντος,
885 1003 940 1074 ὅτε
963 1019 1031 1085 τοῖς

63 1116 218 1196 δαίμοσιν
235 1106 349 1176 αὑτων
367 1105 564 1195 πειθόμενοι
588 1108 643 1174 καλ
663 1100 720 1173 ὑπ’
743 1103 855 1176 αὐτων
875 1105 1031 1195 ἐνεργού-

24 1241 48 1278 ιο
63 1239 156 1300 μενοι
185 1206 261 1288 τοῦς
286 1206 368 1277 κατίι
391 1212 448 1296 τῆς
475 1212 649 1294 ἐκκλησίας
672 1211 732 1276 τοῦ
756 1210 842 1277 θεοῦ
866 1207 1032 1296 διωγμοὺς

64 1315 302 1397 έπεγείρουσιν.
334 1314 385 1377 20,
405 1317 490 1378 ένθα
504 1338 559 1396 μοι
573 1306 631 1378 τόν
644 1313 729 1377 νοῦν
744 1306 943 1396 ἐπιστήσεις,
956 1318 1032 1377 τίνα

63 1409 186 1497 τρόπον
204 1413 298 1498 μέχρι
316 1410 378 1498 μὲν
396 1413 453 1496 της
470 1418 530 1479 τοῦ
549 1415 695 1497 σωτῆρος
713 1407 808 1497 ἡμῶν
822 1406 931 1497 Ἰησοῦ
950 1420 1032 1498 Χρι-

64 1515 143 1580 στοῦ
169 1516 364 1598 ἐπιφανείας
388 1519 522 1590 οίκείοις
546 1517 744 1598 βασιλεῦσιν
763 1516 857 1592 ίδίως
875 1513 930 1580 καὶ
949 1509 1029 1580 καθ’
1051 1551 1062 1577 ε

66 1610 189 1699 ἑαυτὴν
207 1616 297 1681 πᾶσα
317 1624 482 1698 Αίγυπτος
500 1615 655 1701 κέχρητο,
675 1615 712 1680 ἐν
726 1609 910 1704 αὐτονομίᾳ
924 1641 959 1682 τε
977 1615 1033 1680 καὶ

25 1745 49 1782 15
65 1719 101 1784 ἐν
120 1718 297 1805 ἐλευθερία
316 1720 433 1802 διῆγον
450 1719 485 1783 οί
501 1711 700 1802 Αίγύπτιον,
720 1719 902 1783 δυναστεία
917 1715 953 1783 δέ
972 1711 1034 1784 αύ-
1077 1776 1087 1782 ,.

62 1822 130 1885 τῶν
149 1819 181 1898 ἐξ
200 1822 320 1896 αίῶνος
339 1814 448 1905 μακροί
465 1844 514 1896 τις
532 1817 589 1884 καὶ
606 1815 711 1902 πολλὴ
725 1813 882 1903 βεβόητο,
903 1819 935 1898 ἐξ
952 1819 1033 1884 ἐκεί-

63 1946 125 1987 νου
143 1946 178 1987 τε
196 1915 331 2002 πρώτου
344 1916 514 2005 Ῥωμαίων
533 1913 750 2005 Αύγούστου,
775 1915 854 1986 καθ’
881 1913 921 1987 δν
938 1912 956 1985 ὁ
976 1916 1032 1985 κύ-

64 2048 134 2106 ριος
157 2015 252 2106 ἡμων
275 2022 475 2107 γεγέννητο,
503 2020 751 2108 χειρωσαμένου
768 2017 830 2106 τὴν
848 2030 1034 2106 Αίγυπτον,

63 2117 206 2205 ὑστάτης
228 2146 264 2187 τε
294 2126 363 2189 τῶν
386 2128 607 2208 Πτολεμαίων
635 2117 850 2208 Κλεοπάτρας
876 2116 1033 2207 ἁλούσης,

26 2214 130 2289 ιοῦπό
153 2217 215 2307 τὴν
233 2215 402 2308 Ῥωμαίων
428 2219 606 2307 γεγόνασιν
630 2223 785 2302 ἐξουσίαν
807 2216 874 2290 ῦπό
897 2220 1034 2300 τεποῦς

65 2316 178 2390 αύτῦν
201 2318 323 2408 νόμους
347 2322 403 2388 καὶ
429 2319 649 2410 ἐπιτάγματα,
672 2328 730 2408 της
755 2325 915 2411 προτέρας
934 2320 1034 2390 αύτο-

64 2428 182 2509 νομίας
200 2423 255 2489 καὶ
275 2425 470 2511 ἐλευθερίας
488 2419 712 2512 ἀφῃρημένοι·
737 2416 781 2502 ῦς
799 2424 906 2490 καὶέν
925 2420 1062 2513 τούτωι

64 2521 100 2592 τό
119 2521 326 2612 προφητικὸν
345 2522 567 2610 ἐπαληθεύειν
585 2521 716 2611 λόγιον,
735 2525 811 2611 περὶ
826 2523 887 2611 μέν
901 2527 967 2591 τῶν
988 2530 1034 2603 είς

64 2622 140 2706 τοῦς
164 2623 286 2706 τόπους
310 2627 569 2713 ἐκπεμπομένων
592 2622 780 2712 ἐπιτρόπων
804 2653 838 2694 τε
863 2627 917 2693 καὶ
935 2622 1033 2715 ἡγου-

28 2752 52 2790 νι
65 2729 176 2814 μένων
200 2730 255 2796 καὶ
280 2730 356 2814 περὶ
382 2732 450 2797 τῶν
467 2731 594 2797 λοιπῶν
613 2731 650 2796 ἐν
666 2727 760 2816 μέρει
779 2721 950 2815 ίιρχόντων
968 2724 1035 2813 φολ-

58 2844 148 2894 ’σκον
161 2823 240 2896 “καὶ
258 2827 448 2916 παραδώσω
465 2839 639 2916 Αίγυπτον
654 2835 699 2908 είς
715 2843 827 2917 χεῖρας
840 2825 1035 2917 ἀνθρώπων

67 2932 195 3016 κυρίων
219 2926 406 3015 σκληρῶν,”
435 2931 511 3016 περὶ
536 2930 572 2998 δέ
595 2933 663 2998 των
679 2927 741 3017 τὴν
765 2926 845 2999 καθ’
865 2927 945 2998 ὅλου
965 2935 1034 2998 διε-

67 3025 199 3097 πόντων
223 3024 329 3120 ἀρχὴν
351 3027 389 3098 τὸ
414 3032 495 3117 ἑξῆς.
530 3035 581 3100 21.
601 3026 683 3100 ἀνθ’
703 3020 744 3098 οῦ
761 3024 932 3109 δἈκύλας
951 3032 1034 3116 φησὶ

62 3123 140 3197 “nal
159 3128 316 3217 βασιλεῦς
330 3133 613 3220 κεκραταιωμένος
629 3129 812 3213 ἐξουσιύσει
832 3135 868 3200 ἐν
882 3125 1032 3209 αύτοίς·”

28 3225 84 3299 εοὸ
104 3231 141 3300 δέ
159 3228 340 3321 Σύμμαχος
352 3229 432 3301 “nal
451 3232 606 3319 βασιλεύς
626 3231 759 3322 ἰσχυρὸς
775 3229 957 3314 έξουσιάσει
977 3227 1033 3300 αύ-

66 3328 169 3402 ττῦν.”
215 3329 301 3403 ούτω
335 3331 376 3423 δὴ
397 3332 460 3421 τὴν
478 3332 647 3423 Ῥωμαίων
678 3329 820 3421 ἡγοῦμαι
851 3340 1034 3421 κεκλῆσθαι

68 3439 257 3522 βασιλείαν,
276 3430 337 3524 ὑφ’
358 3425 396 3524 ἧς
415 3430 527 3522 ὥσπερ
545 3440 669 3529 χαλινῷ
684 3436 742 3504 καὶ
762 3439 878 3527 δεσμῷ
895 3440 1049 3511 πεπεδη-
