2326 3818
351 107 536 183 οειιοαευ.
553 109 686 162 ιιιεαο.
708 109 764 162 111.
785 113 808 163 ι.
1000 107 1063 170 259
1088 94 1092 105 ”

93 279 167 322 τειν
187 253 340 320 ἐνεδίδου
358 247 394 317 τῦ
413 245 638 336 καταθῦμιον,
663 243 746 337 ὁμου
734 250 886 336 ’ίμεν
855 275 869 316 ε
886 252 1064 374 ςίνδειξιν

95 380 163 420 555
180 355 237 438 τῆς
256 346 391 437 εῦσεβεί
390 377 427 429 ας
446 344 621 468 άθλητιῦυ,
644 346 728 470 ὁμορ
714 351 785 418 55
803 351 908 418 5555
878 378 892 418 ε
896 357 924 428 ς
942 351 978 418 τό
996 366 1064 431 τοῖς

98 459 178 522 πᾶσι
202 451 351 539 φανερὸν
375 452 576 570 καταστῆναι
601 445 651 518 ὅτι
677 448 721 538 μη
747 453 778 532 ἐξ
803 448 1038 537 55555555’
1023 480 1064 538 55

97 558 238 641 βουλῆς,
257 547 335 621 ἀλλ’
351 557 388 621 εἰι
405 556 462 637 τῆς
479 555 539 619 τοῦ
557 555 641 620 θεοῦ
661 546 868 639 δυνάμεωςὴ
887 557 945 619 τοῦ
965 550 1065 638 λόγου

68 652 263 734 εσῦστασις.
300 659 351 724 37.
372 650 492 722 αὐτίκα
509 658 558 733 τίς
576 646 639 721 οῦκ
657 645 700 721 55
717 650 904 741 θαυμάσειε
921 641 961 720 τά
979 673 1065 740 συμ-
1153 646 1156 651 ’

96 763 228 844 βαίνειν
246 752 329 824 κατά
345 751 422 833 τοῦς
440 751 595 823 τοιούσδε
613 753 750 843 καιροὺς
769 751 929 837 είοιθότα;
954 758 989 820 οί
1004 753 1065 842 μὲν

97 855 159 946 γάρ
188 861 246 944 τῆς
278 852 450 944 εὐσεβείας
474 852 619 942 άθληταλ
646 852 681 924 55
705 858 786 941 πρὶν
810 853 1003 943 ἀνθρώποις
1027 883 1065 942 γε

95 961 164 1039 τοῖς
178 962 258 1027 5555
268 955 420 1045 διάδηλοι
433 960 489 1025 555
505 962 699 1044 διαπρεπεῖς
719 961 879 1045 ἐγίνοντο,
897 960 965 1025 555
977 956 1065 1044 παρὰ

95 1065 141 1152 τῷ
160 1064 231 1150 θεῷ
251 1060 486 1147 κατηξιωμένοι
504 1064 689 1145 βραβείων·
718 1063 753 1127 οί
769 1059 806 1126 55
823 1065 881 1144 της
894 1053 1065 1143 εὐσεβείας

58 1188 85 1227 ιο·
97 1164 247 1247 πολέμιοι
265 1158 322 1240 τάς
340 1155 573 1248 προσηκούσας
592 1161 736 1240 ἐξέτινον
760 1164 870 1245 δίκας,
889 1158 1064 1246 θεηλάτοις

96 1259 247 1348 μάστιξιν
270 1258 501 1347 οίστροῦμενοι
525 1261 580 1326 καὶ
605 1266 673 1327 555
696 1257 733 1328 τὸ
752 1266 849 1348 στῦμα
869 1266 991 1340 δεινοῖς
1010 1263 1065 1328 καὶ

96 1358 246 1449 άνιαροίς
270 1359 395 1429 πάθεσι
421 1357 716 1447 διαφθειρόμενοι,
742 1357 826 1428 ῦστε
851 1357 916 1447 555
941 1363 996 1428 555
1017 1367 1063 1441 είς
1078 1390 1132 1438 αα)

97 1459 277 1550 ὁμολογίαν
293 1465 351 1548 τῆς
365 1459 448 1529 κατά
462 1463 609 1549 Χριστοῦ
628 1466 826 1547 δυσσεβείας
844 1457 939 1548 5555
958 1487 1065 1548 τιεριε-

97 1569 251 1650 λαθήναι.
278 1567 328 1632 38.
349 1566 384 1631 οί
400 1564 439 1630 δέ
448 1589 486 1649 γε
500 1563 609 1631 λοιποὶ
619 1560 739 1641 πάντες
753 1567 811 1649 τῆς
826 1563 947 1631 ἐνθέου
961 1563 1066 1648 ιιροσ-

59 1691 84 1731 15
97 1671 233 1754 ηγορίας
256 1659 432 1789 ἠξιωμένοι
455 1665 511 1732 555
531 1660 572 1730 τά
592 1666 738 1752 Χριστοῦ
756 1680 898 1752 φρονεῖν
922 1661 1066 1751 αὐχοῦν-

96 1793 166 1853 τες,
193 1761 246 1834 ἐντ’
265 1762 380 1853 ὀλίγον
397 1765 663 1853 γεγυμνασμένοι
680 1781 749 1844 τοις
772 1772 1008 1886 μειρατηρίοις,
1029 1764 1065 1833 τὸ

62 1869 135 1940 55
152 1865 293 1955 γνήσιον
317 1869 429 1936 5555
398 1867 574 1954 εἰλικρινὲς
592 1872 651 1934 τοῦ
670 1863 881 1955 φρονήματος
901 1864 1066 1947 ἐπιδειξά-

96 1996 210 2056 μενοι,
235 1967 297 2055 555
321 1975 449 2038 οίιιείαν
473 1957 574 2047 αῦθις
582 1964 831 2091 άπελάμβρινον
857 1971 1065 2054 ἐλευθερίαν,

99 2075 145 2147 εἰς
168 2067 311 2156 μεῖζον
297 2071 456 2156 οσημέραι
482 2066 528 2136 δι’
551 2066 662 2136 αῦτιῦν
682 2067 906 2156 ἐκλάμποντος
924 2072 984 2138 τοῦ
1003 2091 1065 2138 σοι·

59 2196 84 2243 20
98 2175 215 2256 τηρίου
238 2167 356 2259 λόγου,
381 2171 436 2238 555
462 2171 497 2238 ἐν
522 2164 633 2248 αῦτοϊς
659 2197 697 2256 γε
715 2173 826 2256 μέσοις
844 2185 912 2249 τοῖς
933 2174 1066 2259 ἐχθροῖς

97 2273 399 2359 κατακρατοῦντος,
425 2274 474 2337 39.
494 2267 539 2357 μη
557 2266 661 2357 μόνον
679 2296 714 2337 τε
732 2275 800 2339 τῶν
817 2269 948 2357 ὁρατῶν
967 2280 1066 2339 τιολε-
1119 2283 1128 2306 ’

97 2378 184 2458 μίαν
202 2371 558 2458 κατεξανισταμένονς,
585 2368 669 2437 ἀλλά
688 2373 830 2439 καὶτῶν
849 2368 1017 2456 ἀοράτων,
1038 2383 1070 2439 εί
1082 2401 1094 2439 ι

97 2499 185 2553 τινες
203 2469 267 2560 555
286 2470 354 2540 είεν
371 2467 457 2559 άμφὶ
475 2469 533 2539 τὸν
547 2471 628 2560 »περὶ
645 2474 710 2557 γῆν
723 2465 806 2558 555
819 2469 951 2558 ζοφώδη
966 2497 1065 2556 5055·

98 2575 150 2663 ροὶ
176 2580 355 2697 δαίμονες
358 2576 414 2642 καὶ
437 2570 594 2661 άρχοντες
617 2568 762 2659 τούτων,
788 2569 846 2652 οῦς
871 2573 925 2640 555
946 2569 1067 2652 αὐτοῦς

59 2702 84 2740 25
73 2680 133 2744 55
147 2673 280 2763 γνήσιοι
297 2679 357 2797 τρῦ
376 2681 521 2799 Χριστοῦ
534 2675 681 2792 μαθηταί
697 2670 779 2740 διΗ
763 2703 843 2795 αγνε
846 2681 897 2796 ίμς
911 2681 993 2792 βίον
1012 2677 1066 2742 555

98 2780 165 2844 555
190 2776 272 2865 πρὸς
296 2773 354 2846 555
376 2773 460 2845 θεὸν
485 2775 594 2875 55555
620 2773 676 2844 διά
694 2802 729 2843 τε
747 2782 804 2862 της
822 2772 926 2844 αῦτοῦ
946 2777 1066 2844 ε’νθεου

98 2884 321 2966 προσηγορίας
340 2868 589 2964 ἐξελαύνοντες,
609 2884 757 2964 σημείων
774 2881 841 2945 555
860 2875 961 2946 πάλαι
981 2882 1066 2945 ίστο-

98 2971 316 3099 50555555
297 2974 356 3046 55'
387 2973 491 3045 αῦτοῦ
513 2979 687 3064 γεγονέναι
711 2976 926 3100 παραδόξων,
951 2981 1006 3046 555
1032 2981 1068 3046 ἐν

98 3076 205 3171 τοῦτςο
224 3095 291 3159 τοῖς
310 3084 459 3167 συνορᾶν
477 3077 734 3165 δυναμένοις
700 3105 740 3146 τα
758 3077 918 3168 τεκμήρια
936 3083 993 3164 της
1014 3081 1067 3145 έν-

60 3206 85 3246 50
100 3183 183 3250 θέου
201 3178 320 3268 ἀρετῆς
339 3175 443 3248 αῦτοῦ
462 3178 719 3259 διαδειιινῦντες.

176 3287 226 3351 40.
250 3277 346 3351 Ἀλλά
365 3277 428 3370 γάρ
453 3283 560 3349 τοῖνδε
587 3279 669 3349 ιιατά
693 3279 810 3369 καιρὸν
834 3306 1068 3370 προγεγυμνα-

101 3384 233 3471 σμίνωυ
250 3380 364 3473 καιρὸς
382 3380 447 3471 555
466 3391 562 3452 ιιαλεϊ
576 3385 634 3470 τῆς
651 3384 900 3473 μυστικωτὲρας
913 3383 998 3470 περὶ
1018 3378 1086 3445 55-

151 3513 289 3549 ευειεειυε
310 3513 356 3551 111.
895 3492 946 3552 Ἀ
