2326 3818
128 117 189 182 ως
530 115 680 168 mmm

126 257 363 345 λογησαμένοις
381 257 437 325 καὶ
455 251 495 325 τό
515 258 606 345 δῶρα
623 254 663 327 τόι
681 251 768 346 ὑπὲρ
792 251 963 347 ἁμαρτιῶν
987 283 1097 348 προσ-

126 355 245 445 άγουσι
262 360 309 451 τῷ
325 360 405 450 θεῷ.
448 355 563 447 μόνοιν
587 357 651 448 γόιρ
676 355 805 430 τούτων
821 357 843 447 ῆ
860 358 950 448 ψυχή
974 354 1095 442 όυεται

126 461 256 550 σπέρμα
274 457 457 550 μακρόβιον
474 459 510 529 τό
528 464 589 529 τοῦ
606 463 764 550 Χριστοῦ,
783 457 858 548 ῆτοι,
873 459 935 550 τῆν
952 459 1095 533 αίοόνιον

125 559 211 650 ζωήν
225 557 339 650 αὐτοῦ,
357 553 420 651 τήν
437 561 519 650 μετὰ
536 557 595 631 τόν
612 559 774 648 θάνατον,
793 555 815 650 ῆ
832 561 892 633 τόν
909 558 992 632 καθ’
1013 559 1095 653 όλης

123 668 180 753 τῆς
199 667 395 753 οἰκουμένης
415 662 639 752 ἐπισπαρέντα
655 659 760 732 αὐτοῦ
784 661 886 751 λόγον
907 662 1094 754 μακρόβιον
1119 692 1132 734 ε

101 800 107 813 ’
125 763 284 854 ἐσόμενον
301 769 357 834 καλ
376 772 424 844 είς
441 764 477 832 τὸ
496 761 548 833 ἀεὶ
564 766 790 853 διαρκέσοντα.
816 770 866 834 63.
882 762 984 836 πάλιν
1002 763 1095 837 ιἰνοό-

123 895 221 954 τερον
262 865 366 936 είπών
393 859 477 933 “nal
500 859 595 953 ῆμεῖς
619 864 842 954 ἐλογισάμεθα
866 863 969 937 αὐτόν
1005 867 1093 940 εἶναι

125 971 161 1037 ἐν
179 965 284 1060 πόνῳ,
301 968 366 1036 νῦν
383 962 465 1056 μετὰ
482 965 544 1053 τῆν
561 964 695 1056 σφαγήν
712 969 767 1037 καὶ
785 966 844 1038 τόν
861 966 1011 1040 θάνατον
1029 968 1095 1039 αὐ-

124 1071 195 1155 τοῦ,
222 1070 327 1158 φησὶν
352 1063 432 1138 “nal
456 1066 612 1154 βοόλεται
634 1067 748 1158 κύριος
772 1066 912 1157 ἀφελεῖν
937 1066 1002 1140 οἷπό
1032 1076 1094 1143 τοῦ

123 1167 230 1240 πόνου
243 1175 301 1258 τῆς
315 1176 423 1261 ψυχῆς
436 1167 542 1240 αὐτοῦ
561 1172 666 1253 δεῖξαι
690 1167 781 1264 αὐτῷ
800 1169 900 1259 φώς.”
937 1175 1008 1243 ἐπεὶ
1025 1181 1093 1245 τοί·
1106 1201 1130 1241 ιο

124 1300 189 1341 νυν
206 1270 428 1360 βεβούλευται
445 1269 558 1361 κόριος
576 1268 592 1341 ό
611 1277 680 1343 τῶν
703 1268 791 1343 όλων
810 1272 889 1355 θεός
907 1282 1093 1366 καθαρίσαι

124 1369 225 1444 αὐτόν
242 1379 301 1464 τῆς
318 1379 447 1464 πληγῆς
459 1375 516 1444 καὶ
536 1376 642 1456 δεῖξαι
657 1371 748 1467 αὐτῷ
765 1377 855 1463 φώς,
874 1373 1007 1458 πάντας
1024 1403 1092 1448 που

60 1501 115 1552 μου)
123 1479 304 1565 βουληθεὶς
327 1476 484 1567 πράξειεν
506 1469 549 1546 όιν
570 1471 590 1545 ό
608 1473 788 1565 ἐβουλήθη.
836 1482 887 1547 64.
906 1476 1009 1548 οὐδὲν
1027 1477 1092 1570 γάρ

125 1575 246 1648 ἐστινὸ
263 1576 307 1667 μή
325 1585 453 1665 γίνεται
471 1568 520 1647 ιόν
537 1575 709 1664 βούλεται·
737 1576 907 1668 ἐβουλήθη
927 1580 963 1650 δὲ
982 1592 1093 1650 καθα-

123 1686 215 1768 ρίσαι
245 1675 348 1750 αὐτὸν
374 1681 429 1749 καὶ
462 1682 566 1761 δεῖξαι
590 1675 682 1772 αὐτῷ
704 1683 785 1767 φῶς.
841 1681 996 1770 ἐποίησεν
1026 1679 1092 1772 ἄρα
1106 1706 1130 1749 ιε

123 1784 237 1868 ταῦτα,
256 1783 311 1850 καὶ
329 1787 516 1871 καθαρίσας
535 1775 638 1849 αὐτόν
655 1785 782 1862 ἔδειξεν
805 1778 898 1875 αὐτῷ
914 1790 995 1871 φῶς.
1034 1787 1090 1854 καὶ

124 1884 195 1952 ἐπεὶ
214 1880 395 1972 ἐβουλήθη,
415 1882 471 1952 καὶ
489 1883 672 1970 βουληθείς
696 1877 814 1970 ἀφεῖλε
833 1881 892 1953 τὸν
910 1882 1016 1956 πόνον
1032 1890 1091 1974 τῆς

123 1988 230 2071 ψυχῆς
249 1981 366 2072 αὐτοῦ,
384 1986 440 2052 καὶ
460 1985 587 2065 ἔδειξεν
604 1980 694 2076 αὐτῷ
713 1989 802 2072 φῶς,
823 1983 956 2067 είκότως
973 1980 991 2055 ό
1010 2012 1090 2077 προ-

123 2082 230 2173 φήτης
255 2083 474 2154 ἐπισυνάπτει
499 2086 607 2173 λέγων
628 2079 708 2155 “M
730 2090 828 2156 τοῦτο
851 2082 949 2167 αὐτός
968 2097 1092 2179 κληρο-

123 2183 261 2274 νομήσει
278 2186 422 2269 πολλοός
440 2188 581 2257 καὶτῶν
599 2189 747 2277 ἰσχυρῶν
764 2204 872 2275 μεριεῖ
889 2186 1030 2260 σκῦλα.”
1103 2216 1128 2257 ιο

95 2311 109 2350 b
199 2292 249 2357 65.
271 2285 377 2359 ’Ένθα
395 2285 512 2360 λοιπόν
534 2285 602 2377 ήδη
619 2291 676 2359 καὶ
697 2295 755 2379 τῆς
781 2298 1002 2380 κληρονομίας
1028 2295 1091 2362 τοι]

123 2393 271 2478 Χριστου
286 2392 448 2481 μέμνηται
464 2395 511 2484 τῷ
530 2393 676 2485 δευτέρῳ
690 2389 880 2479 συμφώνως
894 2399 1025 2486 ψαλμῷ,
1047 2389 1089 2463 δι’

122 2482 165 2561 οὗ
180 2496 258 2582 περὶ
272 2497 329 2582 τῆς
344 2496 525 2582 ἐπιβουλῆς
542 2496 600 2581 τῆς
619 2490 691 2562 κατ’
713 2490 817 2563 αὐτοῦ
841 2502 1090 2565 συσκευασθεί-

122 2616 183 2682 σης
200 2591 359 2682 ὀνομαστὶ
377 2601 543 2674 θεσπίσας
560 2591 578 2662 ὁ
597 2591 695 2681 λόγος
723 2597 759 2663 ἐν
782 2597 830 2688 τῷ
847 2588 867 2618 “
875 2598 1090 2687 παρέστησαν

121 2700 157 2763 οί
178 2700 327 2781 βασιλεῖς
357 2699 415 2783 τῆς
444 2698 516 2784 γῆς,
543 2695 599 2763 καὶ
626 2699 660 2766 οί
680 2693 836 2786 ἄρχοντες
868 2696 1089 2788 συνήχθησαν
1102 2726 1128 2768 α

38 2840 44 2850 ,
123 2797 177 2864 ἐπὶ
194 2792 230 2865 τὸ
249 2794 331 2865 αὐτό
358 2795 440 2866 κατὰ
457 2803 518 2866 τοῦ
544 2804 665 2885 κνρίον
684 2800 741 2867 καλ
767 2796 850 2868 κατὰ
862 2806 922 2869 τοῦ
941 2807 1088 2890 Χριστοῦ

121 2892 253 2986 αὐτοῦ,”
281 2901 356 2985 ἑξῆς
374 2900 516 2988 ἐπιλέγει
531 2893 549 2920 “
558 2896 671 2990 κύριος
686 2898 759 2970 εἶπε
771 2898 853 2990 πρός
869 2929 922 2990 με,
936 2900 1010 2984 υίός
1022 2931 1088 2992 μον

122 2996 154 3066 εἷ
168 3003 223 3086 σύ,
243 2998 306 3088 ἐγὼ
320 2996 465 3090 σήμερον
481 2999 666 3091 γεγέννηκά
679 3021 727 3072 σε.
752 3012 886 3091 αίτησαι
902 3001 977 3093 παρ’
994 3007 1088 3094 ἐμοῦ,

121 3101 177 3169 καὶ
202 3099 300 3171 θοίσω
318 3123 371 3172 σοι
390 3109 474 3191 ἔθνη
497 3095 560 3192 τήν
583 3111 810 3192 κληρονομίαν
833 3125 914 3194 σου,
946 3108 1000 3176 καὶ
1024 3103 1089 3195 τήν

121 3201 321 3292 κατοίσχεσίν
338 3227 401 3275 σου
426 3203 467 3274 τὰ
479 3205 605 3296 πέρατα
622 3209 681 3295 τῆς
698 3201 787 3294 γῆς.”
878 3285 881 3291 ff
1100 3234 1127 3277 οο

121 3350 325 3364 ξ-

190 3435 396 3500 οὴαπ
499 3439 673 3503 νηηρ
