2326 3818
60 92 254 178 ρενομένων
266 91 419 180 περιέσχε
431 116 484 177 με,
504 85 637 175 ὤρυξαν
650 87 762 179 χεῖράς
775 118 841 178 μου
853 91 908 161 καὶ
922 88 1026 171 πόδας

60 185 163 280 μου·”
190 192 247 258 καὶ
264 197 312 259 ἐτι
328 187 369 259 τά
386 186 472 279 ἀμφὶ
496 191 544 282 τῷ
561 186 664 259 πάθει
687 190 922 279 συμβεβηκότα
939 189 1029 285 αὐτῷ

60 288 210 381 σημήνας
228 290 284 360 διά
307 297 367 361 τοῦ
380 287 636 379 “διεμερίσαντο
660 287 699 360 τὰ
724 290 835 380 ίμάτιά
858 320 924 380 μου
949 296 1030 363 ἑαν-

59 410 146 479 τοίς,
165 395 220 462 καὶ
240 395 295 461 ἐπὶ
312 391 370 462 τὸν
389 389 566 481 ἱματισμόν
582 421 648 481 μου
667 398 788 479 ἐβαλον
801 390 958 482 κληρον.”
977 400 1027 463 24.

34 500 162 564 εταῦτα
181 496 236 564 καὶ
254 492 294 563 τά
311 491 440 575 τούτοις
457 491 673 582 παραπλήσια
700 492 871 583 προειπών
893 490 956 564 οῦκ
975 497 1028 562 ἐπὶ

59 594 190 676 τούτοις
209 602 303 684 ἔστη,
327 592 399 666 ἀλλ’
422 599 566 683 ἐπιλέγει
579 589 636 665 “ol
657 593 863 685 φοβούμενοι
885 593 944 665 τόν
967 593 1028 664 κύ-
1043 625 1097 676 μοι)

60 725 153 786 ριον,
184 699 339 768 αίνέσατε
362 694 485 786 αὐτὸν,
515 693 566 768 ὅτι
593 694 656 768 οῦκ
680 699 921 785 ἐξοοδένωσεν,
948 695 1029 767 οῦδέ

60 796 275 890 προσύχθισε
297 802 341 890 τῇ
358 796 470 887 δεήσει
483 791 550 869 Ιτοῦ
567 803 718 889 πτωχοῦ,
741 798 821 870 οὐδὲ
844 797 1030 887 ἀπέστρεψε

59 900 97 971 τὸ
114 898 295 991 πρόσωπον
313 895 419 970 αὑτοῦ
434 897 491 968 ἀπ’
514 902 613 988 ἐμοῦ,
640 903 696 969 καὶ
716 904 753 969 ἐν
769 905 818 994 τῷ
834 903 1030 990 κεκραγέναι

22 1033 47 1072 ιο
60 1029 102 1090 με
120 999 203 1090 πρὸς
221 1000 324 1072 αὐτὸν
342 999 510 1088 ἐπήκουσέ
524 995 623 1089 μου.”
655 1005 706 1070 25.
725 1005 796 1083 πῶς
811 1000 842 1072 δ’
859 997 904 1073 ἀν
917 1010 1030 1090 ἐλεγεν

62 1107 298 1191 είσηκοῦσθαι,
318 1109 349 1170 εί
363 1100 409 1191 μή
423 1099 555 1182 πάντως
569 1101 740 1191 τετυχήκει
760 1107 829 1174 των
848 1103 957 1193 εῦχοῐν
974 1107 1030 1173 καὶ

62 1194 111 1274 ὧν
128 1208 166 1274 ἐν
183 1221 253 1285 τοῖς
270 1203 425 1292 πρόσθεν
443 1206 613 1291 ἐδεδίητο,
632 1199 687 1274 ὅτε
701 1211 793 1292 ἐλεγε
806 1202 842 1273 τὸ
856 1200 927 1285 “ele
945 1210 1030 1293 χοῦν

59 1303 212 1376 θανάτου
242 1303 427 1393 κατήναρές
450 1331 501 1394 με.
551 1307 652 1395 ῥῦσαι
683 1301 748 1374 ἀπὸ
779 1310 945 1394 ῥομφαίας
968 1303 1030 1393 τήν

60 1406 173 1496 ψυχήν
190 1434 273 1497 μου,
291 1408 348 1475 καί
367 1409 403 1476 ἐκ
421 1405 530 1495 χειρὸς
548 1403 649 1486 κυνὸς
667 1403 729 1495 τήν
740 1412 906 1496 μονογενῆ
922 1405 1027 1496 μου;”

24 1513 111 1579 1⁵26.
130 1514 236 1578 ταῦτα
254 1505 318 1597 γάρ
337 1504 516 1596 εῦξάμενος
540 1509 596 1577 καί
615 1510 751 1595 δεηθεὶς
770 1513 806 1578 ἐκ
822 1508 952 1578 τούτων
970 1513 1031 1599 ῥυ-

61 1612 192 1698 σθήναί
212 1637 248 1680 τε
272 1611 327 1678 καὶ
352 1613 524 1698 σωθῆναι,
548 1607 660 1698 ταχύν
678 1599 727 1680 ὦν
748 1606 869 1699 ηύξατο
889 1613 1059 1699 ἐπιλέγειι

56 1705 142 1783 “m'm
167 1713 393 1796 ἐξοοδένωσεν
414 1707 495 1782 οῦδέ
525 1707 740 1803 προσύχθισε
769 1715 810 1802 τῇ
837 1710 948 1799 δεήσει
970 1717 1031 1781 τοῦ

61 1817 212 1902 πτωχοῦ,
244 1808 325 1884 οῦδέ
351 1811 540 1903 ἀπέστρεψε
567 1811 604 1883 τὸ
633 1812 813 1903 πρόσωπον
842 1808 947 1884 αύτοῦ
970 1811 1027 1882 ἀπ’

62 1917 163 2001 ἐμοῦ,
180 1915 237 1982 καὶ
256 1919 294 1982 ἐν
311 1917 358 2006 τῷ
375 1919 573 2003 κεκραγέναι
591 1943 632 2003 με
650 1914 732 2004 πρὸς
751 1913 855 1986 αῦτόν
869 1914 1035 2004 ἐπήκουσέ

22 2043 48 2084 ιο
60 2009 162 2102 μον,”
198 2018 315 2102 σαφῶς
345 2012 407 2101 τήν
430 2012 511 2103 μετά
537 2012 689 2085 θάνατον
711 2014 899 2102 ἀναβίωσιν
928 2016 1032 2086 αὑτοῦ

62 2121 192 2203 δηλοῦν,
215 2109 286 2204 ήτις
310 2117 449 2202 γέγονεν
472 2112 556 2184 κατά
581 2111 643 2202 τήν
666 2115 816 2204 ἑωθινήν
839 2113 1030 2204 ἀντίληψιν,

61 2210 106 2306 ἣν
124 2219 198 2305 ἑξής
216 2212 379 2307 προίύνὸ
402 2214 539 2303 Ψαλμὸς
556 2218 766 2305 παρέστησεν
790 2214 896 2288 είπῦν
909 2212 974 2286 “σῦ
994 2221 1032 2285 δὲ

62 2317 157 2408 κύριε
174 2317 220 2407 μή
237 2314 411 2409 μακρύνης
426 2315 489 2406 τήν
506 2314 671 2406 βοήθειάν
687 2346 770 2407 μου,
796 2324 844 2398 είς
861 2316 924 2405 τήν
941 2314 1030 2388 ἀντί-

62 2427 167 2508 ληψίν
183 2448 249 2509 μον
266 2414 461 2509 πρόσσχες.”
494 2427 596 2489 ποίαν
614 2417 656 2507 δή
666 2414 845 2507 ἀντίληψιν
861 2417 933 2488 ἀλλ’
950 2413 972 2507 ή
989 2414 1032 2506 ήν

24 2552 49 2593 τι
63 2523 120 2591 καὶ
138 2517 159 2611 ή
177 2519 356 2611 προγραφή
373 2527 434 2592 τοῦ
456 2524 601 2611 Ψαλμοῦ
617 2518 785 2613 ήνίττετος

138 2627 190 2693 27.
207 2620 305 2692 Ἀλλά
328 2627 434 2692 ταῦτα
456 2624 519 2712 μὲν
541 2621 622 2712 ήμϊν
646 2621 794 2712 εἰρήσθω
819 2630 865 2705 είς
887 2622 949 2712 τήν
971 2626 1032 2692 τοῦ

66 2729 208 2810 Ψαλμοῦ
225 2723 435 2815 προγραφήν.
473 2731 521 2806 είς
538 2724 577 2794 δὲ
594 2722 631 2792 τῦ
644 2719 742 2810 “ήλελ
767 2721 840 2812 ήλεὶ
864 2731 952 2815 λαμᾶ
974 2746 1030 2793 σα·

62 2819 240 2914 βαχθανί,”
260 2827 436 2914 είρημένον
453 2825 515 2914 μέν
532 2819 597 2894 ύπὸ
615 2827 677 2894 τοῦ
693 2830 841 2914 σωτήρος
859 2824 955 2916 ήμῦν
972 2821 1053 2895 αύ-ι

62 2943 131 3007 τοῖς
143 2923 329 3017 Ἑβραϊκοῖς
346 2921 486 3015 ὀνόμασι
503 2927 581 3016 περὶ
598 2923 657 2996 τάν
673 2933 734 2996 τοῦ
752 2925 885 3008 πάθους
903 2927 1030 3015 καιρὸν,

24 3061 49 3101 ιο
63 3034 218 3118 κείμενον
242 3029 279 3098 δέ
297 3029 353 3098 καὶ
378 3032 415 3099 ἐν
431 3032 478 3122 τῷ
501 3031 644 3122 Ψαλμῷ,
668 3025 730 3115 ὅρα
753 3026 799 3118 μή
815 3056 865 3108 τις
888 3034 1031 3116 ἔγκειται

64 3131 236 3219 βαθντέρα
253 3136 382 3221 θεωρία
405 3125 485 3219 παρ’
499 3129 679 3218 Ἑβραίοις·
704 3132 823 3218 ἐλωελμ
840 3125 904 3220 γάρ
921 3126 1032 3210 ὁθεός

63 3229 265 3321 ὀνομάζεται.
307 3236 359 3302 28.
379 3232 435 3301 καὶ
460 3235 559 3301 τοῦτο
584 3228 638 3301 διά
657 3229 765 3319 πάσης
783 3229 905 3321 σχεδὸν
923 3229 1031 3323 εῦροις
1113 3244 1115 3249 ’
