2326 3818
126 114 191 177 330
536 113 685 165 Ευουιιιι

127 255 216 322 πάσα
239 248 396 341 ἀγγελική
420 249 541 341 φύσις,
566 259 671 340 μείων
695 251 733 321 66
750 245 771 339 ή
789 248 872 322 κατά
897 248 933 321 vo*
957 257 1102 344 πρῶτον

128 364 242 423 αίτιον.

97 482 112 520 α
202 454 270 525 XII.
291 450 400 525 “Eius
424 455 461 524 δὲ
484 449 502 524 6
524 451 604 533 θεὸς
618 450 752 542 Ἰακὼβ,
781 449 924 534 ἀναστάς
942 451 1099 544 ἀνάβηθι

128 561 175 634 είς
197 556 255 625 τὸν
278 552 381 625 τόπον
398 552 546 643 Βαιθήλ,
571 556 626 623 καί
650 564 736 623 οίιιιι
760 558 846 642 ἐκεῖ,
872 557 928 624 καί
950 562 1099 643 ποίησον

125 655 367 744 θυσιαστήριον
384 661 429 747 τῷ
447 658 536 746 θεῷ,
560 660 606 747 τῷ
624 651 765 742 ὀφθέντι
783 657 837 725 σοί
856 658 892 724 ἐν
910 658 957 748 τρΞ
973 653 1122 728 ἀκοὰ-τ

127 754 286 844 θράσιιειν
309 778 348 825 σε
366 752 431 824 ἀιτὸ
450 753 631 842 προσώπου
646 753 750 825 Ἠσαῦ
772 762 832 825 τοῦ
849 751 1003 843 ἀδελφοῦ
1020 781 1096 828 σου.

127 856 199 928 εἷπε
214 858 251 927 δὲ
266 853 383 941 Ἰαιιωβ
400 860 447 947 τῷ
460 866 542 946 οίιιρο
561 853 665 925 αὑτοῦ
684 859 739 925 καὶ
753 861 834 926 πᾶσι
847 873 916 938 τοῖς
933 853 1012 945 μεθ’
1035 859 1098 928 αὑ·

125 964 198 1044 τοῦ,
213 955 314 1044 ἀρατε
327 953 404 1035 τούς
418 953 520 1036 θεοὺς
532 953 608 1037 τούς
622 951 817 1045 ἀλλοτρίους
827 960 862 1026 ἐκ
871 959 975 1046 μέσου
984 955 1096 1047 ὑμῶν,

127 1060 182 1126 κοιλ
201 1063 448 1146 καθαρίσασθε,
466 1059 522 1126 καί
535 1055 696 1140 ἀλλάξατε
709 1054 766 1139 τάς
780 1055 897 1139 στολάς
910 1052 1020 1147 ὑμῶν,
1039 1062 1097 1129 καὶ

56 1185 112 1234 μω)
126 1155 328 1239 ἀναστάντες
358 1154 537 1247 ἀναβωμεν
568 1166 615 1239 είς
640 1158 789 1247 Βαιθήλ,
821 1161 875 1229 καὶ
903 1156 1096 1248 ποιήσωμεν
1109 1188 1134 1229 ιι

128 1260 198 1329 ἐκεί
212 1258 455 1383 θυσιαστήριον
472 1261 519 1382 τρὶ
535 1268 641 1385 κυρίρο
659 1264 705 1351 τῷ
728 1258 957 1330 ἐντακοάσαντί
971 1287 1097 1348 μουν
1059 1264 1097 1331 έν

135 1360 235 1483 “μέρρι
249 1368 416 1448 θλίψεως,
434 1357 471 1441 ὃς
488 1351 532 1448 ήν
550 1388 610 1449 μετ
613 1359 726 1449 ’ἐμοῦ
743 1363 800 1430 καί
814 1361 922 1431 ἔσωσέ
937 1389 979 1449 με
998 1364 1095 1431 ἐν
1053 1389 1096 1452 τμ

126 1452 235 1555 666
213 1491 234 1553 ρ
254 1456 477 1550 έπορεάθην.”

202 1568 232 1632 2.
253 1559 458 1633 Ἐνταῦθα
443 1590 460 1630 ο
484 1561 563 1642 θεὸς
586 1559 685 1642 αὐτὸς
701 1560 719 1630 6
737 1564 805 1632 των
828 1558 971 1650 ὅλων,’
957 1590 974 1631 ο
993 1590 1096 1651 μονος

125 1661 306 1752 ἀρέννήτος
331 1665 387 1734 καὶ
410 1660 568 1732 ἀνωτάτω
593 1660 745 1750 πάντων,
769 1659 831 1732 οάιι
847 1658 984 1751 ὀφθεὶς,
1009 1660 1096 1734 ἀλλά
1108 1691 1133 1733 ιι

127 1761 190 1851 γάρ
215 1761 372 1888 ἀοράτως
385 1770 637 1854 χρηματίσας
606 1767 653 1832 τω
658 1759 801 1893 Ἰρικώβ,
820 1760 961 1880 δυνάμει
979 1791 1016 1833 τε
1032 1760 1097 1852 ἀρ-

125 1862 216 1989 ρήτρο
234 1861 337 1935 αὐτὸν
354 1861 574 1953 ἀνακινήσας,
593 1866 669 1952 περι
687 1866 801 1951 ἑτέρον
819 1866 934 1953 σαφως
952 1881 1095 1935 ποιεῖται

126 1963 312 2051 τὸνλόγον.
350 1964 423 2034 εἴτε
441 1968 524 2088 γουρ
542 1962 559 2032 6
577 1962 657 2043 θεὸς
680 1962 772 2056 αάτρὸ
785 1962 949 2053 “ιτοίησον
972 1977 1096 2036 θυσια-

127 2064 312 2153 στήριον
282 2092 327 2132 τω
315 2067 417 2157 θεῷ
433 2071 480 2157 τῷ
497 2062 640 2153 ὀφθέντι
657 2061 745 2135 σοί.’
787 2073 838 2146 τίς
857 2055 932 2134 6’
908 2094 952 2153 ήν
975 2060 992 2134 6
1011 2092 1094 2154 προ-

127 2166 277 2296 γραφεὶς
288 2138 403 2253 ὦφθαι
416 2164 505 2258 αὐτρο
492 2164 642 2256 ἀρτίως
655 2164 920 2258 τιαρεστήσαμεν,
938 2163 997 2236 τὸν
1011 2163 1096 2237 θεὸν
1108 2194 1133 2235 ιο

126 2263 277 2354 λογον
245 2294 331 2336 ειναι
349 2265 591 2350 ἀποδείξαντες.

451 2500 530 2573 Ἀτὸ
548 2506 605 2589 τής
620 2498 763 2584 Ἐξόθου.

121 2625 198 2693 ‘69‘
185 2650 200 2684 ο
212 2627 258 2684 έπλ
270 2627 386 2683 πάντων
399 2625 480 2690 θεὸς,
495 2623 583 2690 αὐτὸς
596 2649 635 2682 ων
647 2648 661 2683 ο
652 2625 717 2682 δι’
730 2624 893 2715 ἀρρέλον
866 2650 904 2684 τω
891 2632 1021 2683 Μωσιί
1029 2649 1096 2699 χρη-

127 2701 260 2765 ματίζων,
273 2686 376 2764 ιάφθαι
386 2703 446 2758 τοῖς
458 2692 720 2817 πατροήρρῖήᾈρήήήρι
730 2698 761 2750 δι
785 2685 918 2767 ἀγγέλου,
932 2693 983 2752 διά
996 2695 1029 2752 66
1041 2700 1095 2752 τοῦ
1106 2780 1133 2821 ²5

101 2906 114 2932 e
204 2883 278 2944 XIII.
295 2864 383 2940 “Kal
402 2877 530 2991 Μωσῆς
547 2861 591 2990 ήν
608 2877 795 2960 ποιμαίνων
807 2867 1012 2995 ταιιρήβατοι
1025 2866 1096 2942 Ἰω-

128 2969 201 3060 θάρ
220 3000 279 3041 του
268 2974 449 3094 γαμήρού
467 2967 589 3061 αὐτοῦ,
614 2975 669 3041 καλ
693 2961 850 3059 ήλθενί
818 3001 833 3042 ε
849 3001 865 3054 ς
889 2970 925 3042 τὰ
942 2970 1018 3061 ὅρος
1032 2975 1094 3039 τοῦ

127 3075 247 3141 θεοῦέ
248 3103 268 3142 ν
286 3069 419 3196 Χρορήβ
462 3070 626 3198 ω”φθήδὲ
651 3070 742 3165 αὐτῷ
762 3070 901 3162 ἀργελος
918 3077 1037 3164 κυρίου
1056 3074 1094 3142 ἐν

128 3175 210 3262 πυρί
228 3173 350 3263 φλογὸς
375 3169 514 3263 βάτου.”
558 3177 614 3246 καὶ
637 3169 719 3262 μεθ’
745 3176 840 3265 ἕτεροι
853 3171 922 3256 “ὡς
947 3174 985 3243 66
1003 3172 1095 3244 εἶδεν

197 3407 212 3453 3
232 3405 300 3456 Gen.
313 3407 355 3469 35,
370 3408 392 3455 1.
496 3408 529 3455 26
548 3406 637 3467 Ex,3,
653 3407 675 3458 1.
