2326 3818
148 115 189 178 μς
557 114 704 166 Ευεοοιι

149 256 339 344 πενομένοις
356 251 397 324 τά
421 255 568 341 πρακτέα
590 251 834 341 ὑποτίθεσθαι,
859 250 973 343 ἀγρῶν
997 281 1033 324 τε
1060 256 1118 325 καὶ

151 356 308 446 ἐμπορίας
322 359 378 426 καί
396 360 453 445 της
471 354 574 444 άλλης
600 358 855 444 πολιτικωτέρας
878 353 1010 444 ἀγωγῆς
1033 356 1118 445 μετά

149 462 210 528 τού
226 463 410 547 θεοσεβοῦς
427 467 634 545 φροντίζειν,
660 455 709 538 οἷς
728 460 782 527 καὶ
805 454 980 545 άσκησεωυ
1004 460 1116 546 καιροὶ

150 569 332 649 μαθητείας
349 588 384 630 τε
403 563 544 630 καὶτῶν
563 568 670 630 θείων
687 559 797 647 λόγων
820 558 1010 647 ἀκροάσεως
1033 554 1120 648 ἡμέ-

151 692 205 751 ραι
229 659 485 752 άφωρίσθησαυ.
522 667 552 730 4.
572 669 632 731 καί
642 691 690 743 τις
702 660 829 743 τούτοις
846 659 1001 747 δεύτερος
1015 659 1145 731 εύσε-σ

126 789 139 827 ¹>
153 773 245 852 βείας
262 761 460 852 άπενεμήθη
478 762 620 853 βαθμδς,
639 762 845 851 κατάλληλον
858 767 904 856 τῷ
917 765 1032 855 τοιφδλ
1051 770 1119 858 βίφ

151 870 305 955 παρέχων
322 866 384 953 την
403 862 579 954 ἀφέλειαν,
599 861 643 945 οἷς
660 869 789 954 μηδένα
803 861 955 953 ἀμοιρεῖν
972 868 1030 951 τῆς
1048 888 1120 935 σω-

150 976 267 1056 τηρίου
287 971 492 1054 ἐπιφανείας,
512 972 579 1037 πᾶν
598 969 635 1036 δὲ
652 971 748 1054 γένος
766 965 977 1055 ἀνθρώπων,
999 965 1120 1057 Ἑλλή-

151 1098 220 1139 νων
237 1066 322 1157 δμοῦ
341 1070 395 1137 καὶ
413 1066 605 1157 βαρβάρων,
624 1074 682 1156 της
701 1065 916 1157 εύαγγελικης
930 1064 1118 1139 ἀπολαύειν

152 1176 377 1249 διδασκαλίας.
1131 1198 1160 1241 ιο

126 1318 136 1343 c
227 1287 274 1347 ΙΧ.
308 1270 444 1343 Τούτων
462 1261 527 1341 τάδε
546 1269 690 1360 ἐχόντων
708 1269 843 1360 ζητήσαι
858 1269 900 1340 άν
918 1299 966 1351 τις
981 1268 1118 1353 είκότως

153 1382 184 1444 εί
197 1373 238 1463 δη
251 1373 333 1446 κατὰ
344 1374 420 1456 τούς
428 1372 530 1444 πάλαι
547 1375 603 1442 καὶ
621 1371 685 1463 πρὸ
706 1376 856 1453 Μωσέως
873 1383 1046 1461 θεοφιλεῖς
1056 1370 1118 1443 άν-

153 1477 303 1568 δραςτην
315 1482 374 1546 τοῦ
389 1484 535 1566 σωτῆρος
549 1470 644 1563 ἡμῶν
661 1471 880 1563 εύαγγελικὴν
895 1481 1118 1545 διδασκαλίαν

151 1573 565 1668 θεοσεβεῐνύποτίθεσθαι
583 1577 713 1665 φαμέν,
732 1585 812 1663 μίαν
825 1604 862 1646 τε
887 1571 980 1665 ἡμῶν
998 1605 1033 1646 τε
1057 1572 1117 1645 κά·

153 1688 274 1750 κείνων
299 1675 484 1766 εύσέβειαν,
511 1681 567 1746 καὶ
594 1682 677 1747 θεοῦ
696 1683 822 1764 γνῶσιν
844 1675 905 1764 την
929 1676 1054 1767 αὐτὴν,
1083 1685 1122 1749 τί
1131 1704 1159 1747 ιο

154 1784 236 1868 δῆτα
254 1787 289 1849 οί
305 1780 367 1869 μέν
388 1782 464 1866 περὶ
482 1776 609 1867 γάμους
632 1781 688 1847 καὶ
712 1785 922 1861 παιδοποιίας
955 1786 1120 1868 πλείστην

153 1888 288 1970 εἰσῆγον
318 1881 488 1968 σπουδὴν,
513 1875 594 1968 ἡμῖν
620 1880 657 1948 δέ
688 1887 783 1950 τοῦτο
808 1891 1049 1970 παραμελεῖται
1078 1881 1118 1953 τὸ

152 1987 259 2072 μέρος.
280 1989 310 2051 2.
325 1985 381 2051 καὶ
392 1981 494 2051 πάλιν
506 1988 541 2052 οί
555 1981 617 2070 μέν
630 1997 702 2061 ταῖς
721 1979 776 2051 διά
795 1980 888 2074 ζῴων
899 1991 1038 2064 θυσίαις
1051 1986 1117 2067 ἐξι-

125 2082 326 2171 ελεούμευοι
343 2084 403 2153 τὸν
417 2083 501 2153 θεὸν
518 2079 768 2172 ἀνεγράφησαν,
793 2080 874 2173 ἡμίν
893 2086 929 2153 δὲ
948 2086 1120 2157 καὶτοῦτο

153 2183 320 2274 πράττειν,
340 2181 383 2267 ὥς
401 2215 433 2255 τι
450 2191 518 2254 των
536 2183 693 2272 ἀνοσίων,
708 2182 940 2274 ἀπηγόρευται.
980 2185 1041 2256 δύο
1051 2184 1119 2278 γάρ
1132 2214 1160 2257 ω

152 2285 237 2375 μόνα
255 2293 359 2357 ταῦτα
377 2283 418 2358 ού
436 2284 576 2377 σμικρὸν
595 2294 712 2377 ἔχοντα
730 2288 830 2376 λόγου
846 2285 971 2369 δόξειεν
984 2282 1028 2357 ἀν
1047 2305 1121 2371 τοῖς

151 2388 211 2479 ὑφ’
232 2387 327 2481 ἡμων
346 2392 530 2480 είρημέυοις
548 2385 769 2477 ἀντιπίπτειν,
789 2388 833 2471 ὡς
850 2387 895 2478 μη
913 2387 995 2458 κατά
1012 2397 1121 2461 ταῦτα

151 2492 209 2563 τὸν
227 2494 369 2564 παλαιὸν
387 2491 562 2577 σωζόντων
579 2496 636 2580 της
655 2488 830 2578 εὐσεβείας
847 2488 980 2580 τρόπον.
1016 2496 1045 2559 3.
1059 2494 1120 2562 καὶ

152 2594 234 2684 πρὸς
258 2593 352 2665 ταῦτ’
385 2585 447 2664 ούυ
473 2591 608 2663 τοιάνδε
636 2591 735 2661 λύσιν
762 2596 794 2674 ἐξ
819 2588 930 2661 αύτῶν
954 2590 1121 2681 πάρεστιν

152 2693 379 2776 ἀναλέξασθαι
398 2698 465 2763 τῶν
483 2690 563 2782 παρ’
580 2691 745 2780 Ἑβραίοις
759 2701 890 2780 λογίων.
922 2699 957 2763 οί
972 2695 1033 2782 μέν
1052 2692 1119 2785 πρδ
1133 2722 1161 2764 εο

153 2799 305 2877 Μωσέως
319 2792 371 2865 ἐπ’
392 2790 548 2886 εύσεβεία
558 2797 857 2884 μεμαρτυρημένοι,
866 2791 972 2884 ἀρχὴν
986 2802 1120 2884 ἔχοντος

152 2894 225 2966 τότε
252 2899 308 2966 καὶ
330 2898 575 2986 συνισταμένου
598 2902 657 2967 τού
680 2904 774 2986 βίον,
805 2899 966 2986 γενέσθαι
992 2926 1119 2987 μνημο-

154 2996 325 3087 νεύονται,
352 2997 393 3067 τά
424 2999 462 3068 δέ
485 2995 566 3068 καθ’
604 2996 689 3086 ἡμᾶς
722 3001 798 3088 περὶ
828 3002 919 3081 τέλος
950 2998 1117 3073 ἐλαύνειν.

153 3105 182 3169 4.
216 3097 268 3171 διδ
292 3117 361 3181 τοῖς
392 3100 455 3189 μέν
485 3099 732 3185 σπουδάζεσθαι
760 3099 822 3189 τὴν
851 3105 919 3171 τῶν
950 3098 1120 3191 διαδόχων

154 3205 305 3274 ἐπίδοσιν
325 3209 372 3284 είς
391 3210 695 3292 πολυανθρωπίαν,
721 3201 880 3284 αὔξοντος
902 3200 973 3273 κατ’
1009 3207 1118 3275 ἐκεῖνο
1131 3230 1160 3272 ω

154 3308 272 3391 καιροῦ
290 3308 345 3374 καὶ
363 3302 576 3392 πληθύοντος
598 3311 644 3387 είς
668 3300 777 3394 ἀκμηυ
800 3333 836 3374 τε
859 3303 1034 3392 προιόντος
1057 3311 1118 3376 τοῦ

100 3407 223 3478 (οντων
240 3403 433 3495 ἀνθρώπων
451 3409 586 3494 γένους·
611 3404 692 3494 ἡμίν
710 3407 747 3476 δέ
764 3403 809 3495 μὴ
822 3405 954 3497 σφόδρα
971 3435 1002 3477 τι
1020 3412 1118 3479 τούτο
