2326 3818
135 112 195 175 166
542 113 690 165 EUSEBII

132 258 232 323 δίδου
261 269 330 333 τοῖς
354 251 611 342 ἐπιβουλεύουσι
638 251 675 323 τό
700 254 793 341 σῶμα
817 250 1016 342 άνωρθοῦτο
1038 254 1102 342 μὲν

131 352 197 424 άπὸ
221 356 281 443 γῆς
312 350 450 443 αάτίκα,
474 352 613 426 κάπειτα
638 357 691 425 ἐπὶ
720 359 780 426 τοῦ
804 362 875 444 ίκρί
873 382 914 425 ου
939 352 1102 444 φωνήσας

131 458 231 545 μέγα,
255 455 381 550 καὶτῷ
410 460 510 547 πατρὶ
539 458 738 546 παρατιθεὶς
762 455 797 527 τό
823 458 973 546 πνεῦμα,
995 456 1102 529 είπων

131 555 244 640 αὐτοῖς
259 556 440 683 ῥήμασιν’,ε
442 557 561 648 ’πάτερ
585 566 632 639 είς
649 555 762 649 χεῖράς
787 580 849 629 σου
872 567 1101 649 παρατίθεμαι

131 659 167 730 τό
184 659 316 750 πνεῦμά
334 657 435 751 μου,”
455 659 560 740 οὕτως
582 657 704 748 άφετος
721 661 777 729 καὶ
802 657 982 748 ἐλεύθερος
1000 657 1127 745 αὖτόςο

130 760 189 852 ἀφ’
213 766 334 833 ἑαυτοῦ
352 760 414 849 τὴν
433 766 469 831 ἐκ
482 765 542 832 τοῦ
556 760 705 850 σώματος
719 759 931 850 ἀναχώρησιν
946 764 1101 834 ἐποιεῖτο.

72 892 113 944 [τι]
129 870 180 935 28.
200 863 272 934 εἶτα
291 864 328 932 δὲ
345 870 405 932 τοῦ
424 860 573 952 στόματος
597 861 701 933 αὐτοῦ
726 866 915 951 ληφθέντος
932 861 1015 952 πρός
1032 870 1103 939 τῶν

129 971 308 1054 γνωρίμων
331 967 387 1034 καὶ
411 969 450 1055 ty}
475 962 691 1054 προσηκούσῃ
720 967 972 1054 παραδοθέντος
996 994 1100 1057 ταφη,

129 1082 275 1155 τριταῖος
301 1056 402 1147 αὖθις
420 1062 635 1156 άπελάμβανε
651 1073 767 1152 τοῦτο,
790 1094 809 1136 ο
826 1095 908 1154 πριυ
924 1062 1103 1157 άναχωρή-

131 1188 191 1248 σας
209 1166 304 1239 έκάν.
347 1173 399 1239 29.
420 1170 474 1239 καὶ
502 1175 659 1239 δείκνυσί
679 1196 717 1257 γε
742 1166 843 1239 πάλιν
861 1166 960 1250 αὐτὸς
979 1168 1138 1241 έαυτὸνιο

130 1276 312 1359 ἔνσακρον,
341 1277 510 1360 ἔνσωμον,
535 1268 637 1341 αὐτόν
656 1266 837 1341 ἐκεῖνον
804 1298 872 1351 οιος
890 1268 997 1339 καὶ
963 1298 1001 1340 το
1018 1272 1102 1360 πρὶν

128 1362 171 1459 ἦν
188 1388 257 1453 τοῖς
282 1379 416 1455 οἰκείοις
433 1384 617 1462 μαθηταῖς,
641 1368 691 1452 οἷς
709 1374 764 1442 καὶ
790 1373 843 1441 ἐπὶ
861 1370 969 1461 βραχύ
986 1366 1102 1461 όμιλη’·

129 1494 205 1563 σας,
224 1482 284 1545 καί
298 1505 372 1546 τινα
391 1480 634 1564 συνδιατρίψας
647 1471 780 1563 χρόνον,
798 1470 929 1543 άνεισιν
942 1471 1026 1545 ὅθεν
1044 1478 1101 1545 καὶ

128 1579 259 1667 παρῆν,
278 1574 336 1645 ὑπ’
365 1573 554 1666 ὀφθαλμοῖς
572 1572 683 1646 αὐτῶν
706 1572 769 1664 τὴν
794 1581 841 1656 είς
859 1570 1024 1664 οάρανοάς
1042 1604 1102 1647 πο-

59 1706 114 1757 (ιοο)
130 1684 225 1764 ρείαν
250 1675 480 1766 στειλάμενος·
514 1675 563 1760 οἷς
591 1677 634 1765 δη
658 1679 714 1747 καί
737 1671 913 1765 ὑποθήκας
936 1680 1013 1766 περὶ
1031 1682 1138 1750 τῶνιι

128 1781 303 1869 πρακτέων
327 1776 499 1869 παραδούς
525 1777 751 1861 διδασκάλους
774 1784 842 1849 τῶν
860 1781 973 1849 ἐθνῶν
991 1776 1103 1851 ἁπάν-

127 1909 196 1951 των
213 1885 271 1969 τῆς
290 1878 449 1951 ἀνωτάτω
462 1888 657 1967 θεοσεβείας
674 1876 857 1970 ἀπέφηνεν.
893 1886 944 1951 30.
963 1885 1101 1953 τοιαῦτα

127 1973 169 2069 ἦν
182 1986 242 2051 τοῦ
258 1985 405 2069 σωτῆρος
419 1979 514 2071 ἡμων
527 1981 567 2051 τά
582 1980 799 2072 πολυάμνητα
809 1986 868 2070 τῆς
880 1977 999 2071 άρετῆς
1013 1981 1100 2053 θαά-

127 2100 232 2171 ματα·
272 2086 375 2152 ταύτα
406 2087 463 2170 τῆς
491 2086 528 2153 έν
558 2080 647 2176 αὐτῷ
677 2082 836 2172 θεότητος
859 2081 899 2154 τά
923 2081 1100 2173 τεκμήρια·

127 2187 231 2255 ταῦτα
263 2187 318 2254 καὶ
349 2181 445 2255 αὐτοὶ
475 2189 623 2277 λογισμῷ
652 2183 803 2274 σοι’φρονι
826 2183 1099 2274 τεθαυμάκαμεν,
1112 2214 1138 2255 εο

128 2287 399 2378 βεβασανισμένη
425 2315 460 2357 τε
479 2290 532 2357 καὶ
558 2289 761 2378 ἐξητασμένη
779 2291 819 2378 τῇ
838 2294 945 2376 κρίσει
963 2294 1099 2358 κατεδε-

127 2385 265 2478 ξάμεθα.
307 2393 358 2461 31.
380 2387 552 2478 ἐξήτασται
576 2387 654 2479 παρ’
675 2387 756 2479 ἡμῖν
779 2391 835 2459 καὶ
859 2386 1100 2476 βεβασάυισται

127 2496 231 2561 ταῦτα
263 2494 319 2562 καὶ
350 2490 394 2561 δι’
426 2494 550 2581 ἑτέρων
580 2488 783 2579 πραγμάτων
811 2493 963 2581 ἐναργῶν
989 2488 1100 2563 πάντα

127 2588 432 2663 άνακαλυπτόντων
449 2592 568 2680 λόγον,
587 2588 635 2662 δι’
656 2581 704 2662 τόν
721 2587 851 2674 αὐτόςὸ
869 2590 985 2681 κάρτος
1002 2589 1100 2681 ἡμῶν

128 2695 229 2764 είσέτι
247 2696 303 2763 καὶ
321 2697 387 2765 νῦν
404 2689 454 2774 οἷς
472 2687 515 2764 άν
532 2700 680 2782 κρίνειεν
701 2691 803 2783 μικρά
826 2722 901 2765 τινα
918 2698 976 2783 της
994 2690 1101 2765 αὐτοῦ
1112 2722 1138 2765 ιι

130 2790 304 2882 δυνάμεως
327 2802 555 2884 παραφαίνειν
586 2806 706 2883 είωθε,
737 2792 827 2884 πλὴν
857 2792 941 2865 άλλά
959 2797 1016 2865 καὶ
1040 2826 1101 2886 της

128 2898 347 2985 λογικωτέρας
370 2892 586 2986 μεθόδου,
563 2926 607 2986 ην
630 2895 814 2989 προσάγειν
837 2894 1007 2986 είοόθαμεν
1029 2913 1101 2980 τοῖς

99 3025 167 3066 υου
158 2991 466 3088 ’παραδεχομένοις
491 2997 532 3069 τά
549 3001 790 3089 προειρημένα,
816 2994 890 3067 άλλ’
916 3027 988 3087 ητοι
1012 3026 1101 3071 παν-

128 3103 230 3182 τελάς
254 3095 453 3171 άπιστοῦσιν
476 3098 590 3184 αυτοῖς
619 3104 675 3172 καὶ
697 3101 806 3192 μηδὲν
829 3097 979 3171 καθόλου
1003 3128 1098 3190 γεγο-

128 3203 221 3270 νέναι
245 3207 396 3273 τοιοῦτον
419 3200 501 3290 πρὸς
525 3201 630 3275 αὐτοῦ
651 3202 859 3293 φάσκουσιν,
884 3197 1098 3292 ηγεγονέναι
1111 3231 1138 3273 ιο

149 3348 329 3361 --—-—-—————-.

195 3433 213 3481 ι
229 3433 299 3485 Luc.
312 3436 353 3501 ιο,
365 3437 408 3488 ιο.
