2326 3818
351 114 535 167 οειιοαετ.
552 115 684 168 mna.
701 116 738 170 11.
757 119 782 166 3.
999 113 1059 177 133

91 254 189 347 ὑμῶν
205 253 478 344 ἀνασωζομένους
492 257 528 323 ἐκ
541 258 709 345 ῥομφαίας
723 258 760 324 έν
773 271 842 335 τοῖς
856 262 983 344 ἔθνεσι,
1004 258 1059 326 καί

93 362 130 428 ἐν
147 360 195 452 τῷ
212 359 466 450 ὃιασκορπισμῷ
482 353 579 445 ὑμῶν
597 360 635 425 έν
650 370 723 437 ταῖς
741 354 882 447 χώραις,
901 359 958 426 καὶ
974 386 1059 446 μνη-

92 457 283 547 σθήσονταί
291 487 357 547 μου
369 464 406 527 οί
415 454 660 546 ἀνασωζόμενοι
674 460 706 540 έξ
719 455 819 547 ὑμῶν
834 460 871 528 ἐν
883 474 952 541 τοῖς
964 467 1060 529 ἔθυε·

92 583 165 650 σιν,
184 550 227 630 οά
243 556 553 650 ἠχμαλωτεόθησαν
572 556 675 630 έκεῖ.”

64 692 77 731 5
170 666 242 732 168.
260 672 368 731 Δοκεῖ
382 689 438 751 μοι
451 659 629 731 κάνταῦθα
646 657 809 753 συνᾴδειν
822 676 892 743 τοῖς
909 659 975 730 ἀπὸ
993 664 1061 731 τῶν

92 765 219 834 λοιπων
236 766 458 854 προφητειῶν.
495 759 573 844 τούς
596 759 660 853 γὰρ
678 759 950 852 ἀνασωζομένους
967 768 1061 844 τίνας

91 861 134 934 ἀν
159 876 263 947 εἴποις
286 860 307 956 ἢ
330 859 367 935 τό
391 867 427 934 έν
451 865 575 955 ἑτέροις
598 862 836 954 ὠνομασμένον
859 862 1061 954 ὑπόλειμμα,

91 968 146 1036 καὶ
170 965 233 1055 τὴν
255 963 400 1056 σταγόνα
424 962 564 1055 καλιὴν
588 963 711 1057 δρόσον
728 968 789 1036 τοῦ
806 969 889 1036 λαοῦ
913 968 1061 1050 έκείνου;

92 1065 136 1138 δι’
160 1056 208 1138 τόν
227 1069 387 1156 έδηλοάτο
405 1064 426 1155 ἡ
444 1071 511 1137 τῶν
524 1064 719 1137 ἀποστόλων
732 1069 794 1137 τοῦ
806 1070 953 1158 σωτῆρος
966 1065 1062 1156 ἡμῶν

54 1200 79 1239 ιο
91 1166 262 1250 σέστασις.
299 1157 393 1240 οὗτοι
410 1171 494 1257 γοῦν
512 1166 746 1250 ἀνασωθέντες
765 1172 801 1239 έκ
818 1176 875 1257 τῆς
895 1167 1061 1250 ἀπωλείας

90 1276 151 1341 τοῦ
176 1269 301 1352 παντὸς
323 1268 436 1341 αὐτῶν
460 1276 582 1352 ἔθνους
605 1272 661 1341 καί
686 1272 723 1341 έν
745 1273 793 1364 τῷ
810 1275 1061 1363 ὃιασκορπισμῷ
1075 1300 1089 1338 ι

94 1367 210 1442 αὐτῶν
229 1368 449 1461 ἐμνήσθησαν
466 1378 526 1442 τοῦ
544 1375 647 1461 θεοῦ,
667 1369 712 1453 ὡς
728 1369 966 1461 ὁμολογεῖσθαι
984 1375 1060 1462 περὶ

95 1471 209 1544 αὐτοῖν
227 1479 385 1565 είρῆσθαι
402 1468 443 1542 τά
460 1471 748 1565 ἀναγεγραμμένα.

385 1690 446 1777 νζ’.
478 1690 559 1764 Ἀπὸ
576 1699 638 1764 τοῦ
657 1691 771 1764 αὐτοῦ.
866 1707 868 1711 ’

53 1851 78 1892 ιι
170 1834 240 1899 169.
256 1790 373 1898 “Τάὃε
390 1829 478 1915 λέγει
492 1824 639 1899 Ἀδωναί·
655 1825 787 1916 κύριος,
817 1824 867 1898 ὅτι
885 1824 1060 1915 ἀποίσομαι

91 1927 214 2012 αὐτους
234 1937 280 2010 είς
293 1926 334 1999 τά
348 1935 444 2017 ἔθνη,
464 1930 520 1997 καί
535 1934 741 2018 διασκορπιῶ
755 1927 878 2010 αὐτοὺς
893 1936 940 2010 είς
953 1928 1061 1999 πάντα
1109 1940 1112 1946 ’

91 2029 131 2100 τά
150 2038 253 2119 ἔθνη,
273 2032 328 2101 καὶ
348 2036 553 2119 ὃιασκομπιῶ
571 2029 693 2111 αὐτούς
712 2038 759 2112 είς
776 2037 888 2103 πᾶσαν
904 2030 967 2119 τὴν
984 2037 1060 2119 γῆν,

91 2134 148 2201 καὶ
166 2139 280 2220 ἔσομαι
298 2127 412 2212 αὐτοῖς
427 2137 474 2212 είς
489 2126 637 2221 ἀγίοισμα
655 2131 775 2222 μικρὸν
796 2135 832 2203 έν
849 2150 921 2214 ταῖς
939 2130 1061 2221 χώραις

92 2222 134 2303 οὗ
151 2228 195 2302 ἀν
213 2237 414 2304 εἰσέλθωσιν
432 2228 533 2303 έκεῑ.”

52 2357 78 2397 ιο
171 2338 241 2404 170.
262 2336 329 2406 Καί
360 2338 510 2405 ἐνταῦθα
538 2335 639 2426 ἑτέρω
661 2329 799 2423 ὀνόματι
830 2332 907 2414 τούς
937 2333 1061 2415 αὐτούς

91 2437 273 2523 κέκληκεν,
291 2433 438 2525 ἀγίνσμα
455 2433 575 2524 μικρὸν
587 2431 692 2505 είπάυ
704 2433 782 2515 τούς
796 2439 829 2518 έξ
847 2433 960 2505 αὐτῶν
977 2432 1061 2504 ἀνα-

91 2539 350 2627 σωθησομένους
369 2541 425 2608 καί
443 2534 810 2627 όπολειφθησομένους.

426 2755 434 2778 Ι
476 2753 484 2776 θ

378 2786 442 2845 νη.
481 2756 555 2827 Από
572 2764 633 2827 του
652 2755 764 2828 αὐτοῦ.

166 2895 235 2961 171.
245 2889 336 2962 “Kal
350 2887 476 2973 πάντας
489 2889 567 2973 τούς
583 2888 931 2983 ἀντιλαμβανομένους
945 2891 1058 2963 αὐτῶν
1073 2926 1116 2976 (ει)

49 3013 77 3054 ²⁵
92 2998 262 3085 διασπερῶ
287 2999 333 3074 είς
365 2991 474 3063 πάντα
498 2990 640 3083 ἀνεμον,
671 2998 727 3064 καί
755 2999 926 3087 ῥομφαίαν
958 2998 1059 3083 ἐκχεῶ

89 3092 198 3165 ὀπίσω
217 3092 347 3183 αὐτοῖν,
375 3096 430 3164 καὶ
456 3093 696 3184 έπιγνοάσονται
720 3093 769 3167 ὅτι
789 3096 853 3187 ἐγώ
872 3094 1002 3187 κύριος,
1023 3098 1060 3164 έν
1096 3152 1100 3159 .

89 3203 136 3291 τῷ
155 3203 390 3286 διασκορπίσαι
413 3224 455 3286 με
482 3201 519 3267 έν
541 3214 611 3278 τοῖς
635 3204 788 3287 ἔθνεσιν,
814 3202 869 3268 καί
888 3203 1059 3287 θιασπερῶ

161 3431 192 3480 15
211 3428 312 3480 Ezeeh.
327 3431 423 3492 11,16.
528 3431 562 3481 24
580 3430 683 3482 Ezech.
698 3433 739 3496 12,
754 3434 795 3483 14.
