2326 3818
114 122 178 187 660
526 124 674 175 Eusnssn

114 294 155 353 με
180 261 263 349 πρὸς
281 259 385 334 αὐτὸν
409 261 586 351 είσήκουσέ
601 291 676 353 μου.
720 261 810 349 παρά
828 270 889 333 σοῦ
911 261 928 333 6
949 264 1084 347 ἔπαινός

115 394 180 454 μου
205 368 241 434 ἐν
266 368 423 456 ἐκκλησίᾳ
446 363 591 456 μεγάλη·
624 362 683 447 τάς
707 360 806 454 εὐχάς
828 393 894 453 μου
917 360 1084 435 ἀποδώσω

91 464 260 538 εένῶπιον
276 470 344 536 τῶν
361 468 586 555 φοβουμένων
603 461 716 537 αὐτόν.
752 470 781 535 6.
801 462 966 555 φάγονται
983 469 1085 556 πένη-

115 597 168 651 τες
197 568 252 637 καὶ
283 565 597 656 ἐμπλησθήσονται,
628 570 684 637 καὶ
715 570 888 638 αἰνέσουσι
911 566 1030 657 κύριον
1053 575 1090 639 οί

116 673 325 757 ἐκζητοῦντες
343 664 455 739 αυτόν.
493 675 521 738 ἵ.
541 664 695 756 ζησονται
708 674 747 738 αί
753 674 890 756 καρδίαι
907 665 1020 740 αὐτῶν
1039 677 1114 752 είςτ

115 773 222 841 αίῶνα
239 773 301 841 τοῦ
318 773 457 857 αἰῶνος,
476 767 729 859 μνησθήσονται
746 772 802 840 καὶ
822 771 1088 860 ἐπιστραφήσου·

114 900 168 942 ται
186 869 269 963 πρὸς
286 867 406 960 κύριον
424 868 532 941 πάντα
549 869 590 940 τά
607 873 732 958 πέρατα
750 876 808 959 τῆς
826 876 898 958 γῆς,
917 875 973 942 καλ
984 896 1087 963 προσ-

115 970 324 1060 κυνήσουσιν
354 968 498 1041 ἐνῶπιον
527 967 632 1042 αὐτοῦ
655 975 760 1042 πῶσαι
790 978 828 1040 αἱ
855 975 992 1061 πατριαὶ
1019 981 1089 1044 τῶν

118 1076 247 1163 ἐθνῶν,
265 1069 316 1142 ὅτι
330 1075 389 1143 τοῦ
406 1079 527 1164 κυρίου
545 1068 566 1161 6
580 1080 734 1161 βασιλεία
752 1076 809 1143 καὶ
822 1069 921 1155 αὐτὸς
936 1075 1088 1160 βεσπόζει

88 1177 185 1254 τιτῶν
211 1178 332 1245 ἐθνῶν.
380 1180 508 1262 ἔφαγον
536 1177 592 1244 καὶ
621 1174 878 1265 προσεκύνησαν
907 1174 1030 1258 πάντες
1055 1182 1091 1248 οἱ
1102 1206 1127 1245 ιο

116 1283 232 1358 πίονες
248 1278 308 1365 τῆς
325 1278 405 1365 γῆς,
425 1273 570 1346 ἐνῶπιον
588 1272 693 1346 αὐτοῦ
711 1283 981 1367 προσπεσοῦνται
1000 1277 1088 1347 πάν-

116 1405 170 1459 τες
187 1382 223 1448 ot
237 1383 496 1465 καταβαίνοντες
521 1383 568 1459 είς
590 1375 652 1466 τὴν
674 1382 749 1467 γῆν.
792 1379 848 1447 καί
873 1372 894 1466 6
914 1376 1005 1468 ψυχή
1021 1408 1088 1469 μου

117 1477 211 1572 αὐτῶ
228 1485 278 1570 ζῇ,
298 1481 355 1548 καὶ
371 1477 411 1548 τὸ
430 1481 560 1568 σπέρμα
573 1507 639 1568 μου
653 1477 829 1550 δουλεύσει
848 1476 947 1571 αὐτῷ.
983 1476 1089 1568 άναγ-

117 1578 291 1668 μελήσεται
313 1582 360 1672 τῶ
383 1587 490 1672 κυρίςο
507 1578 606 1668 γενεά
628 1577 650 1667 6
670 1583 846 1670 ἐρχομένη,
871 1584 928 1650 καὶ
945 1577 1089 1670 ἀναγγε-

116 1685 212 1752 λοῦσι
236 1680 298 1770 τὴν
324 1678 542 1769 δικαιοσύνην
560 1679 664 1751 αὐτοῦ
684 1687 753 1775 λαῷ
777 1685 825 1774 τῷ
841 1685 1087 1775 τεχθησομένῳ,
1103 1707 1128 1749 15

117 1779 160 1852 ὃν
178 1786 334 1871 ἐποίησεν
352 1778 370 1853 6
389 1781 513 1873 κύριος.

193 1890 222 1953 8.
248 1881 291 1954 Τό
305 1877 345 1954 “6
363 1884 443 1966 θεός
460 1913 526 1973 μου
544 1883 708 1973 πρόσσχες
726 1913 793 1973 μοι,
814 1890 906 1955 ίνατί
922 1888 1089 1971 ἐγκατέλι-

118 1986 177 2066 πές
194 1979 257 2072 με”
279 1988 316 2054 ἐν
332 1980 451 2074 άρχαίς
474 1989 534 2054 τοῦ
556 1989 699 2074 Ψαλμοῦ
722 1983 903 2075 λεγόμενον
925 1984 1008 2055 κατά
1030 1985 1090 2055 τὸν

118 2095 304 2155 Ματθαῖον
322 2082 388 2155 ὑπὸ
407 2089 467 2155 τοῦ
487 2088 635 2175 σωτῆρος
653 2080 749 2175 ἡμῶν
767 2087 857 2177 παρὰ
875 2084 935 2156 τὸν
950 2091 1010 2156 τοῦ
1029 2085 1090 2157 πά-

118 2198 205 2268 θους
218 2184 336 2275 καιρὸν
348 2181 455 2269 οὕτως
469 2197 596 2276 είρηται
608 2185 813 2278 “γενομε’νης
829 2189 865 2258 δὲ
887 2185 975 2279 ῶρας
995 2192 1091 2277 ἕκτης
1103 2215 1128 2256 εο

88 2364 90 2368 ,
119 2286 235 2369 σκότος
260 2290 389 2376 ἐγένετο
414 2284 469 2377 ἐφ’
488 2287 571 2378 ὅλην
593 2288 656 2378 τὴν
678 2294 743 2378 γῆν
768 2293 829 2372 ἕως
854 2286 943 2378 ῶρας
961 2287 1090 2380 ἐνάτης,

120 2393 175 2459 και
205 2395 246 2480 τῇ
281 2386 381 2479 ἐνάτη
413 2387 483 2482 ῶρα
515 2389 654 2478 ἐβόησεν
680 2388 806 2480 Ἰησοῦς
836 2420 934 2481 φωνη
964 2390 1090 2483 μεγάλη

121 2493 240 2580 ἐλοιεὶμ
272 2493 392 2581 ἐλωεὶμ
420 2495 508 2580 λαμά
538 2491 798 2582 σαβαχθανὶ,ὅ
822 2497 891 2562 ἐστι
921 2506 1093 2583 μεθερμη

119 2590 315 2681 νευόμενον,
333 2586 351 2660 6
369 2589 451 2672 θεὸς
468 2587 486 2660 6
504 2591 583 2673 θεός
600 2621 667 2682 μου
681 2600 773 2663 ινατί
788 2592 1079 2682 ἐγκατέλιπές’
1013 2591 1091 2683 με;’

121 2702 274 2781 εἴληπται
294 2687 366 2762 δὲ’
345 2721 366 2779 6
380 2687 538 2781 Εβραϊκὴ
552 2690 671 2776 λέξας’
652 2691 716 2763 απὸ
730 2699 787 2783 τῆς
801 2700 839 2764 ἐν
852 2699 945 2785 χερσί
963 2722 1092 2785 προφη-
1106 2732 1132 2772 25

120 2799 220 2873 τείας.
257 2799 286 2861 9.
307 2790 424 2875 αὐταῖς
442 2797 527 2881 γοῦν
545 2793 782 2881 συλλαβαῖς
748 2823 785 2865 το
798 2791 895 2883 “6222
914 2793 988 2885 ἠλεί
1006 2805 1094 2886 λαμᾶ

121 2889 335 2982 σαβαχθανι’
354 2889 375 2983 6
394 2899 454 2964 τοῦ
476 2902 619 2986 Ψαλμοῶ
638 2896 783 2986 καταρχη
801 2900 956 3025 περιεχει,
975 2927 1058 2988 οπερ
1076 2928 1093 2968 ο

120 2991 261 3076 ’Λκάλας
278 3000 397 3066 τοῦτον
421 2990 613 3086 ἡρμήνευσε
636 2995 695 3068 τὸν
712 2997 847 3124 τράπον
849 2996 994 3090 “ίσχυρέ
1014 3029 1092 3090 μου,

60 3131 115 3182 μοι)
133 3100 252 3188 ίσχυρέ
261 3126 338 3186 μου,
358 3103 432 3168 ίνατ
434 3101 670 3186 ίέγκατέλιπές
686 3097 763 3189 με;”
783 3103 889 3170 ταῦτα
908 3098 977 3170 δὲ“
958 3131 1009 3172 οτι
1025 3117 1095 3182 τοῖς

122 3197 190 3268 ὑπὸ
208 3204 268 3269 τοῦ
286 3203 433 3289 σωτῆρος
459 3194 555 3289 ἡμῶν
572 3200 655 3271 κατά
672 3198 731 3271 τὸν
747 3205 808 3271 του
824 3199 957 3283 πάθους
976 3201 1094 3291 καιρὸν
1107 3238 1132 3278 30

192 3431 225 3480 ιο
243 3431 343 3485 Μιιιο.
355 3433 396 3496 ετ,
410 3434 452 3482 ιο.
