2326 3818
123 148 187 213 360
524 148 675 202 EUSEBII

123 291 293 370 παντελεῖς
320 294 457 378 ἔρημος,
488 289 544 357 καὶ
573 285 617 367 ὥς
642 314 747 377 φησιν
771 283 792 376 ῆ
816 285 1005 378 προφητεία
1023 286 1097 375 “ele

124 387 233 479 ἅλμην
256 386 321 458 άπδ
347 395 464 471 κακίας
488 392 556 459 τω”ν
573 388 819 460 κατοικούντων
842 386 980 478 αύτῆν.”
1019 391 1097 464 τού-

123 520 191 572 τοις
204 487 419 560 ἐπισυνάπτει
425 489 558 579 σφόδρα
569 486 763 573 ἀκολούθως
777 495 974 585 προφητικῷ
982 492 1097 589 τρόπφ

124 591 349 682 αἰνιττόμενος
379 596 437 679 τῆς
467 590 570 662 πάλαι
599 589 723 681 ἐρῆμον
750 594 806 661 καὶ
832 590 990 683 διψάδος,
1023 591 1097 683 ῆτοι

124 692 231 783 πάσης
256 691 441 783 άνθριόπου
466 698 593 782 ψυχῆς,
617 689 639 782 ῆ
656 697 716 782 τῆς
735 697 767 776 ἐξ
787 697 900 764 ἐθνοὶν
919 696 1123 784 ἐκκλησίαςι

123 794 186 884 τῆν
204 801 251 875 εἰς
270 790 444 880 εύσέβειαν
461 791 661 883 μεταβολὴν,
678 793 741 882 τῆν
753 823 790 866 τε
805 798 841 864 ἐν
858 803 965 877 θείοις
984 795 1098 884 λόγοις

124 901 367 986 καρποφορίαν.
411 900 438 964 7.
458 891 479 963 ά
503 898 560 964 καὶ
583 894 758 985 προδήλως
783 902 964 967 αἰνίττεται
986 902 1098 986 λέγων

119 996 241 1067 “ε”δετο
259 1003 383 1084 ἔρημον
396 1002 444 1076 εἰς
462 1003 580 1086 λίμνας
595 994 747 1067 ύδάτων”
768 1000 825 1067 καλ
841 996 882 1068 τά
900 1001 989 1087 ἑξῆς·
1008 995 1096 1089 άπερ

123 1101 242 1186 νοῆσαι
260 1095 365 1185 μόνου
382 1100 445 1167 τού
460 1095 550 1187 παρά
567 1101 639 1191 θεῷ
656 1096 776 1186 γένοιτ’
798 1096 841 1170 άν
859 1103 985 1189 σοφοῦ,
1009 1097 1096 1169 κατά

122 1198 185 1287 τῆν
209 1200 264 1268 ἐπὶ
287 1201 373 1269 τέλει
396 1202 457 1269 τοῦ
480 1203 621 1289 Ψαλμού
643 1197 801 1289 φῆσασαν
825 1198 1004 1290 ἐπαγωγὴν
1021 1199 1097 1283 “τίς
1111 1231 1138 1269 ιο

96 1299 245 1389 οσοφδς,
264 1303 320 1370 καί
337 1298 478 1391 φυλάξει
495 1297 639 1385 ταύτα;”
662 1303 718 1370 καὶ
735 1300 775 1370 τά
795 1304 876 1390 ἑξῆς.

439 1567 520 1640 Ἀπδ
543 1573 685 1658 Ψαλμού
701 1568 774 1659 ριζ’.

200 1716 275 1777 vul.
300 1698 461 1774 “Αι’νείτε
484 1703 542 1774 τὸν
567 1702 684 1794 κύριον
707 1703 816 1775 πάντα
839 1704 879 1775 τά
904 1712 1007 1795 ἔθνη,
1040 1709 1097 1777 καὶ

58 1837 111 1888 μου
126 1803 396 1875 ἐπαινεσάτωσαν
411 1804 514 1876 αὐτὸν
525 1803 647 1886 πάντες
660 1811 695 1875 οί
706 1808 779 1876 λαοί
787 1859 797 1894 ,
820 1803 871 1876 ότι
886 1807 1097 1897 ἐκραταιτόθη

125 1905 180 1996 ἐφ’
207 1905 293 1996 ῆμοῖς
316 1903 353 1976 τό
377 1914 468 1987 ἐλεος
491 1902 628 1977 αύτοῦ.”
672 1908 728 1975 καὶ
751 1905 792 1976 τά
817 1910 892 1996 ἑξῆς
915 1899 964 1978 “ά
988 1908 1096 2001 κύριε,
1111 1938 1136 1979 τε

126 2011 237 2078 σῶσον
261 2007 322 2096 δὴ,
349 1997 375 2076 ὦ
399 2006 512 2096 κύριε,
539 2005 709 2077 εύόδωσον
733 2007 785 2096 δή.
835 2007 1055 2099 εὐλογημένος
1079 2007 1110 2104 ὁΙ

126 2108 302 2199 ἐρχόμενος
321 2111 358 2177 ἐν
375 2103 512 2198 ὀνόματι
535 2115 664 2200 κυρίου.
707 2107 789 2190 θεός
811 2109 926 2203 κύριος
949 2115 1006 2182 καὶ
1025 2114 1098 2182 ἐπέ-

126 2236 237 2299 φανεν
254 2205 370 2298 ῆμίν.”

58 2342 111 2395 μω]
203 2316 233 2381 2.
259 2314 326 2382 Καὶ
348 2310 470 2382 τούτου
492 2314 655 2400 μέμνηται
679 2308 699 2398 ῆ
724 2309 798 2402 ίερά
815 2318 874 2382 τού
899 2311 1097 2402 εὐαγγελίου

124 2415 238 2506 γραφῆ
261 2416 377 2497 τέλους
394 2412 608 2503 τετυχηκότος
626 2411 771 2501 ὁπηνίκα
791 2411 808 2482 ὁ
828 2413 939 2504 σωτῆρ
957 2417 1013 2484 καὶ
1037 2412 1096 2484 κύ·
1110 2446 1138 2485 εο

125 2545 195 2605 ριος
213 2511 309 2605 ῆμοὸν
328 2514 426 2595 αὐτὸς
444 2511 461 2584 ὁ
476 2512 617 2603 Χριστός
636 2511 740 2605 είσῆει
760 2506 814 2594 εἰς’
823 2510 862 2585 τά
874 2513 1097 2604 Ἱεροσόλυμα,

126 2615 212 2687 πολύ
230 2644 266 2686 τε
284 2620 414 2704 πλῆθος
432 2614 568 2703 άνδροὸν
594 2617 650 2684 καὶ
668 2620 802 2684 παίδων
826 2620 973 2707 προῆγεν
991 2612 1097 2685 αύτόν

126 2715 199 2804 μετ’
227 2713 438 2804 εύφροσύνης
463 2713 677 2802 ἐπιβοώντων
695 2711 763 2797 “ο“ις
788 2714 875 2787 άννά
898 2721 943 2810 τῷ
966 2721 1031 2808 υἱῷ
1049 2719 1097 2810 τῷ

100 2819 260 2905 ιΔαβίδ,
280 2815 500 2905 εὐλογημένος
517 2811 535 2886 δ
555 2814 729 2905 ἐρχόμενος
749 2821 785 2887 έν
802 2814 942 2907 ὀνόματι
964 2823 1098 2908 κυρίου,

127 2915 171 2998 ὡς
189 2915 275 2988 άννά
294 2923 331 2989 ἐν
348 2936 416 2999 τοῖς
434 2913 618 3002 ύψίστοις.”
663 2917 737 2988 ἀντὶ
761 2917 825 3011 γάρ
848 2923 909 2991 τού
927 2910 976 2989 “ύ
1001 2917 1096 3009 κύριε
1110 2948 1136 2988 νε

126 3023 238 3089 σῶσον
265 3017 329 3108 δῆ”
353 3021 509 3108 κειμένου
541 3023 577 3090 ἐν
607 3026 652 3112 τῷ
681 3024 810 3114 Ψαλμῷ
832 3018 869 3090 τό
895 3015 963 3103 “οδς
986 3017 1096 3091 άννά”

121 3116 384 3213 Ἐβραίκάτερον
408 3118 592 3208 φάσκοντες
618 3119 782 3208 ἐπεβόων·
818 3119 1037 3214 ἑρμηνεύεται
1062 3122 1100 3192 δὲ

125 3228 223 3294 τούτο
243 3227 353 3295 σωσον
371 3220 423 3311 δῆ.
451 3227 481 3293 3.
501 3225 556 3292 καὶ
573 3221 610 3293 τό
623 3219 869 3313 “εύλογημένος
886 3218 904 3293 ὁ
922 3221 1100 3315 ἐρχόμενος

252 3375 328 3382 ...---

197 3457 229 3505 23
246 3456 346 3506 Matth.
359 3458 401 3517 21,
416 3458 440 3508 9.
