2326 3818
352 111 539 164 οεωοωεν.
552 111 688 164 σκετο.
707 112 760 164 111.
778 113 803 161 ι.
1000 110 1059 174 167

88 256 170 344 μὲν,
190 259 324 344 γοητείᾳ
344 251 382 320 δὲ
398 248 507 335 άλλως
527 253 581 321 ἐπὶ
599 248 709 342 πλάνη
726 255 795 320 τῶν
809 248 987 342 δροίντων,
1015 247 1059 333 ὦς

89 352 134 427 άν
156 349 217 425 ύπ’
242 349 366 444 άνδρδς
389 349 536 440 πλάνου,
563 355 752 423 ἐπιθέσθαι.
803 360 835 422 εί
857 353 895 424 δὲ
916 351 978 444 χρή
1003 356 1057 422 καλ

91 459 145 529 ἐπὶ
168 458 230 527 τού
250 451 414 544 παρόντος
438 457 564 547 βραχέα
593 452 676 541 πρὸς
705 451 782 536 τούς
807 458 1059 544 δεδηλωμένους

91 561 265 646 ἐνστῆναι,
284 553 346 628 ούκ
363 554 615 646 άπολειψόμεθα
631 558 792 645 σπονδῆς,
810 552 918 639 άλλως
933 559 974 626 δέ
989 585 1059 638 πως

61 683 76 724 5
90 658 204 741 αὐτοῖς
222 655 465 748 άπαντήσομεν.

166 766 217 831 32.
238 767 283 832 El
299 761 337 831 δὲ
354 762 484 848 λέγοιεν
507 761 614 849 μηδὲν
630 758 692 849 τήν
716 757 823 851 άρχήν
841 763 1056 850 πεποιηκέναι
1071 800 1082 827 e

88 860 148 935 τδν
166 866 299 952 σωτήρα
317 859 412 951 ήμοὶν
429 859 627 950 θαυμαστὸν
643 864 732 952 μηδέ
752 890 784 933 τι
802 863 992 952 παράδοξον
1010 853 1058 932 ὦν

90 963 324 1055 ἐμαρτύρησαν
346 968 381 1034 οί
396 961 574 1055 γνοίριμοι,
598 963 801 1052 σκεψώμεθα
826 970 858 1035 εί
879 962 1058 1047 πιθανδςδ

89 1064 185 1155 λόγος
204 1062 316 1148 αύτοίς
336 1072 445 1154 ἔσται,
468 1064 514 1155 μή
539 1064 601 1154 τήν
619 1072 731 1136 αἰτίαν
749 1074 883 1155 ε”χονσιν
900 1063 1058 1136 άποδιδό·

48 1191 75 1232 10
88 1198 156 1258 ναι,
175 1164 222 1238 δι’
241 1163 285 1255 ἣν
302 1171 337 1237 οί
350 1167 413 1255 μὲν
430 1169 591 1256 μαθηταὶ,
609 1161 627 1237 δ
643 1167 680 1237 δὲ
700 1165 900 1250 διδάσκαλος
919 1166 1058 1258 ἐχρημά-

88 1292 195 1341 τισαν.
236 1265 256 1340 δ’
279 1297 315 1339 τε
339 1266 403 1357 γάρ
429 1267 599 1340 διδάσκων
629 1272 831 1357 ἐπαγγελίαν
863 1267 1058 1359 μαθήματός

41 1450 42 1454 ,
88 1399 178 1453 τινος
202 1373 455 1460 ἐπαγγέλλεται,
483 1376 575 1441 οἵτε
599 1359 642 1440 αύ
659 1371 825 1460 μαθηταὶ,
850 1369 1058 1459 μαθημάτων

87 1469 328 1565 ὀριγνώμενοι,
354 1475 443 1560 σφοῖς
470 1470 592 1554 αὐτούς
620 1476 666 1566 τῷ
692 1469 883 1565 διδασκάλῳ
909 1474 1058 1560 προσφέ-

88 1603 202 1664 ροντες
221 1576 443 1663 ἐπιτρέπουσι.
480 1577 530 1644 33.
549 1580 626 1644 τίνα
643 1564 707 1647 οὖν
721 1580 811 1647 ἔστιν
825 1581 932 1645 εἰπεῖν
946 1581 1058 1645 αίτίαν

47 1698 74 1740 15
88 1681 156 1747 τῶν
173 1681 231 1747 τοῦ
247 1672 355 1765 Ἰησού
371 1679 534 1765 Ιμαθητων
546 1678 604 1766 τής
618 1674 683 1746 σύν
696 1672 787 1770 αύτῷ
800 1681 983 1767 διατριβῆς,
1002 1679 1056 1746 καί
1072 1705 1087 1746 (ι

86 1785 122 1848 τί
136 1776 173 1848 τὸ
191 1775 376 1867 άναγκαίον
399 1785 457 1867 τῆς
480 1780 557 1867 περὶ
581 1775 683 1849 αάτδν
707 1782 873 1867 σπονδῆς,
897 1786 1001 1849 τίνων
1020 1779 1058 1848 δὲ

87 1883 143 1950 καὶ
169 1879 373 1951 διδάσκαλον
402 1878 629 1969 ἐπεγράφοντο
658 1878 884 1969 μαθημάτωνς
914 1875 1057 1969 ήτοῦτρ
1152 1887 1157 1898 ’

87 1982 150 2070 μὲν
169 1985 290 2069 δήλονς
309 1979 440 2063 πάντως
458 1979 523 2070 γάρ
540 2007 606 2053 που
624 1970 673 2052 οἷν
697 1979 776 2070 παρ’
803 1979 906 2053 αὐτοῦ
930 1979 1058 2071 μαθόν·

87 2109 141 2161 τες
160 2089 208 2163 είς
226 2085 357 2173 ἑτέρους
376 2082 573 2171 ἐξήνεγκαν·
597 2091 817 2175 παραγγελίαι
837 2080 871 2152 δ’
890 2074 977 2173 ἦσαν
995 2083 1059 2154 αύ-

46 2207 74 2248 οο
88 2185 135 2276 τῷ
158 2182 347 2272 φιλοσόφον
376 2191 472 2272 βίον,
503 2181 544 2254 δν
570 2182 779 2273 ὑπογράφων
802 2183 915 2266 αὐτοῖς
943 2194 1057 2274 ἔλεγεν

84 2280 151 2374 “μή
174 2282 346 2372 κτήσησθε
370 2284 496 2373 χρνσδν
518 2286 602 2373 μηδὲ
626 2283 775 2375 άργνρον
799 2294 847 2366 είς
864 2285 921 2367 τάς
940 2286 1056 2375 ζώνας,

86 2386 131 2476 μή
157 2383 269 2476 πήραν
298 2392 345 2468 είς
369 2381 486 2474 ὁδόν,”
516 2387 572 2454 καλ
590 2383 629 2456 τά
647 2390 801 2472 τοιαῦτα,
825 2391 865 2477 τή
892 2388 929 2456 δέ
947 2385 1056 2456 πάντα

89 2486 262 2579 διοικούση
293 2494 434 2581 προνοίη
459 2484 582 2569 αύτούς
612 2483 801 2568 ἀναθέντας
834 2489 940 2576 μηδὲν
962 2517 1058 2576 μερι-

85 2595 175 2679 μνᾶν
198 2595 266 2661 τῶν
283 2596 406 2681 χρειῶν
423 2593 538 2679 ἕνεκα,
562 2587 705 2680 παρήνει
723 2587 756 2661 δ’
778 2585 891 2672 αὐτοῖς
915 2593 1057 2661 καὶτῶν

45 2714 73 2755 2⁵
82 2689 257 2775 Ἰουδαίοις
286 2689 353 2764 διεδ
389 2695 537 2773 Μωσέως
567 2695 850 2784 παρηγγελμένων
884 2700 1057 2783 κρείττονα

85 2812 236 2884 φρονεῖν.
272 2799 324 2865 34.
343 2792 402 2865 τδν
419 2796 482 2885 μδν
493 2791 562 2883 ’γάρ
580 2790 635 2864 οἷα
652 2801 841 2884 προχείροις
865 2801 911 2878 είς
929 2791 1054 2886 άνδρο-
1068 2820 1124 2871 (ιω)

86 2902 208 2984 φονίας
234 2899 457 2986 νομοθετῆσαι
480 2894 525 2991 μή
548 2895 724 2990 φονεύειν·
761 2893 919 2980 ὡσαύτως
945 2898 983 2968 δέ
1001 2900 1056 2968 καὶ

86 2995 131 3087 μή
150 2995 334 3087 μοιχεύειν,
353 2993 408 3069 οία
426 2995 654 3084 λαγνιστάτοις
671 2999 728 3067 καλ
745 2995 1056 3090 καταφερεστάτοις,

86 3100 142 3170 καὶ
167 3089 211 3170 αὖ
234 3097 335 3170 πάλιν
359 3097 403 3188 μή
428 3100 598 3187 κλέπτειν,
621 3093 676 3170 οία
702 3099 1055 3191 δονλοπρεπεστάτοις,

44 3218 73 3258 ³⁰
87 3197 209 3283 αὐτούς
234 3201 271 3271 δέ
296 3207 369 3272 δεῖν
391 3199 530 3280 τούτους
553 3200 615 3290 μὲν
635 3197 793 3289 ήγεῑσθαι
810 3201 856 3290 μή
873 3199 1056 3291 προσήκειν

87 3300 300 3384 αὐτοῖςτοὺς
323 3301 463 3392 νόμους,
487 3300 524 3372 τὸ
550 3298 586 3372 δ’
612 3297 743 3385 άπαθδς
765 3306 823 3392 τής
848 3309 955 3394 ψυχῆς
980 3307 1056 3395 περὶ

155 3451 187 3500 21
206 3450 307 3502 Matth.
323 3453 364 3516 10,
377 3453 402 3502 9.
