2326 3818
152 141 215 206 598
525 228 533 241 α
562 144 712 197 ευεεειι

84 311 139 362 (ιιι)
153 284 337 372 νομοθέτης
360 281 445 373 ὁμοῦ
467 286 522 353 καί
552 283 724 375 προφήτης
746 291 807 356 τοῦ
832 290 899 357 τῶν
924 286 1011 357 ὅλων
1035 292 1122 358 θεοῦ

152 387 207 454 καὶ
232 385 354 474 πατρὸς
378 382 483 456 αὐτοῦ
506 384 694 475 γενόμενος.
736 393 766 457 4,
786 384 860 457 ἄλλ’
880 384 898 457 ὁ
917 390 979 478 μὲν
997 396 1122 470 ἔθνους

151 486 224 568 ένός
237 484 391 576 ὁΜωσής
405 485 562 576 ἡγήσατο,
573 490 629 557 καὶ
643 486 831 577 κατάλληλα
843 491 879 560 δέ
892 489 1000 583 τοότφ
1014 490 1120 583 μόνφ,

150 586 225 677 οῦχλ
249 594 287 657 δὲ
313 591 369 658 καὶ
387 585 499 671 άλλοις
518 596 633 660 ἔθνεσι
655 595 850 679 νομοθετῶν
868 587 1118 662 όιποδέδεικται·

148 684 166 759 ὁ
186 694 226 760 δέ
241 719 279 779 γε
298 689 439 776 Χριστός
462 695 522 760 τοῦ
545 695 649 779 θεοῦ,
675 688 789 781 λαβών
813 695 1013 781 ἐπαγγελίαν
1031 691 1147 780 παράε

148 798 207 861 τοῦ
231 789 355 879 πατρός
379 788 442 879 τήν
460 787 616 880 “αίτησαι
639 789 720 883 παρ’
746 796 845 882 ἐμοῦ,
869 797 923 863 καλ
944 793 1041 864 δσόσω
1068 819 1121 865 σοι

149 898 234 981 ἔθνη
252 891 314 980 τήν
332 899 556 982 κληρονομίαν
577 917 657 983 σου,
678 889 722 976 ῦς
740 888 782 963 όν
800 894 845 983 μή
863 894 967 983 μόνον
982 892 1120 965 Ἰουδαί-

149 1023 219 1081 οις,
238 991 322 1062 ἀλλὰ
340 996 396 1063 καὶ
414 1001 459 1087 τῷ
477 996 577 1064 παντὶ
595 1000 663 1064 τῶν
680 993 873 1081 ἀνθρώπων
896 999 986 1083 γένει
1004 993 1120 1078 καινός

116 1128 133 1168 ο
149 1097 333 1184 νομοθέτης
352 1093 523 1182 εὐσεβείας
540 1092 606 1166 ῦπό
623 1099 684 1167 τοῦ
701 1093 824 1185 πατρός
841 1100 1060 1184 καταστῆναι,
1079 1101 1121 1187 τῇ

148 1195 284 1266 πάντων
297 1201 365 1267 νῦν
379 1201 491 1267 ἐθνῶν
505 1197 619 1286 κλήσει
634 1196 783 1287 δυνατήν
797 1201 852 1268 καὶ
861 1195 1023 1288 ἁρμόδιον
1037 1225 1117 1287 προ·
1134 1233 1159 1272 ιο

148 1301 309 1387 βέβληται
327 1306 541 1388 νομοθεσίαν.
577 1304 608 1369 5.
628 1302 784 1392 θειοτέρςι
801 1306 887 1387 γοῦν
904 1294 927 1388 ή
946 1297 1119 1370 κατάΜω·

147 1402 207 1471 σέα
235 1399 378 1489 δυνάμει
404 1398 487 1470 κατά
514 1397 638 1480 παντός
664 1408 723 1471 τοῦ
750 1399 876 1490 κόσμου
902 1401 980 1483 τοῦς
1008 1400 1119 1491 ίεροῦς

144 1497 250 1572 αῦτοῦ
263 1499 387 1591 νόμους
403 1501 458 1571 διά
471 1506 539 1571 τῦν
553 1498 798 1591 εῦαγγελιστῦν
811 1498 918 1572 αὑτοῦ
937 1507 1119 1592 διεταξατο,

144 1610 270 1693 μείζονι
285 1600 305 1691 ἢ
319 1599 392 1673 κατ’
407 1599 591 1694 ἄνθρωπον
606 1606 738 1695 ἐξουσίᾳ
755 1602 997 1692 νομοθετήσας,
1017 1606 1121 1676 είπσδν

145 1701 197 1775 ότι
211 1701 399 1794 “ήκοῦσατε
412 1703 462 1775 ότι
477 1708 600 1795 ἐρρέθη
610 1721 679 1787 τοῖς
697 1701 857 1796 ἄρχαίοις,
871 1703 912 1775 οῦ
926 1704 1118 1794 φονεύσεις·
1134 1735 1159 1774 15

62 1869 64 1872 .
148 1803 212 1894 ἐγοδ
228 1807 364 1895 δὲλέγω
381 1805 464 1895 ὑμῖν
476 1808 561 1895 μηδέ
577 1805 769 1897 ὀργίζεσθαι
788 1803 890 1894 είκή,”
910 1809 966 1875 καὶ
984 1804 1024 1874 τά
1041 1805 1120 1874 τοῦ·

147 1936 216 1990 τοις
245 1906 417 1979 ιἰκόλουθα
444 1904 507 1978 ὅσα
534 1907 578 1995 δή
603 1913 640 1979 έν
666 1923 738 1988 ταῖς
764 1904 988 1996 άναγράπτοις
1015 1904 1121 1977 αῦτοῦ

149 2015 380 2091 διδασκαλίαις
405 2011 599 2098 ἐμφέρεται,
628 2006 683 2099 ἐφ’
709 2005 759 2090 οἷς
784 2025 948 2097 μαρτυρεῖ
969 2008 1076 2094 λέγων
1100 2008 1118 2078 ὁ

149 2107 383 2199 εὐαγγελιστής
400 2107 450 2180 ότι
465 2104 721 2200 “έξεπλήττοντο
740 2108 860 2192 πάντες
876 2111 929 2179 ἐπὶ
944 2115 983 2200 τῇ
999 2114 1118 2201 διδαχή

124 2209 271 2282 ιαῦτοῦ·
299 2202 342 2300 ήν
365 2210 428 2301 γάρ
449 2203 619 2282 διδάσκων
637 2211 758 2294 αὐτοὺς
783 2209 827 2293 ὦς
846 2214 1000 2294 έξουσίαν
1020 2218 1118 2302 ἔχων,
1133 2243 1158 2283 εο

147 2316 203 2383 καὶ
222 2311 284 2403 οὐχ
303 2312 347 2395 ὡς
366 2319 401 2384 οί
416 2331 619 2403 γραμματεῖς
637 2311 783 2384 αὐτῶν.”

166 2484 167 2487 ,
224 2421 253 2486 6.
279 2418 344 2487 Τὸν
369 2416 407 2486 δέ
430 2414 554 2506 τρόπον
576 2422 633 2504 τής
658 2419 718 2486 τοῦ
742 2419 889 2504 σωτῆρος
906 2411 1002 2502 ήμῶν
1022 2419 1119 2483 διδα-

147 2525 286 2600 σκαλίας
309 2548 345 2589 τε
369 2519 425 2587 καὶ
442 2524 644 2605 νομοθεσίας
669 2520 705 2586 έν
728 2514 844 2606 ἀρχαῖς
871 2518 928 2603 τῆς
947 2513 1119 2602 παρούσης

146 2618 341 2702 ὑποθέσεως
366 2617 575 2704 διελθόντες,
600 2615 656 2688 ὅτε
680 2616 739 2688 τὸν
766 2613 1028 2706 Χριστιανισμόν
1051 2613 1118 2684 ὅτι

148 2724 230 2790 ποτέ
246 2723 337 2790 ἐστιν
362 2726 408 2800 εἰς
432 2716 581 2808 φανερόν
599 2718 742 2807 ήγομεν,
769 2715 821 2787 ἐπ’
850 2721 960 2787 ἐκεῖνα
979 2719 1033 2786 καλ
1054 2720 1119 2786 νῦν
1133 2745 1159 2788 25

147 2819 225 2900 τοῦς
244 2817 506 2910 ἐντυγχάνοντας
525 2823 798 2910 παραπέμυομεν.
827 2822 999 2906 ἐπιστήσαι
1018 2818 1055 2887 δὲ
1073 2822 1121 2913 τῷ

148 2919 237 3015 λόγφ
261 2919 369 3010 άξιον,
396 2919 441 3003 δι’
468 2917 508 2992 όν
530 2917 548 2992 ὁ
574 2921 687 3011 κῦριος
709 2920 919 3010 ὑπισχνεῖται
943 2918 1120 3009 προφήτην

148 3021 350 3112 ἀναστήσειν
368 3022 489 3105 αὐτοῖς.
524 3030 552 3093 7.
574 3023 688 3111 ἐπειδή
703 3023 766 3113 γάρ
780 3020 968 3093 κεκελεῦκει
982 3023 1045 3111 μὲν
1060 3021 1119 3090 αῦ-

148 3124 202 3207 τδς
225 3129 272 3220 τῷ
291 3136 412 3196 Μωσεῑ
434 3120 568 3214 όιγνίσαι
591 3124 650 3195 τὸν
668 3124 776 3195 πάντα
794 3122 876 3193 λαόν
901 3121 954 3210 ἐφ’
981 3119 1119 3212 ἡμέραις

148 3229 274 3313 τρισὶν,
294 3223 339 3308 ὡς
356 3222 399 3296 άν
416 3230 567 3315 γένοιντο
580 3228 700 3297 θεαταὶ
713 3221 797 3314 ὁμοῦ
814 3227 870 3295 καὶ
883 3222 1043 3313 ἀκροαταὶ
1061 3227 1119 3312 τῆς
1134 3254 1159 3295 ιο

151 3375 352 3384 -—..-.-——-

95 3469 97 3472 >
208 3459 289 3510 σει,
303 3462 327 3524 2,
345 3461 368 3512 ε,
479 3461 510 3511 ιι
529 3460 629 3513 Matth.
642 3461 666 3520 ε,
680 3461 721 3508 21.
828 3459 859 3508 ιο
877 3453 1069 3520 Μαιευτεο.
