2326 3818
533 120 684 172 EUSEBII

483 340 563 413 Ἀπὸ
580 348 640 412 τοῦ
655 337 736 430 Ἰωβ.

122 466 170 551 ’ξδς
183 467 287 538 ὁμοίως
299 475 359 533 τοῖς
376 466 499 538 πατράσι
517 469 566 524 καὶ
579 472 617 536 τῷ
624 463 694 552 ,Ἰὼβ
712 463 798 532 αότὸς
808 465 825 553 ῥ
844 466 1025 550 δημιουργός
1043 474 1104 529 τῶν

96 559 111 598 b
126 534 200 593 όλων
213 537 284 601 θεὸς
298 536 381 605 λόγος
395 535 495 606 ἔχρησέ
507 555 537 590 τε
549 537 600 591 καλ
617 540 786 605 οφθαλμοῖς
803 540 952 605 εωρασδαι
971 537 1102 609 λέγεται.

201 677 261 736 ΧΧ.
289 658 398 732 “Eine
423 662 461 730 δὲ
484 659 599 750 πόριος
622 664 669 754 τῷ
683 659 759 750 Ἰωβ
782 660 838 731 διά
861 669 1025 745 λαίλαπος
1043 669 1104 735 καλ

126 769 257 854 νεφῶν,
282 767 348 832 ποῦ
372 752 411 850 ἧς
430 765 467 831 ἐν
483 765 531 855 τῷ
547 766 729 851 δεμελιοῦν
745 792 787 851 με
803 761 865 851 τὴν
882 767 963 852 γην;
987 763 1127 855 ἀπάγει

126 876 238 954 γειλον
266 863 308 951 δή
334 892 390 951 μοι
417 870 448 931 εί
474 866 649 933 ἐπίστασαι
673 861 831 952 σόνεσιν,
859 871 909 955 τίς
932 872 1033 937 ἔθετο
1059 859 1103 938 τά

126 970 230 1055 με’τρα
248 960 368 1051 αὐτῆς,
388 970 419 1032 εί
435 960 562 1045 οἷδας.”
606 965 662 1034 καὶ
688 967 762 1053 ἑξῆς
775 960 853 1035 “ότε
872 965 1102 1059 ἐγενήθησαν,
1134 986 1139 993 “

127 1069 248 1155 φησὶν,
267 1062 390 1154 άστρα,
409 1061 535 1154 ᾔνεσάν
553 1094 593 1154 με
611 1069 711 1155 φωνῇ
722 1064 850 1156 μεγάλη
864 1066 987 1148 πάντες
1000 1065 1103 1157 άγγε·

60 1207 114 1260 [1551
130 1174 185 1237 λοί
200 1186 278 1256 μου·
308 1172 434 1257 ἔφραξα
453 1168 488 1237 δὲ
505 1164 683 1237 θάλασσαν
701 1164 853 1247 πόλαις.”
897 1173 927 1238 2.
946 1169 1002 1237 καὶ
1024 1172 1102 1258 ἑξῆς

103 1263 167 1357 fii
193 1271 247 1338 ἐπὶ
279 1275 341 1339 σοῦ
365 1271 550 1357 συντέταχα
578 1271 701 1357 φέγγος
732 1266 898 1358 πρωλνόν;
929 1268 1103 1361 ἑωσφόρος
1115 1301 1141 1341 ω

128 1371 165 1440 δὲ
189 1374 301 1441 ἐπεῖδε
323 1369 385 1457 τὴν
416 1373 537 1439 ἑαυτοῦ
559 1366 692 1455 τάξιυ;”
730 1373 760 1438 3.
787 1370 843 1438 καὶ
865 1365 968 1440 πάλιν
987 1365 1032 1459 “ἢ
1057 1370 1102 1443 σά

127 1470 242 1562 λαβοδν
260 1474 320 1560 γῆς
344 1470 452 1560 πηλόν
470 1479 615 1551 ἔπλασας
639 1475 723 1562 ζῷον
746 1473 803 1541 καί
827 1469 970 1559 λαλητόν
994 1467 1102 1543 αὐτόν

128 1582 212 1644 ἔθου
238 1576 293 1643 ἐπὶ
315 1576 373 1658 της
396 1579 474 1660 γῆς;
502 1568 637 1661 άφεῑλες
662 1572 700 1640 δὲ
718 1569 783 1642 όιπὸ
806 1566 941 1658 άσεβοόν
958 1571 995 1642 τὸ
1013 1576 1101 1662 φάς,

128 1681 290 1762 βραχίονα
315 1669 348 1742 δ’
373 1670 603 1762 ὑπερηφάνων
625 1673 842 1760 συνέτριψας;
867 1663 970 1761 ἦλθες
989 1674 1027 1743 δὲ
1046 1677 1103 1745 ἐπὶ

129 1773 240 1863 πηγηυ
257 1771 450 1862 θαλάσσης,
470 1778 507 1844 ἐν
526 1775 561 1843 δὲ
580 1783 710 1862 ίχνεσιν
727 1770 879 1860 όβόσσου
897 1773 1101 1864 περιεπάτη-
1113 1802 1138 1843 ιε

130 1902 207 1960 σας;
226 1872 418 1963 άνοίγονται
438 1877 477 1943 δέ
493 1896 545 1944 σοι
563 1872 659 1966 φόβῳ
678 1873 782 1944 πόλαι
798 1873 969 1963 θανάτου,
988 1885 1101 1947 πνλω-

130 1979 183 2065 ρολ
202 1973 366 2046 δὲ“Αιδον
390 1973 519 2056 ἰδόντες
537 1996 575 2044 σε
593 1971 778 2063 ἔπτηξαν;”
805 1982 835 2046 4.
855 1980 911 2045 καὶ
936 1977 990 2046 ἐπὶ
1014 1978 1102 2047 τέλει

129 2081 187 2146 τοῦ
207 2076 329 2155 παντὸς
346 2078 497 2164 χρησμοό
514 2072 730 2167 ἀποκρίνεται
751 2072 824 2165 Ἰόβ
847 2083 894 2168 τῷ
918 2085 1028 2170 κυρίῳ
1045 2080 1103 2148 λό-

103 2206 200 2264 ιγων
221 2173 390 2248 “όι’κουσον
418 2179 458 2247 δέ
486 2206 569 2266 μου,
602 2176 715 2268 κόριε,
749 2183 805 2247 ἵνα
831 2175 923 2264 αάγσδ
950 2175 1102 2267 λαλήσω·

133 2276 285 2367 ἐρωτήσω
306 2282 345 2349 δέ
361 2302 416 2367 σε,
442 2277 484 2349 σό
509 2284 549 2349 δέ
563 2306 605 2369 με
623 2282 768 2361 δίδαξον.
814 2276 919 2367 ἀκοὴν
935 2280 998 2368 μὶν
1017 2276 1102 2361 όιτός
1115 2308 1141 2349 ιο

130 2378 256 2467 ἤκουόν
282 2403 343 2451 σου
367 2378 404 2450 τό
427 2379 606 2471 πρότερον,
638 2385 704 2451 νῦν
730 2380 765 2449 δὲ
790 2375 808 2450 ὁ
837 2376 1012 2469 ὀφθαλμός
1035 2410 1103 2470 μου

131 2481 261 2572 ἑώρακέ
275 2503 328 2553 σε·
358 2480 410 2551 διό
425 2481 589 2570 ἐφαάλισα
604 2480 748 2569 ἐμαυτόν
761 2483 816 2550 καὶ
831 2480 962 2571 ἐτάαην,
976 2478 1103 2572 ἥγημαι

133 2586 168 2653 δὲ
190 2581 332 2671 ἐμαυτόν
350 2589 415 2670 γῆν
432 2586 488 2651 καὶ
507 2578 642 2652 σποδόν.
649 2578 667 2603 ”

208 2688 237 2752 5.
256 2682 325 2752 ’Ότι
347 2684 410 2771 μὲν
432 2671 495 2753 οὖν
520 2690 639 2772 κυρίου
663 2685 724 2753 τοῦ
749 2688 955 2773 δημιουργοῦ
978 2682 1104 2773 τυγχά-

130 2805 250 2853 νουσιν
267 2787 304 2850 αί
325 2789 541 2871 προκείμεναι
558 2784 670 2871 φωναὶ
694 2781 756 2853 οὐκ
776 2787 811 2853 ἐκ
835 2787 904 2854 τοῖν
921 2786 1102 2874 προτεθὲν-
1115 2813 1141 2854 ιο

133 2912 201 2953 των
218 2880 332 2973 μόνον,
352 2880 435 2953 άλλά
449 2887 506 2953 καὶ
520 2889 556 2954 ἐκ
569 2891 636 2956 τῶν
654 2907 707 2955 σοι
724 2887 937 2975 φαινομένων
956 2889 1104 2974 διαγνω-

133 3014 190 3055 ναι
208 2983 340 3077 ῥηίδιον·
373 2982 424 3055 ὅτι
449 2987 486 3055 δὲ
508 2984 545 3057 τό
560 2975 686 3075 “fimes
705 2989 759 3056 ἐπὶ
783 2986 894 3076 πηγὴν
915 2984 1102 3075 θαλάσσης,

135 3091 171 3157 ἐν
190 3087 227 3158 δὲ
246 3097 374 3177 ίχνεσιν
391 3083 544 3177 άβόσσου
561 3086 828 3178 περιεπάτησας”
854 3090 910 3158 καὶ
933 3087 971 3158 τὸ
984 3081 1103 3159 “άνοί-

133 3218 249 3276 γονται
280 3190 320 3259 δέ
348 3211 400 3260 σοι
430 3187 527 3283 φόβῳ
553 3188 656 3259 πόλαι
682 3188 851 3278 θανάτου,
883 3190 1034 3279 πυλωροὶ
1065 3190 1104 3258 δὲ

202 3421 355 3472 ιιοοεε.
460 3423 491 3471 19
509 3421 572 3472 σοι.
585 3422 628 3485 42,
641 3423 666 3471 4.
