<?xml version="1.0" encoding="UTF-8"?>
<!DOCTYPE html PUBLIC "-//W3C//DTD XHTML 1.0 Transitional//EN"
    "http://www.w3.org/TR/xhtml1/DTD/xhtml1-transitional.dtd">
<html xmlns="http://www.w3.org/1999/xhtml" xml:lang="en" lang="en">
 <head>
  <title>
</title>
<meta http-equiv="Content-Type" content="text/html;charset=utf-8" />
  <meta name='ocr-system' content='tesseract 3.04.00' />
  <meta name='ocr-capabilities' content='ocr_page ocr_carea ocr_par ocr_line ocrx_word'/>
</head>
<body>
  <div class='ocr_page' id='page_1' title='image "./eusebiicaesarie01dindgoog_0499.png"; bbox 0 0 2326 3818; ppageno 0'>
   <div class='ocr_carea' id='block_1_1' title="bbox 48 111 701 191">
    <p class='ocr_par' dir='ltr' id='par_1_1' title="bbox 48 111 701 191">
     <span class='ocr_line' id='line_1_1' title="bbox 48 111 701 191; baseline 0.005 -32"><span class='ocrx_word' id='word_1_1' title='bbox 48 187 50 191; x_wconf 13' lang='grc' dir='ltr'><strong><em>ι</em></strong></span> <span class='ocrx_word' id='word_1_2' title='bbox 141 111 206 174; x_wconf 81' lang='lat'><em>432</em></span> <span class='ocrx_word' id='word_1_3' title='bbox 553 111 701 162; x_wconf 75' lang='grc' dir='ltr'><em>ιιοευοιι</em></span> 
     </span>
    </p>
   </div>
   <div class='ocr_carea' id='block_1_2' title="bbox 144 247 1120 441">
    <p class='ocr_par' dir='ltr' id='par_1_2' title="bbox 144 247 1120 441">
     <span class='ocr_line' id='line_1_2' title="bbox 146 247 1120 339; baseline -0.001 -18"><span class='ocrx_word' id='word_1_4' title='bbox 146 255 199 321; x_wconf 76' lang='grc' dir='ltr'><em>ἐπὶ</em></span> <span class='ocrx_word' id='word_1_5' title='bbox 218 254 275 338; x_wconf 80' lang='grc' dir='ltr'><em>της</em></span> <span class='ocrx_word' id='word_1_6' title='bbox 293 253 362 337; x_wconf 78' lang='grc' dir='ltr'><em>γῆς.</em></span> <span class='ocrx_word' id='word_1_7' title='bbox 405 254 455 319; x_wconf 84' lang='lat'><em>59.</em></span> <span class='ocrx_word' id='word_1_8' title='bbox 475 252 531 318; x_wconf 83' lang='grc' dir='ltr'><em>καὶ</em></span> <span class='ocrx_word' id='word_1_9' title='bbox 556 257 647 319; x_wconf 77' lang='grc' dir='ltr'><em>ἔσται</em></span> <span class='ocrx_word' id='word_1_10' title='bbox 666 254 702 320; x_wconf 87' lang='grc' dir='ltr'><em>έν</em></span> <span class='ocrx_word' id='word_1_11' title='bbox 720 253 761 339; x_wconf 79' lang='grc' dir='ltr'><em>τη</em></span> <span class='ocrx_word' id='word_1_12' title='bbox 784 247 891 339; x_wconf 78' lang='grc' dir='ltr'><em>ᾑμέρᾳ</em></span> <span class='ocrx_word' id='word_1_13' title='bbox 919 251 1032 338; x_wconf 81' lang='grc' dir='ltr'><em>ἐκείνη</em></span> <span class='ocrx_word' id='word_1_14' title='bbox 1052 254 1120 333; x_wconf 81' lang='grc' dir='ltr'><em>ποὶς</em></span> 
     </span>
     <span class='ocr_line' id='line_1_3' title="bbox 144 341 1119 441; baseline 0.001 -20"><span class='ocrx_word' id='word_1_15' title='bbox 144 351 260 439; x_wconf 80' lang='grc' dir='ltr'><em>τόπος,</em></span> <span class='ocrx_word' id='word_1_16' title='bbox 280 341 321 421; x_wconf 85' lang='grc' dir='ltr'><em>ού</em></span> <span class='ocrx_word' id='word_1_17' title='bbox 340 348 398 420; x_wconf 86' lang='grc' dir='ltr'><em>έάν</em></span> <span class='ocrx_word' id='word_1_18' title='bbox 417 341 478 420; x_wconf 78' lang='grc' dir='ltr'><em>ὦσι</em></span> <span class='ocrx_word' id='word_1_19' title='bbox 496 358 597 440; x_wconf 91' lang='grc' dir='ltr'><em>χίλιαι</em></span> <span class='ocrx_word' id='word_1_20' title='bbox 616 349 756 441; x_wconf 84' lang='grc' dir='ltr'><em>άμπελοι</em></span> <span class='ocrx_word' id='word_1_21' title='bbox 774 359 890 440; x_wconf 87' lang='grc' dir='ltr'><em>χιλίων</em></span> <span class='ocrx_word' id='word_1_22' title='bbox 909 357 1048 437; x_wconf 79' lang='grc' dir='ltr'><strong><em>σίκλων,</em></strong></span> <span class='ocrx_word' id='word_1_23' title='bbox 1069 360 1119 434; x_wconf 85' lang='grc' dir='ltr'><em>είς</em></span> 
     </span>
    </p>
   </div>
   <div class='ocr_carea' id='block_1_3' title="bbox 62 449 1162 3371">
    <p class='ocr_par' dir='ltr' id='par_1_3' title="bbox 145 449 1142 745">
     <span class='ocr_line' id='line_1_4' title="bbox 146 449 1118 542; baseline 0 -19"><span class='ocrx_word' id='word_1_24' title='bbox 146 457 263 542; x_wconf 80' lang='grc' dir='ltr'><em>χέρσον</em></span> <span class='ocrx_word' id='word_1_25' title='bbox 283 459 414 522; x_wconf 82' lang='grc' dir='ltr'><em>έσουται</em></span> <span class='ocrx_word' id='word_1_26' title='bbox 432 455 486 521; x_wconf 83' lang='grc' dir='ltr'><em>καλ</em></span> <span class='ocrx_word' id='word_1_27' title='bbox 506 460 553 534; x_wconf 88' lang='grc' dir='ltr'><em>είς</em></span> <span class='ocrx_word' id='word_1_28' title='bbox 571 450 738 538; x_wconf 85' lang='grc' dir='ltr'><em>άκανθαυ,</em></span> <span class='ocrx_word' id='word_1_29' title='bbox 756 449 838 541; x_wconf 84' lang='grc' dir='ltr'><em>μετά</em></span> <span class='ocrx_word' id='word_1_30' title='bbox 855 452 973 538; x_wconf 79' lang='grc' dir='ltr'><em>βέλους</em></span> <span class='ocrx_word' id='word_1_31' title='bbox 988 455 1046 520; x_wconf 81' lang='grc' dir='ltr'><em>καὶ</em></span> <span class='ocrx_word' id='word_1_32' title='bbox 1064 481 1118 523; x_wconf 89' lang='grc' dir='ltr'><em>το·</em></span> 
     </span>
     <span class='ocr_line' id='line_1_5' title="bbox 145 550 1119 644; baseline 0.002 -22"><span class='ocrx_word' id='word_1_33' title='bbox 145 553 303 644; x_wconf 83' lang='grc' dir='ltr'><em>ξεύματος</em></span> <span class='ocrx_word' id='word_1_34' title='bbox 322 553 567 623; x_wconf 76' lang='grc' dir='ltr'><em>εἰσελεύσονται</em></span> <span class='ocrx_word' id='word_1_35' title='bbox 587 557 674 641; x_wconf 82' lang='grc' dir='ltr'><em>ἐκεῖ,</em></span> <span class='ocrx_word' id='word_1_36' title='bbox 700 550 750 622; x_wconf 80' lang='grc' dir='ltr'><em>ὅτι</em></span> <span class='ocrx_word' id='word_1_37' title='bbox 770 555 885 641; x_wconf 79' lang='grc' dir='ltr'><em>χέρσος</em></span> <span class='ocrx_word' id='word_1_38' title='bbox 904 555 960 620; x_wconf 81' lang='grc' dir='ltr'><em>καὶ</em></span> <span class='ocrx_word' id='word_1_39' title='bbox 978 550 1119 624; x_wconf 84' lang='grc' dir='ltr'><em>άκανθα</em></span> 
     </span>
     <span class='ocr_line' id='line_1_6' title="bbox 146 650 1142 745; baseline -0.003 -20"><span class='ocrx_word' id='word_1_40' title='bbox 146 663 236 725; x_wconf 78' lang='grc' dir='ltr'><em>ἔσται</em></span> <span class='ocrx_word' id='word_1_41' title='bbox 255 659 345 724; x_wconf 84' lang='grc' dir='ltr'><em>πάσα</em></span> <span class='ocrx_word' id='word_1_42' title='bbox 367 650 387 742; x_wconf 82' lang='grc' dir='ltr'><em>ἡ</em></span> <span class='ocrx_word' id='word_1_43' title='bbox 411 659 472 741; x_wconf 77' lang='grc' dir='ltr'><em>χὴ,</em></span> <span class='ocrx_word' id='word_1_44' title='bbox 497 657 553 723; x_wconf 83' lang='grc' dir='ltr'><em>καὶ</em></span> <span class='ocrx_word' id='word_1_45' title='bbox 578 659 645 723; x_wconf 77' lang='grc' dir='ltr'><em>πᾶν</em></span> <span class='ocrx_word' id='word_1_46' title='bbox 668 651 742 741; x_wconf 82' lang='grc' dir='ltr'><em>ὅρος</em></span> <span class='ocrx_word' id='word_1_47' title='bbox 769 651 1016 741; x_wconf 83' lang='grc' dir='ltr'><em>άροτριύμενον</em></span> <span class='ocrx_word' id='word_1_48' title='bbox 1034 652 1142 745; x_wconf 66' lang='grc' dir='ltr'><em>ἆραι</em></span> 
     </span>
    </p>

    <p class='ocr_par' dir='ltr' id='par_1_4' title="bbox 116 753 1117 1045">
     <span class='ocr_line' id='line_1_7' title="bbox 116 753 1117 846; baseline 0 -20"><span class='ocrx_word' id='word_1_49' title='bbox 116 755 371 846; x_wconf 81' lang='grc' dir='ltr'><em>ιτριαθήσεται.</em></span> <span class='ocrx_word' id='word_1_50' title='bbox 415 753 455 823; x_wconf 83' lang='grc' dir='ltr'><em>οὐ</em></span> <span class='ocrx_word' id='word_1_51' title='bbox 481 755 524 843; x_wconf 81' lang='grc' dir='ltr'><em>μη</em></span> <span class='ocrx_word' id='word_1_52' title='bbox 550 758 676 844; x_wconf 87' lang='grc' dir='ltr'><em>έπέλθη</em></span> <span class='ocrx_word' id='word_1_53' title='bbox 702 759 770 825; x_wconf 82' lang='grc' dir='ltr'><em>ἐκεῖ</em></span> <span class='ocrx_word' id='word_1_54' title='bbox 786 753 899 844; x_wconf 80' lang='grc' dir='ltr'><em>φόβος.</em></span> <span class='ocrx_word' id='word_1_55' title='bbox 942 763 1034 824; x_wconf 79' lang='grc' dir='ltr'><em>ἔσται</em></span> <span class='ocrx_word' id='word_1_56' title='bbox 1052 756 1117 845; x_wconf 83' lang='grc' dir='ltr'><em>γάρ</em></span> 
     </span>
     <span class='ocr_line' id='line_1_8' title="bbox 145 855 1117 945; baseline 0.002 -18"><span class='ocrx_word' id='word_1_57' title='bbox 145 857 210 927; x_wconf 85' lang='grc' dir='ltr'><em>άπὸ</em></span> <span class='ocrx_word' id='word_1_58' title='bbox 228 861 285 945; x_wconf 81' lang='grc' dir='ltr'><em>της</em></span> <span class='ocrx_word' id='word_1_59' title='bbox 310 859 430 944; x_wconf 79' lang='grc' dir='ltr'><em>χέρσου</em></span> <span class='ocrx_word' id='word_1_60' title='bbox 454 859 511 924; x_wconf 81' lang='grc' dir='ltr'><em>καὶ</em></span> <span class='ocrx_word' id='word_1_61' title='bbox 528 855 679 944; x_wconf 76' lang='grc' dir='ltr'><em>ἀκάνθης</em></span> <span class='ocrx_word' id='word_1_62' title='bbox 699 864 745 937; x_wconf 93' lang='grc' dir='ltr'><em>είς</em></span> <span class='ocrx_word' id='word_1_63' title='bbox 768 855 921 944; x_wconf 82' lang='grc' dir='ltr'><em>βόσκημα</em></span> <span class='ocrx_word' id='word_1_64' title='bbox 945 857 1117 943; x_wconf 78' lang='grc' dir='ltr'><em>προβάτου</em></span> 
     </span>
     <span class='ocr_line' id='line_1_9' title="bbox 146 954 564 1045; baseline -0.002 -18"><span class='ocrx_word' id='word_1_65' title='bbox 146 961 201 1027; x_wconf 83' lang='grc' dir='ltr'><em>καλ</em></span> <span class='ocrx_word' id='word_1_66' title='bbox 221 956 438 1045; x_wconf 87' lang='grc' dir='ltr'><em>καταπάτημα</em></span> <span class='ocrx_word' id='word_1_67' title='bbox 456 954 564 1044; x_wconf 85' lang='grc' dir='ltr'><em>βοός.”</em></span> 
     </span>
    </p>

    <p class='ocr_par' dir='ltr' id='par_1_5' title="bbox 145 1053 1162 1755">
     <span class='ocr_line' id='line_1_10' title="bbox 222 1053 1118 1149; baseline 0.002 -23"><span class='ocrx_word' id='word_1_68' title='bbox 222 1063 273 1126; x_wconf 84' lang='grc'><em>60.</em></span> <span class='ocrx_word' id='word_1_69' title='bbox 304 1062 453 1127; x_wconf 75' lang='grc' dir='ltr'><em>Τοσαῦτα</em></span> <span class='ocrx_word' id='word_1_70' title='bbox 484 1065 621 1130; x_wconf 79' lang='grc' dir='ltr'><em>ἔσεσθαι</em></span> <span class='ocrx_word' id='word_1_71' title='bbox 653 1063 690 1128; x_wconf 83' lang='grc' dir='ltr'><em>ἐν</em></span> <span class='ocrx_word' id='word_1_72' title='bbox 719 1061 761 1148; x_wconf 74' lang='grc' dir='ltr'><em>τῇ</em></span> <span class='ocrx_word' id='word_1_73' title='bbox 784 1053 889 1149; x_wconf 78' lang='grc' dir='ltr'><em>ἡμέρᾳ</em></span> <span class='ocrx_word' id='word_1_74' title='bbox 912 1065 972 1127; x_wconf 83' lang='grc' dir='ltr'><em>τοῦ</em></span> <span class='ocrx_word' id='word_1_75' title='bbox 991 1057 1118 1148; x_wconf 80' lang='grc' dir='ltr'><em>Ἐμμα-</em></span> 
     </span>
     <span class='ocr_line' id='line_1_11' title="bbox 148 1155 1151 1249; baseline 0 -20"><span class='ocrx_word' id='word_1_76' title='bbox 148 1158 253 1247; x_wconf 82' lang='grc' dir='ltr'><em>νουὴλ</em></span> <span class='ocrx_word' id='word_1_77' title='bbox 272 1159 292 1248; x_wconf 81' lang='grc' dir='ltr'><em>ἡ</em></span> <span class='ocrx_word' id='word_1_78' title='bbox 311 1167 463 1249; x_wconf 82' lang='grc' dir='ltr'><em>παροῦσα</em></span> <span class='ocrx_word' id='word_1_79' title='bbox 486 1167 671 1248; x_wconf 81' lang='grc' dir='ltr'><em>προφητεία</em></span> <span class='ocrx_word' id='word_1_80' title='bbox 689 1162 850 1249; x_wconf 87' lang='grc' dir='ltr'><em>περιέχει·</em></span> <span class='ocrx_word' id='word_1_81' title='bbox 885 1156 970 1246; x_wconf 83' lang='grc' dir='ltr'><em>άπερ</em></span> <span class='ocrx_word' id='word_1_82' title='bbox 998 1155 1116 1242; x_wconf 83' lang='grc' dir='ltr'><em>ὁποίας</em></span> <span class='ocrx_word' id='word_1_83' title='bbox 1128 1188 1151 1229; x_wconf 80' lang='grc' dir='ltr'><em>ιι</em></span> 
     </span>
     <span class='ocr_line' id='line_1_12' title="bbox 147 1257 1162 1350; baseline 0.004 -20"><span class='ocrx_word' id='word_1_84' title='bbox 147 1266 253 1350; x_wconf 80' lang='grc' dir='ltr'><em>ἔχεται</em></span> <span class='ocrx_word' id='word_1_85' title='bbox 277 1268 422 1350; x_wconf 88' lang='grc' dir='ltr'><em>θεωρίας</em></span> <span class='ocrx_word' id='word_1_86' title='bbox 449 1259 518 1350; x_wconf 74' lang='grc' dir='ltr'><em>ὥρα</em></span> <span class='ocrx_word' id='word_1_87' title='bbox 548 1268 719 1348; x_wconf 76' lang='grc' dir='ltr'><em>διελθεῖν,</em></span> <span class='ocrx_word' id='word_1_88' title='bbox 743 1258 806 1348; x_wconf 78' lang='grc' dir='ltr'><em>τὴν</em></span> <span class='ocrx_word' id='word_1_89' title='bbox 832 1257 984 1330; x_wconf 79' lang='grc' dir='ltr'><em>διάνοιαν</em></span> <span class='ocrx_word' id='word_1_90' title='bbox 1009 1265 1116 1334; x_wconf 84' lang='grc' dir='ltr'><em>έπιτε-</em></span> <span class='ocrx_word' id='word_1_91' title='bbox 1160 1334 1162 1343; x_wconf 83' lang='grc'><em>,</em></span> 
     </span>
     <span class='ocr_line' id='line_1_13' title="bbox 146 1357 1118 1455; baseline 0.002 -24"><span class='ocrx_word' id='word_1_92' title='bbox 146 1366 341 1451; x_wconf 88' lang='grc' dir='ltr'><em>μνομένους.</em></span> <span class='ocrx_word' id='word_1_93' title='bbox 374 1361 518 1448; x_wconf 85' lang='grc' dir='ltr'><em>“συριεῖ,</em></span> <span class='ocrx_word' id='word_1_94' title='bbox 537 1365 631 1450; x_wconf 83' lang='grc' dir='ltr'><em>φησὶ,</em></span> <span class='ocrx_word' id='word_1_95' title='bbox 650 1361 764 1449; x_wconf 90' lang='grc' dir='ltr'><em>κύριος</em></span> <span class='ocrx_word' id='word_1_96' title='bbox 777 1369 891 1451; x_wconf 85' lang='grc' dir='ltr'><em>μυίαις</em></span> <span class='ocrx_word' id='word_1_97' title='bbox 907 1365 942 1430; x_wconf 84' lang='grc' dir='ltr'><em>ἐν</em></span> <span class='ocrx_word' id='word_1_98' title='bbox 955 1369 995 1452; x_wconf 80' lang='grc' dir='ltr'><em>τῇ</em></span> <span class='ocrx_word' id='word_1_99' title='bbox 1009 1357 1118 1455; x_wconf 81' lang='grc' dir='ltr'><em>ἡμέρᾳ</em></span> 
     </span>
     <span class='ocr_line' id='line_1_14' title="bbox 147 1459 1119 1553; baseline 0.002 -21"><span class='ocrx_word' id='word_1_100' title='bbox 147 1467 276 1553; x_wconf 80' lang='grc' dir='ltr'><em>ἐκείνη,</em></span> <span class='ocrx_word' id='word_1_101' title='bbox 300 1459 318 1532; x_wconf 81' lang='grc'>3</span> <span class='ocrx_word' id='word_1_102' title='bbox 342 1461 512 1547; x_wconf 79' lang='grc' dir='ltr'><em>κυριεύσει</em></span> <span class='ocrx_word' id='word_1_103' title='bbox 536 1468 657 1551; x_wconf 78' lang='grc' dir='ltr'><em>μέρους</em></span> <span class='ocrx_word' id='word_1_104' title='bbox 680 1467 829 1551; x_wconf 82' lang='grc' dir='ltr'><em>ποταμοῦ</em></span> <span class='ocrx_word' id='word_1_105' title='bbox 848 1461 1040 1553; x_wconf 82' lang='grc' dir='ltr'><em>Αίγύπτου,</em></span> <span class='ocrx_word' id='word_1_106' title='bbox 1061 1469 1119 1534; x_wconf 82' lang='grc' dir='ltr'><em>καὶ</em></span> 
     </span>
     <span class='ocr_line' id='line_1_15' title="bbox 145 1561 1119 1655; baseline 0.003 -22"><span class='ocrx_word' id='word_1_107' title='bbox 145 1569 187 1654; x_wconf 74' lang='grc' dir='ltr'><em>τῇ</em></span> <span class='ocrx_word' id='word_1_108' title='bbox 204 1573 363 1653; x_wconf 90' lang='grc' dir='ltr'><em>μελίσση,</em></span> <span class='ocrx_word' id='word_1_109' title='bbox 383 1561 409 1654; x_wconf 79' lang='grc' dir='ltr'><strong><em>ἦ</em></strong></span> <span class='ocrx_word' id='word_1_110' title='bbox 432 1573 523 1634; x_wconf 83' lang='grc' dir='ltr'><em>ἔστιν</em></span> <span class='ocrx_word' id='word_1_111' title='bbox 548 1569 584 1634; x_wconf 87' lang='grc' dir='ltr'><em>έν</em></span> <span class='ocrx_word' id='word_1_112' title='bbox 610 1563 701 1655; x_wconf 81' lang='grc' dir='ltr'><em>χύρᾳ</em></span> <span class='ocrx_word' id='word_1_113' title='bbox 716 1561 934 1649; x_wconf 76' lang='grc' dir='ltr'><em>Ἀσσυρίων.”</em></span> <span class='ocrx_word' id='word_1_114' title='bbox 973 1569 1023 1634; x_wconf 88' lang='grc'><em>61.</em></span> <span class='ocrx_word' id='word_1_115' title='bbox 1043 1582 1119 1648; x_wconf 85' lang='grc' dir='ltr'><em>ταῖς</em></span> 
     </span>
     <span class='ocr_line' id='line_1_16' title="bbox 146 1661 1154 1755; baseline 0.001 -21"><span class='ocrx_word' id='word_1_116' title='bbox 146 1669 208 1753; x_wconf 77' lang='grc' dir='ltr'><em>μέν</em></span> <span class='ocrx_word' id='word_1_117' title='bbox 232 1669 406 1755; x_wconf 86' lang='grc' dir='ltr'><em>προτέραις</em></span> <span class='ocrx_word' id='word_1_118' title='bbox 431 1669 682 1753; x_wconf 77' lang='grc' dir='ltr'><em>είδωλολατρύυ</em></span> <span class='ocrx_word' id='word_1_119' title='bbox 704 1661 839 1750; x_wconf 75' lang='grc' dir='ltr'><em>ἀνδρῶν</em></span> <span class='ocrx_word' id='word_1_120' title='bbox 870 1680 992 1754; x_wconf 79' lang='grc' dir='ltr'><em>ψυχαῖς</em></span> <span class='ocrx_word' id='word_1_121' title='bbox 1014 1662 1035 1753; x_wconf 76' lang='grc' dir='ltr'><em>ἢ</em></span> <span class='ocrx_word' id='word_1_122' title='bbox 1060 1672 1154 1737; x_wconf 77' lang='grc' dir='ltr'><em>καλιε</em></span> 
     </span>
    </p>

    <p class='ocr_par' dir='ltr' id='par_1_6' title="bbox 116 1764 1156 2665">
     <span class='ocr_line' id='line_1_17' title="bbox 116 1764 1118 1856; baseline 0.006 -23"><span class='ocrx_word' id='word_1_123' title='bbox 116 1806 129 1833; x_wconf 76' lang='grc' dir='ltr'><em>ι</em></span> <span class='ocrx_word' id='word_1_124' title='bbox 148 1766 331 1856; x_wconf 80' lang='grc' dir='ltr'><em>δυνάμεσιν</em></span> <span class='ocrx_word' id='word_1_125' title='bbox 340 1807 357 1853; x_wconf 46' lang='lat' dir='ltr'><em>‚x</em></span> <span class='ocrx_word' id='word_1_126' title='bbox 375 1766 420 1846; x_wconf 85' lang='grc' dir='ltr'><em>ὡς</em></span> <span class='ocrx_word' id='word_1_127' title='bbox 438 1767 545 1856; x_wconf 82' lang='grc' dir='ltr'><em>οἶμαι,</em></span> <span class='ocrx_word' id='word_1_128' title='bbox 572 1764 773 1852; x_wconf 80' lang='grc' dir='ltr'><em>ἀκαθάρτοις</em></span> <span class='ocrx_word' id='word_1_129' title='bbox 792 1768 847 1834; x_wconf 83' lang='grc' dir='ltr'><em>καὶ</em></span> <span class='ocrx_word' id='word_1_130' title='bbox 864 1764 984 1854; x_wconf 82' lang='grc' dir='ltr'><em>άηδέσι</em></span> <span class='ocrx_word' id='word_1_131' title='bbox 1001 1775 1118 1854; x_wconf 82' lang='grc' dir='ltr'><em>μυίαις</em></span> 
     </span>
     <span class='ocr_line' id='line_1_18' title="bbox 145 1864 1119 1957; baseline 0.004 -21"><span class='ocrx_word' id='word_1_132' title='bbox 145 1864 412 1957; x_wconf 81' lang='grc' dir='ltr'><em>ὀνομαζομέναις,</em></span> <span class='ocrx_word' id='word_1_133' title='bbox 430 1871 486 1937; x_wconf 85' lang='grc' dir='ltr'><em>καὶ</em></span> <span class='ocrx_word' id='word_1_134' title='bbox 503 1875 617 1956; x_wconf 90' lang='grc' dir='ltr'><em>μυίαις</em></span> <span class='ocrx_word' id='word_1_135' title='bbox 635 1875 890 1954; x_wconf 82' lang='grc' dir='ltr'><em>Αίχνπτιακαῖς,</em></span> <span class='ocrx_word' id='word_1_136' title='bbox 908 1875 1046 1950; x_wconf 86' lang='grc' dir='ltr'><em>θυσίαις</em></span> <span class='ocrx_word' id='word_1_137' title='bbox 1061 1873 1119 1940; x_wconf 85' lang='grc' dir='ltr'><em>καλ</em></span> 
     </span>
     <span class='ocr_line' id='line_1_19' title="bbox 146 1966 1120 2061; baseline 0.006 -25"><span class='ocrx_word' id='word_1_138' title='bbox 146 1974 283 2055; x_wconf 85' lang='grc' dir='ltr'><em>αἵμασιν</em></span> <span class='ocrx_word' id='word_1_139' title='bbox 299 1967 449 2038; x_wconf 77' lang='grc' dir='ltr'><em>εἰδώλων</em></span> <span class='ocrx_word' id='word_1_140' title='bbox 462 1966 670 2057; x_wconf 89' lang='grc' dir='ltr'><em>χαιρούσαις·</em></span> <span class='ocrx_word' id='word_1_141' title='bbox 695 1972 735 2057; x_wconf 79' lang='grc' dir='ltr'><em>τη</em></span> <span class='ocrx_word' id='word_1_142' title='bbox 750 1969 787 2038; x_wconf 73' lang='grc' dir='ltr'><em>δέ</em></span> <span class='ocrx_word' id='word_1_143' title='bbox 800 1975 939 2058; x_wconf 87' lang='grc' dir='ltr'><em>μελίσση</em></span> <span class='ocrx_word' id='word_1_144' title='bbox 955 1967 1025 2061; x_wconf 71' lang='grc' dir='ltr'><em>ζῴῳ</em></span> <span class='ocrx_word' id='word_1_145' title='bbox 1040 1975 1120 2042; x_wconf 88' lang='grc' dir='ltr'><em>κέν-</em></span> 
     </span>
     <span class='ocr_line' id='line_1_20' title="bbox 146 2068 1119 2161; baseline 0.006 -25"><span class='ocrx_word' id='word_1_146' title='bbox 146 2096 226 2153; x_wconf 93' lang='grc' dir='ltr'><em>τρου</em></span> <span class='ocrx_word' id='word_1_147' title='bbox 251 2072 496 2161; x_wconf 77' lang='grc' dir='ltr'><em>ἐπιφερομένῳ,</em></span> <span class='ocrx_word' id='word_1_148' title='bbox 521 2068 713 2156; x_wconf 80' lang='grc' dir='ltr'><em>βασιλεύειν</em></span> <span class='ocrx_word' id='word_1_149' title='bbox 736 2098 771 2138; x_wconf 89' lang='grc' dir='ltr'><em>τε</em></span> <span class='ocrx_word' id='word_1_150' title='bbox 794 2073 849 2138; x_wconf 83' lang='grc' dir='ltr'><em>καλ</em></span> <span class='ocrx_word' id='word_1_151' title='bbox 874 2069 1119 2157; x_wconf 86' lang='grc' dir='ltr'><em>βασιλεύεσθαι</em></span> 
     </span>
     <span class='ocr_line' id='line_1_21' title="bbox 147 2168 1156 2263; baseline 0.006 -25"><span class='ocrx_word' id='word_1_152' title='bbox 147 2171 203 2238; x_wconf 80' lang='grc' dir='ltr'><em>καλ</em></span> <span class='ocrx_word' id='word_1_153' title='bbox 224 2179 382 2258; x_wconf 80' lang='grc' dir='ltr'><em>πολεμεῖν</em></span> <span class='ocrx_word' id='word_1_154' title='bbox 407 2175 633 2263; x_wconf 74' lang='grc' dir='ltr'><em>ἐπισταμένῳ,</em></span> <span class='ocrx_word' id='word_1_155' title='bbox 658 2168 851 2260; x_wconf 86' lang='grc' dir='ltr'><em>άμύυεσθαί</em></span> <span class='ocrx_word' id='word_1_156' title='bbox 872 2199 908 2239; x_wconf 93' lang='grc' dir='ltr'><em>τε</em></span> <span class='ocrx_word' id='word_1_157' title='bbox 926 2173 982 2241; x_wconf 84' lang='grc' dir='ltr'><em>καὶ</em></span> <span class='ocrx_word' id='word_1_158' title='bbox 998 2172 1118 2263; x_wconf 81' lang='grc' dir='ltr'><em>τιτρύ-</em></span> <span class='ocrx_word' id='word_1_159' title='bbox 1131 2203 1156 2244; x_wconf 80' lang='grc' dir='ltr'><em>ιο</em></span> 
     </span>
     <span class='ocr_line' id='line_1_22' title="bbox 147 2265 1121 2361; baseline 0.006 -21"><span class='ocrx_word' id='word_1_160' title='bbox 147 2295 240 2340; x_wconf 91' lang='grc' dir='ltr'><em>σκειυ</em></span> <span class='ocrx_word' id='word_1_161' title='bbox 268 2269 370 2341; x_wconf 80' lang='grc' dir='ltr'><em>είδότι</em></span> <span class='ocrx_word' id='word_1_162' title='bbox 396 2272 473 2353; x_wconf 82' lang='grc' dir='ltr'><em>τοὺς</em></span> <span class='ocrx_word' id='word_1_163' title='bbox 504 2271 780 2361; x_wconf 79' lang='grc' dir='ltr'><em>ἀνθισταμένους.</em></span> <span class='ocrx_word' id='word_1_164' title='bbox 829 2276 880 2340; x_wconf 76' lang='lat'><em>62.</em></span> <span class='ocrx_word' id='word_1_165' title='bbox 905 2271 1026 2354; x_wconf 91' lang='grc' dir='ltr'><em>ταύτας</em></span> <span class='ocrx_word' id='word_1_166' title='bbox 1055 2265 1121 2346; x_wconf 82' lang='grc' dir='ltr'><em>οὖν</em></span> 
     </span>
     <span class='ocr_line' id='line_1_23' title="bbox 146 2372 1121 2464; baseline 0.002 -21"><span class='ocrx_word' id='word_1_167' title='bbox 146 2372 228 2462; x_wconf 83' lang='grc' dir='ltr'><em>ὁμοῦ</em></span> <span class='ocrx_word' id='word_1_168' title='bbox 247 2372 490 2460; x_wconf 81' lang='grc' dir='ltr'><em>συνελθούσας,</em></span> <span class='ocrx_word' id='word_1_169' title='bbox 507 2373 566 2455; x_wconf 88' lang='grc' dir='ltr'><em>τάς</em></span> <span class='ocrx_word' id='word_1_170' title='bbox 583 2375 645 2464; x_wconf 71' lang='grc' dir='ltr'><em>μέν</em></span> <span class='ocrx_word' id='word_1_171' title='bbox 660 2378 768 2461; x_wconf 80' lang='grc' dir='ltr'><em>ἕκτης</em></span> <span class='ocrx_word' id='word_1_172' title='bbox 782 2376 849 2442; x_wconf 78' lang='grc' dir='ltr'><em>τῶν</em></span> <span class='ocrx_word' id='word_1_173' title='bbox 864 2379 1121 2460; x_wconf 75' lang='grc' dir='ltr'><em>είδωλολατροῐν</em></span> 
     </span>
     <span class='ocr_line' id='line_1_24' title="bbox 146 2472 1120 2566; baseline 0.002 -22"><span class='ocrx_word' id='word_1_174' title='bbox 146 2475 265 2566; x_wconf 81' lang='grc' dir='ltr'><em>χώρας,</em></span> <span class='ocrx_word' id='word_1_175' title='bbox 283 2475 341 2555; x_wconf 86' lang='grc' dir='ltr'><em>τάς</em></span> <span class='ocrx_word' id='word_1_176' title='bbox 361 2476 397 2543; x_wconf 74' lang='grc' dir='ltr'><em>δέ</em></span> <span class='ocrx_word' id='word_1_177' title='bbox 415 2473 480 2544; x_wconf 84' lang='grc' dir='ltr'><em>ἆπὸ</em></span> <span class='ocrx_word' id='word_1_178' title='bbox 497 2480 555 2563; x_wconf 77' lang='grc' dir='ltr'><em>τῆς</em></span> <span class='ocrx_word' id='word_1_179' title='bbox 573 2480 641 2545; x_wconf 78' lang='grc' dir='ltr'><em>τῶν</em></span> <span class='ocrx_word' id='word_1_180' title='bbox 654 2472 935 2544; x_wconf 85' lang='grc' dir='ltr'><em>κατευθυνόντων</em></span> <span class='ocrx_word' id='word_1_181' title='bbox 951 2477 1023 2562; x_wconf 75' lang='grc' dir='ltr'><em>γῆς,</em></span> <span class='ocrx_word' id='word_1_182' title='bbox 1044 2475 1120 2565; x_wconf 86' lang='grc' dir='ltr'><em>(κοι-</em></span> 
     </span>
     <span class='ocr_line' id='line_1_25' title="bbox 145 2573 1122 2665; baseline 0.003 -20"><span class='ocrx_word' id='word_1_183' title='bbox 145 2576 368 2654; x_wconf 87' lang='grc' dir='ltr'><em>τευθύνουτες</em></span> <span class='ocrx_word' id='word_1_184' title='bbox 379 2575 442 2662; x_wconf 78' lang='grc' dir='ltr'><em>γάρ</em></span> <span class='ocrx_word' id='word_1_185' title='bbox 457 2582 492 2643; x_wconf 89' lang='grc' dir='ltr'><em>οί</em></span> <span class='ocrx_word' id='word_1_186' title='bbox 506 2573 674 2660; x_wconf 84' lang='grc' dir='ltr'><em>Ἀσσύριοι</em></span> <span class='ocrx_word' id='word_1_187' title='bbox 695 2573 949 2665; x_wconf 83' lang='grc' dir='ltr'><em>ἕρμηνεύονται)</em></span> <span class='ocrx_word' id='word_1_188' title='bbox 965 2575 1122 2648; x_wconf 87' lang='grc' dir='ltr'><em>κελεύσει</em></span> 
     </span>
    </p>

    <p class='ocr_par' dir='ltr' id='par_1_7' title="bbox 117 2673 1158 2969">
     <span class='ocr_line' id='line_1_26' title="bbox 117 2673 1158 2764; baseline 0.005 -22"><span class='ocrx_word' id='word_1_189' title='bbox 117 2681 201 2746; x_wconf 80' lang='grc' dir='ltr'><em>ικαὶ</em></span> <span class='ocrx_word' id='word_1_190' title='bbox 217 2674 329 2764; x_wconf 73' lang='grc' dir='ltr'><em>ὥσπερ</em></span> <span class='ocrx_word' id='word_1_191' title='bbox 348 2683 525 2764; x_wconf 91' lang='grc' dir='ltr'><em>σνρίσματι</em></span> <span class='ocrx_word' id='word_1_192' title='bbox 542 2681 602 2746; x_wconf 86' lang='grc' dir='ltr'><em>τοῦ</em></span> <span class='ocrx_word' id='word_1_193' title='bbox 621 2683 741 2763; x_wconf 90' lang='grc' dir='ltr'><em>κυρίου</em></span> <span class='ocrx_word' id='word_1_194' title='bbox 765 2679 820 2745; x_wconf 82' lang='grc' dir='ltr'><em>καὶ</em></span> <span class='ocrx_word' id='word_1_195' title='bbox 838 2680 923 2747; x_wconf 79' lang='grc' dir='ltr'><em>θεοῦ</em></span> <span class='ocrx_word' id='word_1_196' title='bbox 939 2678 1008 2743; x_wconf 75' lang='grc' dir='ltr'><em>τῶν</em></span> <span class='ocrx_word' id='word_1_197' title='bbox 1025 2673 1120 2750; x_wconf 86' lang='grc' dir='ltr'><em>ὅλων</em></span> <span class='ocrx_word' id='word_1_198' title='bbox 1132 2703 1158 2747; x_wconf 73' lang='grc' dir='ltr'><em>τε</em></span> 
     </span>
     <span class='ocr_line' id='line_1_27' title="bbox 146 2774 1121 2866; baseline 0.002 -19"><span class='ocrx_word' id='word_1_199' title='bbox 146 2781 203 2862; x_wconf 80' lang='grc' dir='ltr'><em>της</em></span> <span class='ocrx_word' id='word_1_200' title='bbox 218 2775 379 2857; x_wconf 80' lang='grc' dir='ltr'><em>Ἰουδαίας</em></span> <span class='ocrx_word' id='word_1_201' title='bbox 397 2775 528 2864; x_wconf 77' lang='grc' dir='ltr'><em>ἁπάσης</em></span> <span class='ocrx_word' id='word_1_202' title='bbox 548 2777 798 2864; x_wconf 78' lang='grc' dir='ltr'><em>ἐπικρατήσειν,</em></span> <span class='ocrx_word' id='word_1_203' title='bbox 817 2778 873 2847; x_wconf 73' lang='grc' dir='ltr'><em>διά</em></span> <span class='ocrx_word' id='word_1_204' title='bbox 890 2774 951 2864; x_wconf 81' lang='grc' dir='ltr'><em>την</em></span> <span class='ocrx_word' id='word_1_205' title='bbox 970 2781 1017 2857; x_wconf 90' lang='grc' dir='ltr'><em>είς</em></span> <span class='ocrx_word' id='word_1_206' title='bbox 1037 2788 1121 2866; x_wconf 91' lang='grc' dir='ltr'><em>Χρι-</em></span> 
     </span>
     <span class='ocr_line' id='line_1_28' title="bbox 148 2873 1120 2969; baseline 0.002 -23"><span class='ocrx_word' id='word_1_207' title='bbox 148 2876 226 2946; x_wconf 87' lang='grc' dir='ltr'><em>στόν</em></span> <span class='ocrx_word' id='word_1_208' title='bbox 249 2873 406 2948; x_wconf 87' lang='grc' dir='ltr'><em>άπιστίαυ</em></span> <span class='ocrx_word' id='word_1_209' title='bbox 424 2875 552 2964; x_wconf 77' lang='grc' dir='ltr'><em>αὐτῶν,</em></span> <span class='ocrx_word' id='word_1_210' title='bbox 578 2883 615 2948; x_wconf 80' lang='grc' dir='ltr'><em>ἐν</em></span> <span class='ocrx_word' id='word_1_211' title='bbox 632 2883 673 2969; x_wconf 74' lang='grc' dir='ltr'><em>τῇ</em></span> <span class='ocrx_word' id='word_1_212' title='bbox 690 2874 795 2969; x_wconf 78' lang='grc' dir='ltr'><em>ἡμέρᾳ</em></span> <span class='ocrx_word' id='word_1_213' title='bbox 818 2885 879 2949; x_wconf 86' lang='grc' dir='ltr'><em>τοῦ</em></span> <span class='ocrx_word' id='word_1_214' title='bbox 894 2877 1120 2969; x_wconf 81' lang='grc' dir='ltr'><em>Ἐμμανονὴλ,</em></span> 
     </span>
    </p>

    <p class='ocr_par' dir='ltr' id='par_1_8' title="bbox 62 2970 1158 3272">
     <span class='ocr_line' id='line_1_29' title="bbox 62 2970 1119 3068; baseline 0.005 -21"><span class='ocrx_word' id='word_1_215' title='bbox 62 2970 64 2974; x_wconf 34' lang='grc'>’</span> <span class='ocrx_word' id='word_1_216' title='bbox 147 2988 247 3067; x_wconf 82' lang='grc' dir='ltr'><em>φησί·</em></span> <span class='ocrx_word' id='word_1_217' title='bbox 282 2987 436 3067; x_wconf 84' lang='grc' dir='ltr'><em>σημαίνει</em></span> <span class='ocrx_word' id='word_1_218' title='bbox 462 2982 498 3049; x_wconf 73' lang='grc' dir='ltr'><em>δὲ</em></span> <span class='ocrx_word' id='word_1_219' title='bbox 524 2979 579 3049; x_wconf 78' lang='grc' dir='ltr'><em>διά</em></span> <span class='ocrx_word' id='word_1_220' title='bbox 603 2979 731 3051; x_wconf 85' lang='grc' dir='ltr'><em>τούτων</em></span> <span class='ocrx_word' id='word_1_221' title='bbox 757 2988 842 3068; x_wconf 78' lang='grc' dir='ltr'><em>ἔθνη</em></span> <span class='ocrx_word' id='word_1_222' title='bbox 868 2975 1042 3067; x_wconf 86' lang='grc' dir='ltr'><em>άλλόφυλα</em></span> <span class='ocrx_word' id='word_1_223' title='bbox 1060 2985 1119 3052; x_wconf 86' lang='grc' dir='ltr'><em>καὶ</em></span> 
     </span>
     <span class='ocr_line' id='line_1_30' title="bbox 92 3074 1119 3169; baseline 0.004 -21"><span class='ocrx_word' id='word_1_224' title='bbox 92 3080 96 3089; x_wconf 47' lang='grc'><em>“</em></span> <span class='ocrx_word' id='word_1_225' title='bbox 146 3080 363 3168; x_wconf 84' lang='grc' dir='ltr'><em>στρατιωτικά</em></span> <span class='ocrx_word' id='word_1_226' title='bbox 387 3080 536 3169; x_wconf 83' lang='grc' dir='ltr'><em>οίκήσειυ</em></span> <span class='ocrx_word' id='word_1_227' title='bbox 559 3074 621 3168; x_wconf 81' lang='grc' dir='ltr'><em>τὴν</em></span> <span class='ocrx_word' id='word_1_228' title='bbox 638 3079 853 3168; x_wconf 74' lang='grc' dir='ltr'><em>Ἰερουσαλὴμ</em></span> <span class='ocrx_word' id='word_1_229' title='bbox 877 3084 933 3149; x_wconf 79' lang='grc' dir='ltr'><em>καὶ</em></span> <span class='ocrx_word' id='word_1_230' title='bbox 958 3080 1021 3168; x_wconf 80' lang='grc' dir='ltr'><em>τὴν</em></span> <span class='ocrx_word' id='word_1_231' title='bbox 1036 3077 1119 3152; x_wconf 87' lang='grc' dir='ltr'><em>Ἰου-</em></span> 
     </span>
     <span class='ocr_line' id='line_1_31' title="bbox 77 3177 1158 3272; baseline 0.008 -27"><span class='ocrx_word' id='word_1_232' title='bbox 77 3188 247 3257; x_wconf 77' lang='grc' dir='ltr'><em>[1991δαίαν</em></span> <span class='ocrx_word' id='word_1_233' title='bbox 270 3186 342 3270; x_wconf 76' lang='grc' dir='ltr'><em>γῆν.</em></span> <span class='ocrx_word' id='word_1_234' title='bbox 379 3187 430 3252; x_wconf 86' lang='grc'><em>63.</em></span> <span class='ocrx_word' id='word_1_235' title='bbox 450 3179 531 3271; x_wconf 85' lang='grc' dir='ltr'><em>ὅπερ</em></span> <span class='ocrx_word' id='word_1_236' title='bbox 555 3177 645 3252; x_wconf 82' lang='grc' dir='ltr'><em>καὶὸ</em></span> <span class='ocrx_word' id='word_1_237' title='bbox 667 3180 777 3271; x_wconf 78' lang='grc' dir='ltr'><em>σωτὴρ</em></span> <span class='ocrx_word' id='word_1_238' title='bbox 794 3177 890 3272; x_wconf 75' lang='grc' dir='ltr'><em>ἡμῶν</em></span> <span class='ocrx_word' id='word_1_239' title='bbox 908 3185 1158 3269; x_wconf 82' lang='grc' dir='ltr'><em>λευκοτέροιςιι</em></span> 
     </span>
    </p>

    <p class='ocr_par' dir='ltr' id='par_1_9' title="bbox 146 3279 1118 3371">
     <span class='ocr_line' id='line_1_32' title="bbox 146 3279 1118 3371; baseline 0.006 -21"><span class='ocrx_word' id='word_1_240' title='bbox 146 3279 306 3370; x_wconf 81' lang='grc' dir='ltr'><em>ὀνόμασιν</em></span> <span class='ocrx_word' id='word_1_241' title='bbox 338 3286 511 3368; x_wconf 82' lang='grc' dir='ltr'><em>ἑθέσπιζεν</em></span> <span class='ocrx_word' id='word_1_242' title='bbox 543 3281 648 3353; x_wconf 69' lang='grc' dir='ltr'><em>είπολν</em></span> <span class='ocrx_word' id='word_1_243' title='bbox 673 3281 752 3351; x_wconf 69' lang='lat' dir='ltr'><em>“nal</em></span> <span class='ocrx_word' id='word_1_244' title='bbox 776 3280 991 3371; x_wconf 77' lang='grc' dir='ltr'><em>Ἰερουσαλὴμ</em></span> <span class='ocrx_word' id='word_1_245' title='bbox 1023 3291 1118 3356; x_wconf 81' lang='grc' dir='ltr'><em>ἔσται</em></span> 
     </span>
    </p>
   </div>
   <div class='ocr_carea' id='block_1_4' title="bbox 215 3430 533 3495">
    <p class='ocr_par' dir='ltr' id='par_1_10' title="bbox 215 3430 533 3495">
     <span class='ocr_line' id='line_1_33' title="bbox 215 3430 533 3495; baseline 0.006 -16"><span class='ocrx_word' id='word_1_246' title='bbox 215 3434 245 3479; x_wconf 86' lang='grc'><em>31</em></span> <span class='ocrx_word' id='word_1_247' title='bbox 267 3431 334 3482; x_wconf 77' lang='lat' dir='ltr'><strong>Luc.</strong></span> <span class='ocrx_word' id='word_1_248' title='bbox 347 3434 388 3495; x_wconf 76' lang='lat'><em>21,</em></span> <span class='ocrx_word' id='word_1_249' title='bbox 402 3434 444 3484; x_wconf 79' lang='lat'><em>24.</em></span> <span class='ocrx_word' id='word_1_250' title='bbox 528 3430 533 3439; x_wconf 88' lang='grc'><em>“</em></span> 
     </span>
    </p>
   </div>
   <div class='ocr_carea' id='block_1_5' title="bbox 0 0 1168 3818">
    <p class='ocr_par' dir='ltr' id='par_1_11' title="bbox 0 0 1168 3818">
     <span class='ocr_line' id='line_1_34' title="bbox 0 0 1168 3818; baseline 0 0"><span class='ocrx_word' id='word_1_251' title='bbox 0 0 1168 3818; x_wconf 95' lang='lat' dir='ltr'><em> </em></span> 
     </span>
    </p>
   </div>
  </div>
 </body>
</html>
