2326 3818
333 111 520 162 ουωοαεν.
539 109 672 160 ΕνΑΝο.
691 111 724 161 x,
744 113 768 160 8.
962 107 1026 170 679

57 259 153 331 νίονς
170 248 234 338 ἤδη
253 253 309 320 καί
327 248 404 330 τούς
424 245 519 318 ἐν’
477 251 568 341 αυτῶ
585 246 737 342 ταρτάρῳ
761 252 871 338 θῆρας
890 246 1027 338 ἀγρίους

58 355 116 422 καὶ
133 349 311 441 φοβερούς,
330 340 448 438 περί
422 378 470 419 ων
479 345 614 432 Ἡσαΐας
628 349 710 439 πρὸς
722 348 782 420 τὸν
796 348 1029 419 ἐκπεπτωκότα

58 459 118 524 τοῦ
127 451 276 543 οὐρανοῦ
290 451 465 539 ἑωσφόρον
478 446 883 540 άποτεινόμενοςέλεγεν“
889 480 906 520 ο
895 448 1029 539 ’Ἅιδης

59 554 213 625 κάτωθεν
237 551 424 642 ἐπικράνθη
442 551 653 640 συναντήσας
670 575 739 640 σοι,
768 551 1029 640 σννηγέρθησάν

32 677 111 727 εσοι
129 653 250 737 πάντες
268 661 303 725 οί
317 653 505 743 γίγαντες,”
526 658 630 725 ταῦτα
650 653 691 742 δὴ
705 647 766 725 οὖν
779 653 910 724 ἅπαντα
930 676 1029 723 σννο·

58 762 128 847 ρῶν
152 760 278 840 ἔξωθεν
299 753 337 825 τό
361 754 686 844 ἀνεσκολοπισμένον
714 763 810 844 σῶμα
839 762 1029 825 κνκλοῦντα

353 856 361 878 ι
950 853 959 879 ,
994 861 1006 874 .

60 958 239 1048 διαγράφει
256 958 397 1048 φάσκων
409 953 704 1048 κπεριεκόκλωσάν
716 986 757 1047 με
771 956 887 1048 μόσχοι
901 961 1028 1043 πολλοὶ,
1044 984 1097 1035 {3141

58 1065 177 1150 ταῶροι
195 1068 308 1139 πίονες
327 1063 504 1149 περιέσχον
513 1087 564 1148 με.
588 1057 725 1148 ἤνοιξαν
741 1059 792 1129 ἐπ’
806 1061 862 1149 ἐμὲ
875 1058 912 1130 τό
926 1058 1029 1146 στόμα

20 1190 45 1230 ιο
59 1161 182 1248 αὑτῶν,
202 1160 246 1241 ῶς
264 1166 351 1231 λέων
368 1159 386 1231 ὁ
404 1159 561 1247 ’ἁρπάζων
578 1163 634 1230 καὶ
647 1158 869 1249 ῶρνόμενος.”
901 1166 950 1231 74.
966 1177 1029 1243 φυ·
1043 1191 1097 1241 (τοι)

58 1260 122 1352 χὴν
140 1261 220 1350 γὰρ,
247 1260 291 1344 ῶς
310 1262 415 1349 εἰκὸς,
440 1258 661 1352 ἀνθρωπείαν
678 1265 734 1331 καὶ
752 1268 792 1353 τῇ
811 1265 879 1332 τῶν
897 1266 1031 1331 πολλῶν
1080 1332 1081 1336 ,

58 1371 313 1454 παραπλησίαν,
336 1365 439 1434 πλέον
465 1365 503 1434 δὲ
526 1362 628 1434 οὐδὲν
652 1358 833 1451 ἡγούμενοι
858 1363 944 1433 εἶναι
968 1362 1030 1449 τὴν

58 1465 96 1535 τὸ
114 1472 209 1553 σῶμα
222 1462 332 1553 Ἰησοῶ
349 1470 643 1553 κατασκηνοῦσαν,
667 1463 804 1552 ἤνοιξαν
821 1464 857 1534 τὸ
876 1461 980 1553 στόμα
999 1468 1033 1534 οί

59 1569 311 1657 προειρημένοι,
331 1564 375 1648 ῶς
392 1561 515 1656 ὁμοίως
532 1583 605 1648 ταῖς
622 1564 738 1648 άλλαις
751 1570 819 1636 τῶν
836 1564 1031 1653 άνθρῶπων

20 1695 46 1736 15
59 1684 182 1757 ψυχαῖς
200 1670 256 1737 καὶ
274 1667 380 1755 αὐτην
393 1666 661 1758 καταπιοόμενοι.
690 1665 742 1737 διό
755 1690 860 1756 φησιν
872 1663 1032 1754 “ἤνοιξαν

60 1766 113 1839 ἐπ’
134 1770 190 1857 ἐμὲ
207 1767 243 1838 τό
261 1768 367 1858 στόμα
385 1764 498 1839 αὐτῶν
512 1765 557 1850 ῶς
570 1767 687 1839 λέωνδ
702 1767 924 1857 ἁρπάζωνκαὶ
943 1766 1032 1857 ῶρυ-

59 1867 218 1960 όμενος·”
256 1876 305 1941 75.
330 1867 380 1951 οἷς
404 1873 478 1958 ἑξῆς
503 1873 647 1960 ἐπιλέγει
666 1869 772 1940 “ῶσεὶ
798 1869 892 1958 ὕδωρ
921 1868 1032 1958 ἐξεχό-

59 1968 164 2059 θην.”
188 1969 270 2059 ὅπερ
284 1975 453 2060 αἰσθητῶς
469 1973 532 2060 μὲν
543 1975 599 2042 καὶ
614 1970 696 2043 κατά
709 1970 771 2060 τὴν
781 1977 931 2063 ἱστορίαν
945 1981 1033 2041 είποι

59 2069 103 2142 άν
121 2101 170 2153 τις
188 2077 448 2161 πεπληρῶσθαι,
471 2071 526 2144 ὅτε
545 2070 592 2155 εἷς
615 2081 684 2144 τῶν
702 2078 930 2161 στρατιωτῶν,
950 2072 1033 2143 κατὰ

22 2201 47 2240 εο
60 2170 119 2244 τόν
132 2172 372 2262 εὐαγγελιστην
380 2171 541 2263 Ἰωάννην
548 2170 630 2246 “toi
643 2171 751 2263 άμνοῦ
760 2181 820 2244 τοῦ
832 2181 916 2244 θεοῦ
930 2172 1032 2262 λόγχη

59 2273 123 2363 την
152 2272 302 2363 πλευράν
316 2338 319 2344 .
333 2281 444 2365 έννξε,
472 2280 529 2347 καὶ
560 2280 702 2364 ἐξῆλθεν
726 2272 831 2356 εόθῶς
852 2273 946 2362 ὕδωρ
975 2276 1059 2344 καὶο

62 2373 177 2465 αἷμα.”
215 2382 264 2446 76.
284 2375 372 2464 πλὴν
390 2374 545 2447 ἀλλὰκαὶ
561 2377 623 2465 τὴν
639 2375 722 2465 όλην
734 2381 793 2464 τῆς
807 2379 1032 2463 πνευματικῆς

61 2476 194 2566 φύσεως
217 2481 383 2567 νέκρωσιν
408 2483 535 2567 δηλοῦν
559 2485 644 2549 ἔοικε
669 2474 715 2548 δι’
737 2468 786 2548 ῶν
809 2498 914 2566 φησιν
926 2474 1032 2545 “caasa

59 2576 155 2669 ὕδωρ
181 2577 362 2668 ἐξεχύθην,
394 2583 451 2649 καὶ
476 2585 718 2670 διεσκορπίσθη
743 2577 852 2648 πάντα
881 2575 922 2647 τά
951 2573 1033 2648 όστά

21 2707 48 2747 25
60 2709 135 2769 μου.
163 2681 309 2770 ἐγενηθη
326 2676 348 2769 ἡ
366 2687 489 2773 καρδία
506 2710 572 2771 μου
591 2676 670 2752 ῶσεί
682 2679 782 2770 κηρὸς
798 2677 979 2769 τηκόμενος
999 2682 1035 2750 ἐν

60 2782 211 2874 μέσον
169 2810 228 2869 της
241 2789 368 2863 κοιλίας
378 2811 452 2871 μου.
486 2777 692 2873 έξηράνθη’
668 2812 712 2864 ως
726 2779 891 2873 οστρακον
904 2810 925 2869 η
912 2779 1034 2870 ’ίσχός

60 2911 160 3005 μου,”
168 2885 224 2952 καὶ
248 2881 340 2954 καὶ
322 2912 343 2972 η
362 2881 497 2972 γλῶσσά
514 2913 579 2973 μου
602 2882 798 3006 κεκόλληται
821 2887 868 2977 τῶ
891 2881 1037 2972 λάρυγγί

61 2979 150 3072 μου]
152 2979 249 3055 ’.77
269 2992 304 3053 τί
319 2983 383 3073 γάρ
401 2979 445 3055 άν
470 2983 553 3056 αλλο
569 2990 673 3055 ταῦτα
698 2984 808 3055 πάντα
832 2991 990 3074 σημαινοι
1012 3012 1032 3071 η

60 3092 183 3174 νεκροῦ
194 3083 344 3174 σῶματος
358 3085 536 3157 σύστασιν
528 3089 704 3177 ,ἐπιφέρει
715 3084 1033 3175 γοῶνεύθόςλέχων
1051 3129 1063 3157 ε

23 3211 50 3252 σο
57 3183 138 3257 “nal
163 3194 210 3268 είς
234 3191 317 3276 χοῦν
338 3185 491 3260 θανάτου
515 3186 699 3278 κατήναρές
724 3187 796 3278 με.”
840 3190 945 3257 ταῦτα
971 3215 1035 3276 μεν

133 3423 148 3469 3
167 3421 213 3473 Es.
228 3422 267 3481 14,
281 3425 305 3472 9.
409 3423 442 3475 20
460 3421 506 3474 Jo.
520 3424 560 3484 19,
574 3423 614 3472 34.
