2326 3818
343 111 780 166 DEMONST.EVANG.11.2.
869 168 871 175 ,
1004 110 1044 175 81

74 249 255 344 ὁΧριστὸς
277 253 339 322 τοῦ
354 254 460 341 θεοῦ,
486 247 529 322 οὐ
553 248 658 342 μόνον
677 248 966 340 Ἰουδαίοις,,οἰλλο“ι
989 255 1046 321 καὶ

74 353 158 448 ’πᾶσι
175 370 246 437 τοῖς
265 359 381 424 ἔθνεσι
394 352 505 446 σωτήρ
532 351 829 442 ἐπιφανησόμενος.
882 352 1045 444 χρήσομαι

78 456 116 526 δὲ
128 453 169 526 τοὶ
182 460 246 526 νῦν
264 464 377 539 ψιλαῖς
395 458 463 526 τῶν
479 457 662 545 προφητῶν
675 462 873 547 μαρτυρίαις
892 461 968 544 δίχα
986 482 1045 525 πα-

78 579 138 648 σης
158 559 347 648 ἑρμηνείας,
367 557 421 627 ἐπὶ
440 561 562 647 σχολῆς
579 557 712 645 μέλλων
730 554 874 645 ἑκάστην
892 563 939 636 είς
957 555 1040 626 πλοί-

50 687 132 741 στος
152 657 397 749 ὃιερμηυεύειυ,
417 656 501 728 ἐπὰν
515 656 580 729 σὺν
596 661 670 752 θεῷ
685 655 743 743 τοὶς
761 660 838 750 περὶ
850 662 918 727 τῶν
933 661 1046 728 ε’θυων

77 759 279 853 προρρήσεις
316 758 520 849 συναγαγών
555 756 640 850 ὁμοῦ
670 758 779 843 παίσας
812 757 1046 851 διερμηυεήειν

77 866 237 952 μέλλοιμι.

153 995 189 1056 11.
398 978 452 1067 ιβ’.
494 976 693 1070 Ψαλμοῦβῖ

77 1111 208 1180 Δήλωσις
220 1104 376 1192 ἐπιβουλῆς
389 1127 440 1163 του
427 1111 579 1193 Χριστοῦ
591 1108 642 1162 καί
651 1103 744 1192 αυτὸς
756 1103 849 1190 υίὸς’
833 1105 1045 1191 αναχορευόμε·
1084 1124 1095 1152 0

40 1197 65 1237 10
112 1196 160 1240 νος
173 1179 248 1231 θεοῦ
251 1174 379 1248 ,κλῆρόν
397 1195 427 1232 τε
440 1196 475 1230 τα
494 1174 569 1245 ἐθνη
581 1195 662 1243 παρα
672 1178 723 1231 τοῦ
735 1172 843 1244 πατρὸς
857 1173 1020 1246 λαμβάνων.

148 1281 276 1358 “Ἱνατί
309 1282 480 1377 ἐφρυαξαν
516 1291 602 1375 ἔθνη
639 1287 696 1355 καὶ
736 1288 810 1356 λαοὶ
845 1287 1045 1375 ἐμελέτησαν

77 1386 176 1474 κενάς
199 1389 415 1480 παρέστησαν
432 1393 468 1457 σι’
488 1395 637 1476 βασιλεῖς
659 1389 718 1474 τῆς
741 1391 821 1476 χής,
847 1389 902 1457 καὶ
926 1393 961 1456 οί
984 1385 1045 1476 ἅρ-

78 1516 192 1581 χουτες
206 1488 427 1579 συνήχθησαν
446 1491 501 1558 ἐπὶ
518 1487 554 1557 τὸ
573 1485 667 1576 αὐτὸ,
681 1485 764 1557 κατοὶ
781 1493 840 1559 τοῦ
851 1495 971 1578 κυρίου
989 1490 1045 1557 καὶ

78 1590 161 1662 κατὰ
178 1593 392 1681 τοῦΧριστού
405 1584 540 1680 αὖτοῦ,”
559 1592 615 1660 καὶ
633 1588 673 1659 τὰ
691 1591 781 1679 ἐξής·
799 1586 888 1671 2.οἷς
903 1591 1046 1678 ἐπιλέγει

39 1727 64 1767 ιε
76 1689 94 1718 “
105 1691 218 1786 κύριος
244 1691 338 1764 εἶπεν
362 1689 445 1784 πρός
470 1721 529 1783 με,
553 1690 626 1775 νίός
649 1721 715 1783 μου
734 1690 765 1762 εί
781 1691 836 1782 σύ,
856 1691 920 1782 ἐγώ
945 1689 1047 1781 σήμε-

79 1825 139 1886 ρον
169 1791 355 1885 χενένυηκα
379 1817 426 1865 σε.
469 1805 602 1884 αίτησαι
626 1791 708 1886 παρ’
743 1796 841 1885 ἐμοῦ,
865 1796 938 1864 καὶ
948 1791 1046 1864 δώσω

78 1919 131 1967 σοι
149 1905 235 1986 ἔθνη
252 1897 315 1986 τήν
333 1904 558 2023 κληρονομίαν
582 1918 644 1969 σου
684 1893 800 1967 καὶ
763 1925 825 1985 την
848 1893 1047 1985 κατοίσχεσίν

79 2021 140 2070 σου
154 2029 194 2070 τα
212 2002 338 2091 πέρατα
356 2005 412 2087 τῆς
429 1995 520 2089 χής.”

417 2168 468 2258 ιγ’.
505 2171 648 2257 Ψαλμου
664 2196 713 2237 οα.

40 2314 66 2354 20
80 2289 212 2363 Δήλωσις
225 2296 352 2365 Χριστου
368 2297 519 2376 βασιλείας
541 2295 591 2350 καὶ
609 2290 735 2365 κλήσεως
758 2290 856 2350 ἐθνῶν
877 2295 926 2348 καὶ
944 2296 1043 2348 πασῶν
1060 2303 1099 2354 [331

341 2382 398 2416 των
407 2368 511 2430 ψυλων
524 2383 575 2432 της
588 2383 641 2432 χης
654 2365 786 2431 ευλοχία.

155 2493 185 2558 3.
210 2481 245 2510 “‘
243 2456 369 2569 Οθεὸς
392 2484 429 2557 τό
452 2493 554 2578 κρίμα
581 2511 643 2558 σου
667 2493 713 2582 τῷ
737 2495 868 2575 βασιλεῖ
894 2484 968 2572 ὂὸς,
992 2490 1046 2555 καὶ
1122 2514 1124 2517 ·

78 2587 141 2681 τήν
160 2586 379 2678 δικαιοσύνην
402 2611 465 2661 σου
488 2592 536 2683 τῷ
558 2593 623 2684 υίῷ
639 2559 699 2660 τοή
713 2591 894 2677 βασιλέως,
918 2595 1048 2677 κρίνειν

78 2690 137 2763 τόν
150 2685 234 2762 λαόν
252 2687 343 2762 σον.”
381 2689 490 2762 καὶτὰ
508 2694 593 2819 ἕξής,
606 2687 655 2773 οἷς
674 2694 817 2780 ἐπιλέγει
837 2686 855 2711 “
864 2692 920 2761 καὶ
946 2720 1048 2760 κατα-

40 2821 66 2862 εε
79 2793 250 2884 κυριεύσει
268 2789 334 2864 ἀπὸ
352 2792 565 2884 θαλασσης“
546 2823 608 2876 εως
625 2791 810 2883 θαλάσσης,
829 2790 921 2864 καῖ’
903 2793 967 2864 απὸ
986 2821 1048 2864 πο-

78 2901 194 2985 ταμῶν
225 2925 287 2977 εως
322 2922 477 2985 περατων
512 2899 569 2984 τῆς
596 2891 822 3020 οίκουμὲνης.’
854 2897 911 2966 καὶ
946 2885 1047 2978 αὖθις

73 2993 261 3068 ’πάντα
224 3026 264 3067 τα
284 3005 369 3086 ἔθνη
389 2995 634 3068 δουλευσουσιν
652 2992 772 3089 αὐτῷῗ
815 3003 844 3066 4.
863 3000 919 3067 και
945 2996 1047 3066 παλιν

74 3097 93 3124 ‘
107 3095 394 3188 ευλογηθήσονται
413 3103 451 3169 ἐν
467 3127 557 3169 αυτω
583 3121 686 3169 πασαι
704 3104 742 3168 αί
765 3101 870 3188 φυλαὶ
894 3102 951 3187 τῆς
975 3101 1046 3184 γῆς,

79 3228 188 3271 ταυτα
209 3229 249 3271 τα
270 3209 355 3290 ἐθυη
374 3207 597 3291 μακαριοῦσιν
620 3195 752 3271 αυτόυ.”
801 3203 857 3270 και
881 3200 936 3268 ἐπὶ
960 3199 1047 3267 τέλει

147 3437 180 3486 23
198 3436 244 3488 ps.
260 3436 300 3497 τι,
318 3437 338 3485 1.

130 3533 267 3571 εσεεοισι
286 3533 332 3569 111.
853 3513 879 3578 *ὸ
