2326 3818
135 147 198 213 628
553 147 703 200 Ευεεειι

137 286 284 375 καταβὰς
309 290 345 357 έν
368 282 457 379 αὐτῷ
480 292 526 381 τῷ
549 291 677 379 Ψαλμῷ
700 289 850 377 ἐπιφέρει
874 291 981 376 λέγων
999 286 1105 378 “έμοῦ

138 392 174 460 δέ
194 389 249 460 διά
266 386 328 478 τήν
344 384 488 460 ἀκακίαν
504 383 722 477 ἀντελάβου,”
742 398 856 479 σαφῶς
873 388 910 460 τό
928 388 1105 480 ἀπειρόκα·

137 520 198 562 κον
237 495 296 561 τοῦ
330 493 414 562 θεοῦ
455 488 625 581 παριστάς.
676 495 746 571 πώς
781 492 818 560 δὲ
850 489 907 572 τάς
944 490 1105 581 ἡμετέρας

136 588 297 683 ἁμαρτίας
322 595 552 680 έξοικειοῦται,
578 594 632 662 καὶ
658 595 729 674 πώς
752 595 869 680 φέρειν
895 595 1024 680 λέγεται
1048 591 1106 677 τάς

136 693 275 784 ἀνομίας
293 692 399 784 ήμών,
419 690 439 781 ἢ
457 690 536 763 καθ’
557 689 684 782 ὃσώμα
702 691 806 763 αὐτοῦ
825 695 910 764 εἶναι
924 692 1129 784 λεμόμεθα,ο

136 796 218 867 κατά
241 795 300 866 τὸν
323 791 510 865 ἀπόστολον
530 791 686 882 φήσαντα
707 789 826 884 αὑμεῖς
854 797 889 864 δέ
913 796 986 865 ἐστὲ
1010 800 1106 886 σώμα

135 899 299 989 Χριστοῦ,
318 897 374 965 καὶ
392 897 475 984 μέλη
494 899 530 965 ἐκ
547 893 709 986 μέρους;”
750 901 802 964 22.
831 899 886 965 καὶ
905 895 984 967 καθ’
1006 892 1107 967 3πά-

137 1024 273 1089 σχοντος
287 995 362 1077 ἑνὸς
374 998 495 1086 μέλους
508 995 695 1086 σνμπάσχει
714 994 823 1068 πάντα
838 994 878 1066 τά
891 1003 985 1086 μέλη,
1000 997 1106 1080 οὕτως

137 1105 206 1170 τών
230 1102 363 1168 πολλῶν
386 1102 498 1188 μελών
520 1097 717 1188 πασχόντων
747 1102 802 1169 καὶ
833 1097 1105 1188 ἁμαρτανόντων,

112 1202 194 1271 ικαὶ
212 1196 312 1280 αὐτὸς
330 1196 412 1270 κατά
429 1199 507 1282 τοὺς
530 1203 587 1288 τῆς
612 1209 824 1289 συμπαθείας
848 1199 979 1288 λόγους,
999 1201 1106 1288 (έπει-
1118 1221 1142 1260 1⁰

139 1300 245 1393 δήπερ
265 1299 427 1391 εὐδόκησε
449 1307 534 1371 θεοῦ
553 1299 649 1390 λόγος
673 1297 723 1371 ών
744 1301 878 1393 μορφήν
902 1300 1027 1372 δούλου
1051 1313 1107 1372 λα·

138 1413 214 1493 βεῑν
237 1406 363 1497 καὶτῷ
387 1406 488 1495 κοινῷ
513 1400 649 1473 πάντων
671 1397 766 1491 ήμῶν
790 1401 980 1493 σκηνώματι
1005 1427 1106 1474 συνα-

137 1505 284 1595 φθήυαι)
300 1504 377 1586 τοὺς
395 1508 462 1574 τών
480 1501 678 1593 πασχόντων
695 1507 807 1593 μελών
824 1503 948 1585 πόνους
964 1512 1011 1586 είς
1030 1508 1106 1574 ἑαυ·

136 1606 194 1679 τὸν
205 1603 444 1694 ἀναλαμβάνει,
452 1606 507 1675 καὶ
517 1603 574 1687 τάς
581 1599 741 1695 ἡμετέρας
751 1604 872 1687 νόσους
885 1612 1107 1694 ίδιοποιείται,

138 1711 193 1778 καὶ
224 1707 360 1778 πάντων
390 1701 485 1796 ἡμῶν
509 1705 777 1797 όπεραλγείκαὶ
807 1701 994 1795 ἀπερπονεῑ
1023 1707 1106 1777 κατὰ
1119 1725 1144 1766 1⁵

138 1807 214 1890 τούς
237 1813 294 1898 τῆς
319 1815 578 1897 φιλανθρωπίας
603 1805 736 1897 νόμους.
781 1813 831 1878 23.
867 1805 907 1878 οὐ
937 1806 1041 1896 μόνον
1069 1809 1107 1878 δέ

138 1917 242 1981 ταῦτα
256 1908 380 1998 πράξας
394 1907 411 1979 ὁ
426 1908 528 1997 ἀμνὸς
545 1913 605 1979 τοῦ
622 1911 719 1995 θεοῦ,
740 1905 823 1978 ἀλλά
841 1911 896 1978 καλ
911 1904 996 1997 ὑπὲρ
1011 1903 1106 1996 ήμών

111 2013 318 2089 ικολασθεὶς
342 2012 397 2079 καλ
422 2016 584 2097 τιμωρίαν
601 2005 759 2099 ὑποσχών
776 2006 819 2099 ἣν
843 2006 941 2092 αὐτὸς
958 2011 1020 2098 μὲν
1042 2006 1107 2080 οὐκ
1143 2019 1145 2024 ’

141 2109 302 2200 ώφειλεν,
334 2106 407 2178 ἀλλ’
436 2107 530 2199 ἡμεῖς
554 2116 615 2180 τοῦ
637 2109 790 2199 πλήθους
813 2115 927 2182 ἕνεκεν
952 2118 1021 2182 τών
1050 2138 1107 2182 πε·

140 2214 438 2302 πλεμμελημένων,
463 2209 544 2300 ἡμῖν
570 2223 673 2295 αἴτιος
696 2216 754 2300 τῆς
779 2218 846 2283 τών
863 2207 1147 2303 ἀμαρτημάτωνῖθ

140 2313 290 2406 ἀφέσεως
309 2316 465 2403 κατέστη,
490 2309 548 2384 ἀτε
565 2312 623 2384 τόν
639 2309 725 2404 ὑπὲρ
751 2309 845 2404 ήμώυ
862 2309 1109 2403 ἀναδεξόμενος

139 2416 307 2504 θάνατον,
331 2414 491 2507 μάστιγάς
513 2444 549 2486 τε
574 2418 629 2485 καὶ
652 2413 767 2505 ὕβρεις
791 2417 847 2485 καλ
871 2412 1002 2504 ἀτιμίας
1027 2411 1109 2505 ήμίν

141 2520 399 2608 έποφειλομένας
424 2525 471 2599 είς
495 2515 598 2587 αὑτὸν
621 2520 826 2605 μετατιθεὶς,
858 2520 913 2587 καὶ
936 2514 998 2604 τήν
1028 2512 1110 2605 ἡμῖν

140 2623 447 2710 προστετιμημένην
465 2616 613 2740 κατάραν
631 2615 684 2707 ἐφ’
708 2617 828 2689 ἑαυτὸν
841 2617 993 2705 ἑλκύσας,
1012 2616 1110 2747 μενό-

141 2750 239 2810 μενος
257 2719 378 2810 ὑπλρ’
362 2724 457 2809 ημών
474 2717 616 2840 κατάρα
658 2721 713 2788 καὶ
731 2718 818 2789 τί
781 2749 847 2841 γαρ
863 2716 943 2790 ἀλλο
975 2715 1108 2807 ήάντί-
1122 2736 1149 2778 2⁵

142 2838 268 2910 ψυχον;
305 2819 357 2890 διό
375 2841 483 2943 φησιν
498 2814 566 2904 έξ“
548 2823 709 2911 ημετέρου
733 2820 914 2910 προσώπου
940 2819 977 2890 τό
995 2818 1110 2908 λόγιον

135 2918 204 3015 “τιμ
190 2918 361 3011 μώλωπι
379 2919 484 2992 αυτοῦ
502 2921 596 3047 ημεῖς
617 2921 777 3011 ίάθημεν,
805 2925 860 2992 καὶ
885 2921 998 3011 κύριος
1026 2949 1110 3012 παρ-

142 3027 267 3094 εἰλωκεν
288 3020 391 3094 αὐτὸν
413 3041 486 3106 ταίς
509 3021 724 3115 ἀμαρτίαις“
708 3019 838 3145 ημών,”
863 3020 947 3094 ώστε
975 3021 1109 3105 είκότως

96 3143 104 3149 ’
143 3129 230 3197 ἕυών
259 3123 378 3197 ἑαυτόν
402 3121 483 3214 ἡμῖν
507 3120 591 3214 ήμάς
615 3153 650 3195 τε
676 3120 783 3218 αὑτῷ,
815 3127 870 3194 καλ
900 3123 940 3194 τά
966 3124 1111 3216 ἡμέτερα

142 3226 235 3317 πάθη
255 3225 529 3317 ίδιοποιοόμενος,
547 3229 654 3316 φησὶν
666 3224 755 3315 “έγώ
780 3226 874 3313 εἶπα,
900 3224 1107 3317 κύριε-ἐλέη-
1122 3250 1149 3295 ιο

199 3458 217 3506 6
236 3460 260 3508 1.
277 3459 339 3514 θοι,
355 3461 395 3525 12,
411 3462 454 3512 27.
559 3461 590 3510 27
609 3460 657 3510 Es.
670 3461 712 3524 53,
725 3462 750 3522 5,
763 3461 787 3509 6.
