2326 3818
141 120 205 182 584
546 116 698 168 ευεευυ

143 255 320 347 ραξόμενος
338 255 403 326 ὑπὸ
426 262 486 325 τοῦ
510 260 666 343 Σατανᾶ,
692 247 792 325 καὶ
774 284 839 379 ην,
857 253 901 337 ὡς
924 253 942 324 6
969 253 1109 345 εὐαγγε-

143 357 256 446 λιστὴς
273 375 453 480 μαρτυρεῖ,
478 355 560 446 μετὰ
584 361 653 426 τῶν
676 353 839 444 θηρι’ωυ.”
881 364 910 425 5
935 365 1042 427 ποίων
1071 361 1110 429 δέ

143 458 271 531 τούτων
301 456 322 549 ἢ
349 448 398 531 τόν
427 456 630 548 μνημονεύει
659 456 783 547 ὁμετά
812 474 924 546 χεῖρας
959 458 1109 548 Ψαλμός,

143 560 225 650 πρὸς
242 559 301 632 τόν
319 565 355 631 ἐν
373 568 516 652 βοηθείᾳ
533 564 593 629 τοῦ
612 557 756 641 ὑψίστου
770 562 986 629 κατοικοῦντα
999 565 1109 649 λέγων

76 658 159 747 σπη’
164 666 217 733 ἐπὶ
243 661 371 733 ἀσπίδα
395 664 451 731 καὶ
474 669 673 748 βασιλίσκον
691 658 853 748 ἐπιβηση,
879 663 935 729 καί
959 690 1137 733 natam-⁵

143 763 254 853 τήσεις
285 766 403 834 λέοντα
429 769 487 831 καλ
517 759 718 849 δράκοντα.”
770 757 810 831 06
840 760 945 879 μόνον
978 763 1060 833 δὲ’
1043 765 1109 834 απὸ

142 865 271 936 τούτων
291 862 528 953 ρυσθήσεσθαι
550 862 609 932 τόν
634 860 756 949 αύτόν,
782 860 867 959 ἀλλά
891 862 988 932 καὶ’
971 864 1037 934 απὸ
1055 863 1110 934 λό-

74 1001 129 1050 (ιεη
145 996 208 1087 χον
225 964 441 1055 ταραχώδους
458 972 572 1083 φησίν
614 969 643 1033 6.
668 960 814 1044 τίςδ’”
796 993 839 1033 αν
863 976 914 1052 είη
939 955 1054 1034 καὶ
1013 994 1110 1086 ουτρς

144 1061 168 1155 ἧ
184 1064 288 1153 όνπερ
307 1062 398 1158 αύτῷ
415 1064 612 1153 προύτεινεν
635 1063 652 1135 6
680 1063 846 1154 πειράζων
863 1065 1000 1136 κατὰτὸ
1019 1065 1111 1155 ἱερόν

144 1163 356 1256 εὐαγγέλιονς
1123 1197 1149 1238 ιι

222 1275 250 1339 7.
285 1268 328 1339 Τὸ
348 1266 380 1337 δ’
403 1271 591 1339 αἴτιοντοῦ
608 1264 874 1356 πειράζεσθαι
842 1296 900 1336 τον
912 1276 1111 1355 τηλικοῦτον

143 1374 275 1460 σωτῆρα
293 1368 389 1460 ἡμῶν
402 1374 569 1458 σκοπῆται
583 1366 685 1452 ἀξιον.
720 1371 852 1458 μέλλων
871 1372 903 1451 ἐξ
916 1365 1111 1458 ἀνθρώπων

144 1478 256 1542 πᾶσαν
275 1471 378 1542 νόσον
395 1475 451 1541 καὶ
470 1475 584 1541 πᾶσαν
600 1478 771 1560 μαλακίαν
792 1468 833 1539 τό
855 1499 892 1540 τε
910 1475 1111 1559 ἐνοχλοῦντα

144 1572 317 1664 πνεύματα
335 1576 390 1642 καὶ
417 1571 495 1653 τούς
519 1570 733 1660 ἀκαθάρτους
757 1578 917 1660 δαίμονας
937 1575 969 1654 ἐξ
988 1579 1112 1654 αἰῶνος

62 1718 66 1723 -
143 1680 275 1766 μακροῦ
292 1678 360 1744 νῦν
378 1676 432 1744 ἐπὶ
450 1677 510 1762 γῆς
527 1671 664 1745 πόντων
690 1672 745 1742 διὰ
768 1671 825 1760 τῆς
849 1676 1023 1743 πολυθέον
1041 1680 1112 1743 δει-
1126 1702 1151 1744 ιε

145 1782 355 1866 σιδαιμονίας
390 1773 633 1863 κεκρατηκότας
669 1771 848 1861 ἐλαύνειν,
883 1770 946 1844 ούκ
982 1777 1018 1843 ἐκ
1051 1780 1112 1845 τοῦ

144 1875 296 1967 ἀφανοῦς
328 1875 440 1962 ὥσπερ
471 1873 753 1964 ἐπικρυπτόμενος
790 1877 844 1944 ἐπὶ
878 1875 918 1944 τὰ
953 1878 1111 1963 εἰρημένα

144 1977 283 2069 παρῄει,
314 1994 383 2059 τοῖς
414 1979 659 2065 παρενοχλοῦσι
696 1977 734 2046 δε
767 1974 930 2064 πρότερον
958 1971 1111 2062 ἀοράτοις

117 2077 285 2175 εάρχονσι
305 2074 354 2148 δι’
374 2106 415 2147 ου
402 2068 617 2166 ἀνείληφεν
634 2074 820 2166 ἀνθρώπου
840 2074 1112 2166 ἐπιστρατεύσας,

145 2183 258 2249 καὶεί
227 2187 274 2260 είς
298 2181 400 2268 μέσον
423 2175 527 2249 αύτού
555 2185 614 2249 τοῦ
640 2177 800 2268 διαβόλου
824 2181 881 2247 καὶ
905 2180 1027 2260 παντὸς
1050 2186 1112 2249 τοῦ
1126 2209 1153 2250 ιο

146 2288 344 2372 δαιμονικοῦ
374 2289 514 2370 στίφους
545 2279 745 2370 παρελθών,
779 2278 895 2367 ε’πιβάς
925 2308 961 2350 τε
993 2279 1114 2351 ἀσπίδι

34 2412 39 2423 ’
146 2385 201 2453 καὶ
226 2389 427 2477 βασιλίσκφ,
460 2385 519 2453 καὶ
543 2380 777 2471 καταπατήσας
807 2384 926 2451 λέοντα
950 2384 1006 2451 καὶ
1032 2382 1113 2473 δρά-

146 2515 264 2571 κοντα,
283 2489 339 2555 καλ
357 2484 444 2555 πολύ
463 2481 627 2574 πρότερον
645 2481 802 2554 καθελών
820 2487 887 2552 τῶν
904 2481 1114 2573 ἀρχοντικῶν

145 2588 280 2676 ἐχθρῶν
298 2585 448 2675 χιλιάδας
472 2589 528 2655 καὶ
545 2585 731 2674 μυριάδας,
756 2581 814 2665 τάς
837 2585 899 2672 μὲν
918 2588 1039 2654 ἐκτῶν
1058 2591 1113 2654 δε-

145 2692 241 2775 ξιῶν,
266 2684 323 2768 τάς
350 2687 387 2756 δὲ
406 2691 528 2756 ἐκτῶν
554 2684 739 2775 εὐωνύμων
756 2683 984 2773 πολεμούσας,
1008 2682 1113 2776 ἀρχάς
1126 2689 1162 2757 ιε’

145 2792 253 2857 τεκαὶ
273 2791 445 2874 ἐξουσίας,
471 2788 527 2855 καὶ
553 2786 595 2874 δὴ
620 2789 675 2857 καλ
696 2781 795 2866 “6069
814 2788 1014 2875 λεγομένους
1032 2808 1113 2857 κοσ-

145 2885 350 2978 μοκράτορας
373 2891 434 2958 τοῦ
458 2885 599 2970 σκότους
625 2886 826 2976 τούτου,τά
851 2914 887 2956 τε
904 2888 1113 2976 πνευματικὰ

120 3036 131 3064 e
144 2996 202 3078 τῆς
216 2986 412 3080 πονηρίας,”
431 2987 541 3060 πάντα
557 2990 599 3077 δὴ
613 2979 677 3061 ούν
689 2993 793 3060 ταῦτα
806 2986 843 3058 τό
862 2990 969 3079 μηδὲν
984 2987 1113 3078 ίσχύειν

145 3090 346 3180 ἀπελέγξας,
364 3095 421 3161 καὶ
438 3093 531 3172 τέλος
550 3089 654 3162 αὐτὸν
679 3090 738 3161 τὸν
756 3097 825 3162 τῶν
842 3095 955 3160 κακῶν
974 3094 1113 3180 ἔξαρχον

147 3192 307 3283 διάβολον
324 3197 371 3287 τῷ
389 3191 478 3287 λόχῳ
495 3197 556 3262 τοῦ
575 3191 736 3283 στόματος
755 3188 858 3263 αὑτοῦ
876 3191 1008 3282 μακρὰν
1026 3189 1111 3263 ἀπο·
1124 3221 1151 3263 εο

211 3426 245 3473 26
261 3426 334 3489 Eph.
348 3428 373 3488 6,
387 3429 428 3478 12.
