2326 3818
144 132 206 196 372
549 131 699 182 τουτου

145 274 333 359 προσεχέτω
352 268 372 358 ἡ
391 273 450 358 γη,
469 273 524 339 καὶ
542 268 663 352 πάντες
676 275 712 340 ολ
724 273 761 342 ἐν
774 266 892 363 αότῇ.”
929 277 981 342 21.
1001 275 1060 343 καὶ
1077 271 1114 345 τό

144 370 326 461 μαρτύριον
346 372 383 441 δὲ
406 377 466 440 τοῦ
490 369 623 452 πάθους
649 370 798 462 ᾐνίττετο
822 376 883 443 τοῦ
900 384 1022 463 κυρίου
1042 379 1115 445 ἐπι-

145 477 259 563 φέρων
272 468 351 542 “καὶ
369 480 460 542 ἔσται
470 471 584 561 κόριος
601 468 619 542 ό
636 471 716 553 θεὸς
729 468 826 562 όμοίν
839 481 886 554 ελς
899 472 1112 564 μαρτύριον.”

146 572 216 646 εὖθ’
238 575 312 663 ἑξῆς
329 573 347 643 ό
367 571 466 656 αότός
483 574 611 663 προϊὼν
628 572 811 663 προφήτης,
830 573 875 655 ὡς
887 568 929 646 ἀν
946 573 1012 664 ἤδη
1031 605 1114 666 προ-

145 675 331 755 παιδεόσας
348 673 388 745 τά
406 677 557 764 περὶτῆς
575 672 747 764 ὑπάρξεως
765 681 824 746 τοῦ
837 679 923 746 θεοῦ
935 676 1040 765 λόγου
1058 685 1137 767 τηςο

145 807 180 848 τε
199 781 232 860 ἐξ
258 775 414 864 οὐρανῶν
438 773 540 845 αὐτοῦ
565 774 795 864 καταβάσεως,
820 780 876 846 καὶ
894 772 939 859 σός
965 777 1006 847 τά
1025 791 1114 850 αλτιοι

78 910 132 961 (οτι)
146 887 203 966 τῆς
223 885 270 958 είς
287 873 490 965 ἀνθρώπους
508 874 614 947 αὐτοῦ
631 885 817 964 παρουσίας
836 878 1019 967 προειπὼν,
1040 883 1115 951 ἕπο-

145 984 254 1068 μὲνεος
277 975 338 1065 την
366 985 413 1058 ελς
437 975 639 1066 ἀνθρώπους
663 977 768 1048 αὐτοῦ
789 981 950 1068 ἐσομένην
967 983 1115 1070 γένεσιν,

146 1083 203 1149 καὶ
221 1071 301 1148 αὐτό
322 1078 363 1167 δὴ
382 1088 506 1168 χωρίον
523 1081 609 1150 ἔνθα
626 1077 855 1168 τεγθήσεσθαι
873 1087 1029 1170 ἔμελλεν,
1049 1072 1119 1153 οἶδέ

146 1208 216 1260 πως
249 1180 398 1251 διδάσκει
430 1183 537 1268 λέγων
564 1176 644 1251 “nal
675 1172 716 1250 σό
747 1181 903 1270 Βηθλεὲμ
935 1181 1026 1263 οἶκος
1056 1186 1150 1255 τοῦτο

141 1279 293 1371 Ἐφραθά
311 1279 480 1369 ὀλιγοστὸς
500 1282 531 1350 εί
546 1287 604 1352 τοῦ
624 1281 711 1351 εἶναι
729 1286 766 1352 ἐν
779 1279 924 1400 χιλιάσιν
938 1278 1061 1372 Ἱοόδα,
1081 1288 1117 1355 ἐκ

147 1405 208 1454 σου
226 1412 281 1473 μοι
300 1380 535 1466 ἐξελεύσεται
519 1381 716 1472 ηγοόμενος,
735 1411 794 1453 του
809 1384 895 1454 ελναι
911 1381 993 1465 ελς”
971 1413 1117 1474 αρχοντα

147 1489 246 1577 ἐντῷ
261 1483 410 1574 Ἰσραὴλ,
429 1485 485 1554 καὶ
499 1489 566 1553 αλ
548 1482 710 1566 ξοδοι
671 1513 774 1555 αυτου
788 1510 835 1553 απ
867 1512 972 1574 αρχης
986 1481 1053 1569 ἐξ
1034 1514 1116 1574 ημε

148 1592 217 1675 ρῶν
236 1581 386 1665 aldvosf

223 1692 274 1756 22.
291 1683 469 1775 Ἐπιμελοός
488 1687 525 1754 δὲ
548 1683 710 1774 πρόσσχες
739 1692 816 1754 τίνα
839 1682 964 1773 τρόπον
980 1693 1040 1756 τοῦ
1060 1689 1113 1757 ἐπὶ
1128 1715 1151 1759 ιτ

146 1785 207 1876 τὴν
224 1789 395 1876 Βηθλεεμ,
421 1788 559 1875 (χωρίον
576 1789 624 1873 ,δέ
646 1790 714 1856 ἐστι
737 1789 834 1857 τοῦτο
856 1793 914 1875 τῆς
935 1783 1117 1877 Ἰουδαίας)

147 1891 384 1977 φανησομέυου
401 1887 459 1967 τάς
479 1885 611 1970 ἐξόδους
629 1884 765 1957 ἀνωθεν
778 1889 834 1957 καὶ
850 1890 882 1970 ἐξ
896 1891 1016 1969 αλοῖνος
1032 1887 1115 1976 ὑφε-

82 2068 86 2075 .
148 1987 265 2057 στάναι
289 1990 391 2075 φησὶ,
418 2017 479 2075 την
504 1995 625 2057 ἔνθεον
642 1991 755 2076 δηλῶν
778 1987 972 2080 προόπαρξί
970 2020 990 2060 ν
1006 2017 1042 2059 τε
1059 1992 1117 2059 καὶ

118 2085 309 2161 ιοόσίωσιν
327 2095 385 2157 τοῦ
405 2091 441 2157 ἐκ
458 2090 612 2178 Βηθλεεμ
636 2088 970 2179 προελευσομὲνου”
948 2119 1117 2180 αρχοντος.

148 2196 180 2260 ελ
195 2190 314 2313 μὲν
279 2217 342 2260 ουν
368 2195 434 2278 ὲχοι
458 2219 507 2272 τις
532 2189 584 2277 ἐφ’
616 2218 730 2280 ετερον
753 2188 936 2281 ἀναφέρειν
960 2189 1019 2261 τόν
1037 2221 1119 2281 χρη·
1131 2222 1155 2263 τι

148 2292 251 2382 σμόν,
270 2298 320 2372 τίς
338 2293 434 2372 οὑτος
452 2290 697 2362 ἀποδεικνότω
728 2289 808 2362 ελδ’
824 2320 889 2362 ουκ
899 2289 1040 2363 ἔστιν
1004 2309 1119 2415 ενρειν

148 2422 262 2484 ετερον
280 2397 338 2463 τοῦ
357 2400 504 2485 σωτῆρος
529 2391 624 2484 ἡμῶν
639 2389 748 2482 Ἰησου
765 2392 975 2482 Χριστοῦ,
957 2390 992 2474 ὃς
1017 2392 1119 2483 μόνος

147 2496 229 2584 μετά
247 2496 308 2583 τὴν
329 2503 537 2586 προφητείαν
555 2489 739 2565 ἐνθένδε
716 2497 909 2584 ωρμημένος
932 2498 1070 2585 βοᾶται,
1088 2506 1120 2567 τλ

149 2594 266 2666 λοιπόν
291 2596 447 2726 ἐμποδὼν
470 2624 514 2684 μη
503 2592 607 2685 οὐχὶ
630 2606 871 2685 συνομολογειν
894 2594 1118 2684 ἀλήθειαν
1077 2627 1118 2688 τη

148 2703 353 2787 προφητείᾳ,
379 2694 493 2766 ἐπὶ’
451 2725 542 2818 μονφ
567 2693 656 2790 αὐτῷ
676 2696 864 2789 σαλευοόση
888 2725 950 2819 την
968 2694 1118 2787 πρόρρη-
1132 2728 1158 2769 ιε

149 2822 227 2880 σιν;
243 2794 351 2925 μόνος
374 2800 459 2885 γοῦν
482 2787 577 2878 οὗτος
604 2767 768 2887 ἐάιφανης
786 2828 854 2869 των
870 2795 1003 2869 πάποτε
1020 2826 1120 2888 γεγο-

148 2896 215 2979 νεός
234 2901 271 2967 ἐκ
288 2902 347 2968 τοῦ
372 2902 613 3022 προειρημένοη
636 2907 722 2991 χωρί
720 2930 761 2970 ου
783 2904 841 2989 τῆς
858 2900 990 2988 Βηθλεδ
990 2930 1014 2990 μ
1037 2902 1119 2990 μετά

149 2995 225 3078 τοός
251 3002 309 3086 τῆς
326 3007 528 3089 προφητείας
549 2999 689 3092 χρόνους
709 3001 745 3071 τό
760 2999 976 3091 ἀνθράπειον
989 2998 1119 3081 ὑποδός

126 3104 260 3190 εσχημα
270 3100 513 3191 προελήλυθεν,
531 3099 600 3192 ἀμα
616 3131 652 3172 τε
665 3108 705 3194 τῇ
724 3101 830 3173 αὐτοῦ
842 3109 1010 3196 παρουσίᾳ
1020 3104 1118 3191 ἐπλη-

149 3209 248 3287 ρούτο
263 3199 303 3272 τά
316 3206 597 3296 προηγορευμένα.
629 3209 680 3275 23.
696 3201 815 3275 αὐτίκα
825 3210 909 3294 γοῦν
921 3207 978 3277 καὶ
991 3200 1055 3275 οὐκ
1069 3211 1118 3287 είς
1130 3236 1156 3277 εο
