2326 3818
329 157 514 209 DEMONST.
529 156 661 208 EVANG.
679 157 755 210 VIII.
774 160 797 208 l.
970 157 1032 222 531

65 294 105 365 δν
120 291 284 384 Ἀντίοχος
310 292 389 377 τούς
403 291 586 376 Ἰουδαίους
608 293 832 386 πολιορκήσας
853 299 1036 386 ἑλληνίζειν

66 396 298 485 κατηνάγκαζε.
343 403 391 466 72.
412 395 491 486 μεθ’
518 393 558 467 δν
575 396 720 487 προστάς
742 401 811 467 των
831 399 1034 489 πραγμάτων

61 497 186 580 Ἰούδας
218 494 235 568 ὁ
264 500 456 586 ἐπικληθεὶς
481 506 701 585 Μακκαβαῖος
734 497 937 589 ἐξεκάθηρεν
967 507 1034 573 τῶν

65 597 197 687 άσεβῶν
222 597 284 688 τὴν
310 597 437 691 χώραν·
470 595 551 671 δνὸ
579 595 724 688 άδελφὸς
739 596 901 689 Ἰωνάθης
921 606 1034 672 διαδέ-

39 729 164 790 5χεται.
202 703 258 770 καὶ
277 699 377 772 πάλιν
384 708 514 791 Σίμων,
533 691 575 772 ού
588 699 671 779 κατά
684 700 745 792 τὴν
762 700 920 791 τελευτὴν
938 707 1033 791 ἔβδο·

63 832 127 892 μον
145 804 200 872 καὶ
221 802 468 892 ἑβδομηκοστὸν
485 805 540 873 καὶ
560 803 737 874 ἑκατοστὸν
755 810 826 886 ἔτος
845 807 1034 895 ἐξαριθμεῖ-

64 932 116 973 ται
135 907 192 994 τῆς
210 903 294 975 κατά
311 915 446 996 Συρίαν
463 900 566 995 ἀρχῆς
589 903 609 994 ἡ
628 903 742 995 πρώτη
760 907 948 995 καλουμένη
967 911 1034 978 τῶν

64 1013 300 1095 Μακκαβαίων
325 1014 458 1095 βίβλος,
487 1014 534 1088 είς
551 1010 647 1077 τοῦτο
670 1013 729 1076 τού
747 1005 871 1097 χρόνον
889 1007 1034 1078 καταλύ-

63 1129 150 1177 σασα
168 1106 229 1194 τὴν
249 1115 415 1198 ἱστορίαν·
435 1113 484 1176 73.
500 1103 584 1177 ὥστε
595 1106 805 1196 συνάγεσθαι
815 1104 880 1178 άπὸ
898 1109 1032 1199 πρώτου
1047 1141 1100 1194 (394)

27 1237 50 1276 ιο
65 1215 159 1288 ἔτους
176 1207 294 1297 Κύρου
312 1211 368 1278 καὶ
386 1213 531 1296 Περσῶν
549 1216 721 1295 βασιλείας
740 1211 794 1278 ἐπὶ
812 1208 848 1278 ιδ
866 1212 959 1294 τέλος
977 1216 1034 1301 τῆς

62 1312 133 1379 τοῖν-
147 1316 382 1396 Μακκαβαίωυ
408 1313 540 1398 γραφῆς
562 1311 619 1380 καὶ
643 1312 697 1378 ἐπὶ
720 1307 782 1397 τὴν
799 1317 955 1399 Σίμωνος
973 1318 1035 1382 τού

59 1408 240 1499 ἀρχιερέως
250 1407 409 1497 τελευτὴν
426 1417 482 1498 ἔτη
495 1408 690 1500 τετρακόσια
704 1413 923 1481 εἰκοσιπέντε·
951 1410 1031 1500 μεθ’

62 1507 258 1600 άἿωνάθης
282 1509 344 1600 τὴν
367 1509 635 1601 ἀρχιερωσύνην,
661 1506 741 1592 οδςὸ
762 1509 920 1600 Ἰώσηπός
938 1535 1032 1602 φησι,

63 1614 251 1702 διαδέχεται
265 1615 319 1684 ἐπὶ
334 1621 442 1684 ἔτεσιν
461 1615 559 1683 ἐννέα
576 1615 633 1682 καὶ
652 1624 765 1683 είκοσι.
797 1608 876 1702 μεθ’
893 1611 933 1684 δν
946 1613 1033 1705 Ἀρι-

24 1743 48 1782 15
62 1713 242 1801 στόβουλος
261 1712 415 1786 ἐνιαυτὸν
432 1713 573 1804 ἡγεῖται,
591 1709 627 1795 ὃς
642 1722 770 1806 πρῶτος
788 1713 870 1804 μετὰ
887 1715 948 1805 τὴν
966 1715 1032 1787 άπὸ

61 1821 264 1905 Βαβυλῶνος
284 1815 449 1888 ἐπάνοδον
468 1815 614 1906 διάδημα
633 1814 807 1903 βασιλικὸν
824 1825 1033 1907 περιτίθεται

61 1917 143 2009 πρὸς
157 1924 197 2009 τῇ
211 1917 453 2011 ἀρχιερωσύνη.
486 1924 536 1989 74.
551 1922 669 1990 τοῦτον
685 1921 871 2008 διαδέχεται
880 1915 1033 2002 Ἁλέξαν-

63 2026 158 2110 δρος,
183 2022 340 2108 βασιλεὺς
363 2020 430 2109 ἅμα
455 2023 511 2091 καὶ
529 2018 718 2113 ἀρχιερεύς,
743 2027 830 2091 ἔτεσι
855 2023 910 2090 καὶ
935 2019 1033 2104 αύτός

64 2120 145 2191 ἑπτά
172 2125 227 2191 καὶ
255 2134 359 2193 είκοσι
386 2121 533 2212 προστάς
558 2127 628 2193 τῶν
653 2121 874 2214 πραγμάτων·
914 2131 962 2204 είς
993 2121 1060 2193 δνο

23 2251 48 2291 ιο
62 2220 242 2309 συνάγεται
268 2221 309 2291 τά
334 2220 444 2292 πάντα
478 2220 543 2292 άτιὸ
575 2220 710 2313 πρώτου
735 2231 829 2302 ἔτους
861 2231 1033 2311 βασιλείας

31 2325 46 2336 ’
61 2322 178 2413 Κύρου
196 2325 251 2392 καὶ
279 2329 335 2412 τῆς
362 2319 426 2392 άπὸ
445 2327 648 2410 Βαβυλῶνος
677 2321 843 2393 ἐπανόδου
869 2330 929 2393 τοῦ
951 2321 1032 2394 'Iov-

63 2430 168 2495 δαίωυ
195 2431 401 2513 ἔθνουςέτη
426 2422 621 2513 τετρακόσια
653 2422 858 2511 ὀγδοήκοντα
887 2423 964 2511 δύο,
991 2414 1033 2493 ού

61 2528 272 2617 προέστησαν
303 2522 483 2617 ἀρχιερεῖς,
508 2521 567 2606 οὓς
595 2523 739 2614 ἡγοῦμαι
763 2522 897 2614 χριστδν
928 2521 1032 2614 ἡγού-

61 2657 163 2718 μενον
189 2625 255 2700 ύπδ
281 2632 340 2718 τῆς
366 2636 569 2720 προφητείας
593 2624 822 2716 ὀνομάζεσθαι.
874 2631 922 2695 75.
948 2627 1027 2716 μεθ’

23 2726 119 2812 πούς
149 2729 407 2820 τελευτήσαντος
436 2734 497 2800 τοῦ
534 2724 679 2800 ὑστάτου
712 2725 824 2799 αὐτων
853 2726 1031 2820 ἀρχιερέως

57 2830 279 2923 Ἀλεξάνδρου
303 2831 431 2923 άναρχα
458 2833 516 2900 καὶ
542 2829 774 2921 άπροστάτητα
800 2831 840 2900 τά
866 2834 927 2901 τού
949 2831 1033 2900 Ἰου-

63 2940 169 3004 δαίων
193 2941 316 3016 ἔθνους
340 2931 570 3022 ἀπολείπεται,
596 2930 681 3002 ὥστε
705 2939 752 3012 είς
776 2948 919 3019 γυναῖκα
938 2959 1030 3019 περι-

63 3040 180 3124 στῆναι
207 3032 267 3126 τὴν
294 3041 468 3122 βασιλείαν
494 3032 615 3104 αὐτῶν.
657 3037 724 3103 των
752 3034 790 3102 δὲ
815 3031 876 3103 δύο
900 3041 1032 3103 παίδων

59 3134 315 3226 Ἀριστοβούλου
328 3134 557 3226 καίὙρκαυού
570 3133 823 3205 στασιασάντων
835 3133 916 3224 πρὸς
931 3131 1030 3220 άλλή-

132 3405 147 3454 8
166 3405 293 3460 Maccab.
309 3407 330 3455 Ι.
346 3408 387 3468 16,
403 3407 441 3454 14.
521 3405 552 3455 13
570 3402 682 3467 Ioseph.
695 3401 727 3454 A.
740 3401 766 3454 J.
780 3400 841 3464 XX,
856 3402 896 3465 10,
911 3402 933 3451 3.

64 3474 95 3522 16
115 3473 217 3538 Ioseph
230 3474 261 3522 A.
274 3474 301 3527 J.
314 3473 393 3535 XIII,
408 3476 449 3536 ll,
464 3474 486 3522 1.
791 3550 859 3614 (ὀχῇ
