2326 3818
128 124 192 188 466
534 122 683 174 ωυειιοιι

128 277 200 344 θως
218 266 276 352 τῆς
302 267 392 352 ίερᾶς
414 267 546 351 γραφῆς
564 260 622 332 τὸν
647 257 758 351 άληθῆ
772 259 903 353 Ἰσραῆλ
920 259 1003 331 κατά
1021 264 1101 333 διά-

129 393 226 435 νοιαν
243 359 351 434 πάντα
368 361 426 434 τόν
443 361 631 454 διορατιιιόν
645 364 701 433 καὶ
714 359 859 451 ἀρεστῶς
873 365 943 457 θεῷ
957 365 1100 451 βιοῦντα

130 463 411 556 έπονομαζούσης,
430 459 474 544 ῶς
493 471 635 553 ἔμπαλιν
652 464 727 544 τούς
747 467 784 534 ἔτι
797 466 974 554 περιτομῆς
991 458 1098 534 ὁπόθ’

129 564 367 658 ἆμαρτάνοιεν,
397 572 618 648 Χαναναίους·
636 567 691 635 καὶ
718 567 848 656 σπέρμα
875 562 1015 635 Χαναὰν
1041 567 1099 636 καὶ

129 667 190 739 ούκ
209 666 336 757 Ἰούδα,
360 663 521 765 ἄρχοντάς
544 694 579 738 τε
604 665 769 756 Σοδόμων
792 668 848 736 καὶ
871 665 953 736 λαὸν
970 665 1126 756 Γομόρ-τ

101 800 113 839 ο
129 799 204 858 ρας,
225 773 375 859 ἐμφερῶς
394 765 507 837 αὐτῶν
524 782 593 850 τοῖς
610 766 744 857 τρόποις
767 764 1008 856 ἀποκαλούσης.
1045 772 1097 838 25.

128 869 236 952 άλλως
256 871 292 938 δέ
310 866 391 958 πρός
410 869 498 950 λέξιν
514 862 535 955 ῆ
555 873 644 938 πᾶσα
661 873 722 939 τού
738 872 885 959 σωτῆρος
909 863 1005 958 ῆμῶν
1024 874 1100 938 δια-

128 968 225 1058 τριβῆ
249 966 340 1056 παρά
361 973 407 1062 τῷ
422 965 595 1039 Ἰουδαίων
618 977 711 1040 ἔθνει
729 972 863 1058 γέγονε,
881 963 944 1039 ’καὶ
964 976 1100 1040 πολλῶν

129 1098 167 1158 γε
184 1073 244 1140 τού
256 1067 387 1161 Ἰσραῆλ
404 1067 568 1159 ῆγῆσατο,
593 1067 665 1141 ὅσοι
684 1068 726 1159 δῆ
744 1077 897 1157 ἔγνωσαν
920 1068 1023 1141 αύτδυ
1040 1073 1098 1140 καὶ

130 1178 178 1253 είς
197 1166 299 1241 αύτὸν
316 1169 556 1241 πεπιστεύκασι
573 1174 641 1242 τῶν
660 1175 696 1240 ἔκ
708 1177 900 1261 περιτομῆς.
1111 1203 1138 1244 10

205 1277 256 1342 26.
277 1275 344 1343 Καὶ
367 1271 404 1342 τό
427 1273 490 1361 μέν
506 1279 565 1360 τῆς
592 1274 783 1362 ἐντιθείσης
800 1269 1014 1363 προρρήσεως
1031 1299 1098 1342 τοι·

129 1371 236 1462 αύτην
260 1383 378 1463 εἴληφε
399 1372 462 1462 τῆν
487 1380 638 1460 ἔκβασιν·
677 1370 718 1442 τά
743 1373 781 1442 δέ
805 1374 879 1460 ἑξῆς
902 1369 961 1461 ἀφ’
985 1375 1099 1461 ἑτέρας

12 1555 14 1560 Ι
129 1473 362 1564 ἀναγνωστέον
385 1471 504 1563 ἀρχῆς,
533 1469 640 1555 οὕτως
664 1481 783 1562 ἔχοντα
801 1467 994 1565 “Ἀσσύριος
1016 1469 1099 1544 όταν

130 1577 256 1666 έπέλθη
281 1579 335 1645 έπλ
358 1572 419 1663 τῆν
442 1579 507 1663 γῆν
528 1569 641 1664 ὑμῶν,
666 1577 721 1645 καὶ
746 1570 826 1644 όταν
845 1578 944 1665 έπιβῆ
963 1576 1017 1643 ἐπὶ
1035 1573 1099 1662 τῆν

128 1676 240 1766 χῶραν
264 1674 377 1765 ὑμῶν,
405 1679 460 1745 καλ
485 1673 770 1766 ἔπεγερθῆσονται
795 1671 849 1744 ἔπ’
883 1673 985 1745 αύτδν
1015 1673 1098 1745 ἑπτά
1111 1707 1137 1748 ιι

128 1779 300 1866 ποιμένες,
319 1779 375 1846 καὶ
388 1773 472 1847 όκτῶ
487 1775 638 1866 δήγματα
647 1772 873 1865 άνθρῶπων,”
894 1778 951 1846 καὶ
963 1772 1004 1845 τά
1021 1775 1099 1846 τού-

128 1908 196 1960 τοις
214 1876 403 1966 ἀκόλουθα,
428 1874 449 1945 δ
467 1878 523 1946 καὶ
541 1875 656 1960 ὁποίας
675 1884 782 1965 ἔχεται
807 1882 957 1959 διανοίας
980 1873 1021 1946 ού
1038 1883 1098 1947 τοῦ

129 1979 292 2068 παρόντος
317 1975 476 2066 τυγχάνει
508 1976 735 2066 διηγήσασθαι
762 1982 889 2068 καιροῦ.
931 1983 982 2046 27.
1008 1986 1097 2046 είποι

130 2078 164 2149 δ’
186 2077 228 2148 biv
246 2107 294 2159 τις
311 2077 393 2166 μετά
411 2077 473 2167 τῆν
488 2074 673 2169 Ἀσσυρίων
699 2086 745 2161 είς
763 2077 824 2168 τῆν
839 2075 1005 2149 Ἰουδαίαν
1024 2080 1097 2147 ἔπι-

59 2217 115 2266 (346)
132 2186 273 2269 δημίαν,
292 2176 371 2249 καθ’
392 2174 435 2267 ῆν
454 2175 544 2250 εἷλον
562 2178 598 2250 τό
612 2179 787 2252 Ἰουδαίων
805 2186 915 2268 ἔθνος,
934 2177 1096 2260 τοσαύτας
1110 2208 1138 2249 ω

129 2279 368 2362 ἐπαναστάσεις
386 2277 462 2350 κατ’
482 2276 594 2351 αὐτῶν
612 2284 802 2371 γεγονέναι,
822 2279 897 2351 ὅσαι
916 2282 1098 2370 δηλούνται

97 2434 99 2438 »
129 2382 185 2452 διὰ
202 2386 270 2453 τῶν
288 2378 368 2452 ἑπτά
386 2385 556 2471 ποιμένων
574 2385 629 2452 καὶ
645 2380 700 2453 διὰ
717 2387 785 2453 τῶν
799 2379 885 2452 όκτῶ
900 2380 1095 2471 δηγμάτων·

127 2488 232 2555 ταύτα
251 2485 287 2554 δὲ
307 2480 476 2555 δύνασθαι
501 2488 627 2554 είδέναι
652 2482 729 2565 τούς
746 2482 786 2552 τά
802 2479 989 2573 Ἀσσυρίων
1008 2487 1098 2552 ἱστο-

128 2584 285 2674 ρηκότος,
311 2576 358 2654 ῶν
382 2586 436 2653 ἐπὶ
460 2587 545 2654 τέλει
567 2583 626 2654 τόν
651 2588 687 2656 ἐκ
709 2587 767 2672 τῆς
784 2583 940 2673 Βηθλεὲμ
965 2610 1098 2673 προφη-

127 2685 308 2774 τευόμενον
319 2687 502 2773 γεγονέναι,
517 2682 598 2774 μετά
610 2681 687 2766 τούς
701 2685 782 2754 ἑπτα
795 2684 925 2773 δηλαδῆ
935 2685 1095 2772 ποιμένας
1107 2712 1136 2752 25

129 2785 245 2853 καὶτὰ
270 2781 355 2853 όκτῶ
386 2782 537 2874 δήγματα
563 2803 631 2866 τοῖς
646 2783 833 2875 Ἀσσυρίοις
858 2783 1033 2875 συμβάντα
1059 2787 1097 2854 έν

127 2881 278 2974 ὑστέροις
295 2882 425 2976 χρόνοις
442 2891 499 2977 τῆς
519 2894 565 2969 είς
580 2887 641 2975 τῆν
655 2885 823 2959 Ἰουδαίαν
831 2885 944 2957 αὐτῶν
958 2883 1094 2975 ἐφόδου.

129 2990 232 3055 ταῦτα
256 2988 293 3056 δέ
322 2995 479 3076 πλείστης
505 2987 643 3079 ἐρεύνης
669 2987 809 3078 δεόμενα
833 2986 873 3058 ού
900 2995 966 3059 νύν
989 2995 1096 3057 πολυ-

128 3105 335 3178 πραγμονεῖν
352 3088 474 3180 καιρός.
