2326 3818
126 121 189 185 453
534 120 684 172 υυεοοη

128 257 273 351 ἀληθείᾳ
295 255 439 345 σου;”όί
466 257 507 348 δῆ
531 260 722 348 σαφέστατα
745 261 800 329 καί
825 254 910 329 αὐτά
929 254 971 346 δῆ
989 262 1096 328 ταῦτα

129 359 414 453 πληρωθήσεσθαι
432 361 486 431 ἐπὶ
504 364 545 450 τῆ
562 362 692 448 γενέσει
705 363 764 429 τοῦ
777 363 836 447 τῆς
852 356 998 447 μεγάλης
1016 366 1095 446 βου-

129 467 187 551 λῆς
204 458 347 551 ἀγγέλου
365 469 525 546 θεσπίζει.
554 455 633 550 “ἐφ’
654 449 899 553 ρδθελῆσουσι”
920 464 1027 549 φησίν
1040 455 1099 531 ’ὀί

129 565 418 654 προαποδοθέντες
449 571 480 634 εί
510 559 720 651 ἐγενήθησαν
744 568 983 650 πυρίκαυστοι,
1010 559 1096 631 διότι

128 671 263 735 παιδίον
287 662 454 753 ἐγεννήθη
477 662 577 753 ῆμλν,
601 665 657 732 καί
680 661 753 744 υίὸς
780 660 884 750 ἐδόθη
902 656 984 751 ῆμῐν
1001 660 1019 729 ὁ
1038 665 1121 750 τῆςε

128 764 271 854 μεγάλης
298 770 423 854 βουλῆς
440 759 612 853 άγγελος.”
656 768 727 833 152.
747 770 815 833 τίσι
834 764 872 833 δὲ
889 757 970 852 ἡμῖν
987 757 1008 851 ῆ
1027 780 1097 846 τοῖς

130 874 176 948 είς
190 863 293 936 αὐτόν
304 862 541 935 πεπιστευκόσι
547 879 616 945 τοῖς
624 868 661 935 ἐν
673 867 714 953 τῆ
719 871 956 956 Γαλιλαίᾳτοίν
970 867 1095 952 ἐθνῶν,

128 963 177 1048 οἷς
201 975 305 1046 αίτιος
328 970 501 1054 γεγένηται
518 962 627 1054 φωτός
645 967 701 1034 καί
725 960 953 1054 εὐφροσύνης,
978 970 1097 1063 καινοῦ

128 1068 242 1136 τεκαὶ
265 1069 345 1137 νέου
370 1070 476 1137 ποτού
490 1069 548 1155 τῆς
566 1069 683 1155 καινῆς
706 1067 870 1154 διαθήκης
892 1073 1096 1155 μυστηρίονς

61 1193 116 1244 μιν
130 1164 212 1237 κατά
235 1163 297 1253 τῆν
319 1166 476 1256 φῆσασαν
498 1174 705 1258 προφητείαν
723 1162 843 1236 “του”το
869 1169 1096 1256 πρότονπίε,
1110 1200 1135 1240 ιο

64 1291 116 1344 {2111
130 1265 213 1359 ταχύ
230 1276 328 1339 ποίει.
365 1268 456 1359 χοίρα
474 1266 660 1355 Ζαβουλοόν
676 1270 730 1337 καί
749 1272 791 1356 γῆ
804 1270 1021 1357 Νεφθαλείμ,
1040 1271 1096 1338 καί
1120 1341 1125 1348 ,

129 1377 163 1440 οί
178 1371 286 1440 λοιποί
304 1375 339 1441 οί
354 1369 416 1457 τῆν
433 1377 603 1459 παραλίαν
615 1373 798 1456 οἰκοῦντες,
820 1372 928 1458 πέραν
945 1373 1006 1439 τοῦ
1020 1364 1097 1458 Ἰορ-

130 1469 252 1561 δάνον,
271 1478 434 1542 Γαλιλαία
451 1475 520 1542 τῶν
539 1472 666 1565 ἐθνῶν·
692 1468 711 1540 ό
729 1467 807 1551 λαός
824 1467 1045 1557 ὃκαθῆμενος
1060 1473 1097 1539 ἐν

129 1571 238 1659 σκότει
255 1575 328 1662 φύς
346 1578 440 1644 ίδετε
450 1575 545 1661 μέγα,
564 1573 620 1641 καὶ
637 1587 706 1653 τοῖς
717 1573 921 1660 καθημένοις
936 1575 973 1641 ἐν
986 1568 1098 1641 σκότει

129 1676 184 1743 καί
207 1676 285 1764 σκιᾷ
307 1671 477 1760 θανάτου,
500 1679 573 1762 φῶς
597 1668 766 1745 ἀνέτειλεν
791 1666 936 1753 αύτοίς.”
974 1671 1044 1741 είεν
1063 1673 1094 1739 δ’
1111 1704 1137 1744 ιε

129 1767 172 1842 άν
189 1778 226 1845 ἐν
243 1773 371 1854 τούτοις
390 1773 589 1864 δηλούμενοι
607 1779 642 1845 οί
656 1800 692 1843 τε
710 1777 743 1856 ἐξ
757 1776 868 1844 ἐθνῶν
881 1779 929 1854 είς
940 1768 999 1842 τόν
1017 1783 1097 1861 Χρι-

130 1873 208 1946 στόν
225 1882 284 1944 τού
303 1879 387 1946 θεοῦ
398 1874 653 1954 πεπιστευκότες
666 1877 722 1945 καί
733 1881 769 1944 οί
778 1882 837 1945 τού
847 1866 1097 1963 σωτῆροςῆμῶν

129 1979 277 2063 μαθηταί
302 1979 358 2045 καὶ
375 1972 571 2061 άπόστολοι,
596 1970 656 2055 οὓς
680 1972 745 2044 άπό
762 1979 822 2063 γῆς
840 1969 1023 2061 Ζαβουλάν
1040 1976 1098 2042 καί

104 2077 333 2163 ιΝεφθοιλείμ
356 2071 645 2164 ἀνακαλεσάμενος
670 2077 835 2159 ἐξελέξαιο
865 2073 1012 2165 κήρυκας
1035 2080 1097 2143 τοῦ

1 2227 3 2232 ,
131 2171 337 2263 εὐαγγελίου.
365 2181 435 2247 153.
454 2175 581 2257 τούτοις
599 2177 661 2265 μὲν
678 2167 741 2245 ούν
758 2175 846 2265 ὁτῆς
857 2174 1001 2265 μεγάλης
1013 2183 1098 2263 βου·
1112 2211 1139 2251 ιο

131 2279 189 2363 λῆς
206 2274 344 2365 άγγελος
362 2275 434 2359 υίός
459 2275 562 2366 ἐδόθη
580 2285 742 2366 οωιηρίας
761 2289 882 2365 αίτιος,
905 2292 975 2358 τοῖς
994 2277 1032 2346 δέ
1051 2284 1099 2358 είς

131 2373 232 2449 αὐτόν
249 2375 462 2469 ῆπισιηκύσι,
482 2379 587 2469 πυρὸς
606 2377 735 2467 δηλαδὴ
753 2381 809 2448 καί
827 2377 985 2458 καύσεως.
1018 2373 1099 2466 ὅλης

132 2479 168 2548 δὲ
192 2478 313 2569 ταύτης
334 2485 392 2569 τῆς
416 2487 607 2569 οίκονομίας
629 2474 796 2550 ύπόθεσιν
822 2480 997 2568 γεγονέναι
1014 2482 1100 2568 φησί

130 2578 188 2650 τόν
211 2586 309 2668 ζῆλον
333 2588 452 2669 κυρίου
479 2583 586 2668 λέγων
604 2576 647 2649 “ό
671 2585 765 2668 ζῆλος
793 2588 914 2669 κυρίου
944 2579 1101 2668 Σαβαοδθ

131 2679 262 2768 ποιῆσει
279 2678 416 2752 ταύτα.”
453 2698 547 2761 ποῖος
565 2681 603 2751 δέ
621 2683 731 2769 ζῆλοςς
751 2671 825 2769 ῆού
835 2684 996 2771 μέμνηται
1014 2690 1099 2750 Μω-
1113 2712 1139 2752 νε

132 2785 191 2866 σῆς
204 2779 437 2868 λίγυν“αύτολ
449 2778 685 2870 παρεζῆλυσάν
697 2810 738 2872 με
751 2778 802 2851 ἐπ’
815 2781 856 2854 οὐ
868 2788 951 2876 θεῷ,
964 2779 1098 2871 παρείρ-

131 2878 231 2966 γισάν
248 2907 289 2969 με
308 2884 345 2953 ἐν
356 2898 424 2964 τοῖς
443 2882 593 2964 είδοίλοις
611 2881 733 2954 αὑτοῖν.
761 2880 852 2972 κάγοδ
870 2882 1099 2972 παραζηλώσω

132 2977 254 3105 αύτούς
273 2981 325 3053 ἐπ’
347 2980 410 3055 ούκ
427 2992 537 3055 ἔθνει·
571 2981 626 3055 ἐπ’
646 2991 740 3056 ἐθνει
758 2981 909 3080 άσυνέτῳ
926 2987 1099 3075 παροργιῶ

132 3111 263 3165 αυιονς.

108 3222 119 3249 0
209 3190 278 3254 154.
295 3181 381 3256 Ἀλλ’
404 3189 475 3256 ἐπεὶ
493 3185 559 3257 σύν
575 3189 649 3279 θεῷ
664 3184 704 3256 τά
726 3188 801 3275 περί
819 3190 878 3274 τῆς
889 3190 949 3258 τοῦ
965 3213 1098 3277 προφη-
1112 3217 1141 3259 ιο

199 3415 444 3479 κωκύω.
