2326 3818
10 40 18 107 ,
126 71 129 76 ,

253 94 438 164 ουαοαευ.
456 112 589 164 υυοαο.
606 113 830 166 νυτ-Ριοοιι,
967 71 1029 176 491

55 261 190 333 πολλοῖς
210 255 346 340 ἐβοάτο,
366 249 410 332 ὡς
428 246 471 320 ἀν
488 254 703 339 πεπαυμένης
720 255 779 339 τῆς
804 257 949 335 παλαιάς
967 266 1029 343 θη-

10 388 20 423 x
57 358 212 440 ριωδίας,
236 355 496 441 μετατιθεμένης
522 353 560 421 δὲ
586 357 643 441 της
661 350 779 443 ἀγρίας
797 356 853 422 καὶ
878 352 1029 443 ἀπηνοῦς

59 459 185 541 διαίτης
201 456 255 524 ἐπὶ
267 452 304 524 τό
318 451 515 542 πραότερον,
534 451 632 535 αῦτδς
649 451 715 542 ἤδη
730 451 847 524 λοιπόν
861 455 944 524 κατὰ
959 485 1028 525 και-

57 553 117 642 ρόν
133 554 193 625 τόν
211 553 421 644 προσήκοντα
445 551 548 632 ὁτῶν
565 562 703 625 τελείων
730 584 765 624 τε
784 558 838 623 καλ
857 552 1029 644 οὐρανίων

27 683 42 722 ε
59 654 232 745 δογμάτων
250 685 285 726 τε
304 659 359 726 καλ
376 655 584 746 μαθημάτων
597 661 720 737 τέλειος
735 659 790 726 καὶ
803 652 959 744 οῦράυιος
979 665 1028 727 δι-

58 755 240 845 δάσκαλος,
259 752 276 828 ὁ
295 761 352 845 τῆς
371 756 520 847 ἀληθοῦς
537 766 748 845 θεογνωσίας
768 757 1027 846 είσαγωγεῦς,ὁ

55 855 134 938 θεός
159 857 254 947 λόγος
279 861 446 947 ἐπέφανεν
465 858 585 928 ἑαυτὸν
608 859 691 928 κατά
714 858 772 929 τόν
790 857 1057 949 ῦπογραφένται

55 963 112 1049 τῆς
132 959 421 1049 ἐνανθρωιτὴσεως
448 958 551 1030 αῦτοῦ
574 960 712 1049 χρόνον,
739 968 821 1048 μίαν
838 978 907 1042 τοῖς
926 966 1027 1032 πάσιυ
1085 1043 1087 1048 ,

56 1068 205 1148 ἔθνεσιν,
215 1060 356 1150 Ἕλλησί
370 1090 406 1130 τε
424 1065 479 1131 καὶ
497 1059 692 1150 βαρβάροις,
709 1067 755 1154 τῷ
769 1090 805 1132 τε
818 1066 919 1132 παντὶ
935 1071 1029 1134 ἔθνει

17 1193 43 1232 ιο
57 1167 125 1230 τῶν
143 1159 335 1250 ἀνθρώπων
353 1162 414 1250 τὴν
432 1166 492 1232 τοῦ
510 1159 632 1251 πατρός
647 1171 910 1251 φιλανθρωπίαν
929 1161 1028 1252 εῦαγ·

56 1261 279 1350 γελιζόμενος,
306 1266 360 1332 ἐπὶ
383 1271 464 1352 μίαν
487 1290 523 1332 τε
549 1263 626 1343 τοῦς
644 1263 770 1344 πάντας
789 1270 971 1352 παρορμῶν
992 1271 1028 1336 ἐν

56 1370 126 1456 θεῷ
146 1371 330 1453 σωτηρίαν,
349 1361 516 1452 ἀλήθειάν
533 1392 569 1434 τε
588 1362 693 1453 αὐτὴν
712 1367 767 1434 καὶ
785 1369 857 1452 φῶς
876 1363 1026 1452 ἀληθοῦς

57 1461 246 1552 εὐσεβείας,
266 1472 442 1552 βασιλείαν
458 1493 494 1536 τε
512 1464 685 1556 οὐρανοέν,
711 1468 767 1535 καὶ
786 1472 925 1535 αίωνίου
944 1471 1026 1554 ζωῆς

57 1569 256 1653 ἐπαγγελίαν
273 1583 342 1648 τοῖς
360 1571 441 1638 πᾶσι
459 1566 707 1657 προμνώμενος.

16 1696 42 1736 ω
134 1672 182 1736 12.
214 1671 325 1739 Ταῦτα
350 1669 412 1756 μέν
435 1659 499 1737 οῦν
522 1669 600 1756 περὶ
623 1673 691 1737 νῦν
714 1665 844 1758 χρόνων
864 1666 1026 1759 εἰρήσθω,
1105 1733 1111 1741 ,

57 1764 102 1836 δι’
121 1763 164 1856 ἣν
182 1776 293 1839 αἰτίαν
311 1773 393 1856 νῦν,
412 1765 486 1840 ἀλλ’
506 1765 547 1839 οῦ
559 1767 660 1839 πάλαι
674 1769 837 1858 πρότερον
853 1764 871 1839 ό
887 1769 1028 1857 Χριστός
1103 1829 1104 1832 ,

54 1873 114 1940 τοῦ
132 1874 217 1940 θεοῦ
235 1877 282 1951 είς
300 1869 427 1954 πάντας
447 1872 629 1960 ἐξέλαμψεν
642 1867 855 1959 ἀνθρώπους.
888 1873 971 1959 φέρε
991 1871 1028 1940 δὲ
1048 1912 1059 1939 ι

48 1971 298 2052 ’ἐπανελθόντες
316 1980 384 2042 τῶν
401 1971 532 2060 χρόνων
550 1977 607 2060 της
625 1975 770 2062 ἀφίξεως
788 1969 891 2042 αὐτοῦ
909 1969 949 2041 τά
968 1993 1029 2060 ση-

55 2087 133 2159 μεῖα
151 2072 233 2142 κατά
246 2076 345 2163 μέρος
360 2072 630 2161 ἐπισκεψαίμεθα,
650 2072 707 2154 τάς
721 2073 937 2161 εῦαγγελικάς
951 2076 1028 2162 περὶ

14 2202 43 2240 εο
57 2176 113 2258 τῆς
131 2175 292 2260 γενέσεως
311 2170 413 2243 αῦτοῦ
432 2172 547 2259 φωνάς
567 2177 603 2242 έν
622 2173 763 2264 πράτοις
790 2173 1029 2263 έπισημειωσά·

55 2301 160 2361 μενοι.
198 2278 247 2341 13.
267 2271 285 2341 ὁ
309 2275 371 2360 μὲν
394 2264 456 2343 οῦυ
475 2283 654 2354 Ματθαῑος
672 2271 730 2342 τόν
755 2272 877 2362 χρόνον
895 2281 953 2360 τῆς
974 2280 1028 2344 έν-

56 2372 182 2461 σάρκου
212 2371 315 2443 αὐτοῦ
341 2378 537 2461 ἐπιφανείας
564 2365 633 2442 ὧδέ
654 2400 724 2454 πως
750 2379 891 2461 ίστορεῖ,
920 2379 1028 2460 λέγων

50 2469 132 2544 “tofi
152 2476 189 2544 δὲ
203 2472 310 2564 Ἰησοῦ
323 2476 546 2563 γεννηθέντος
563 2477 598 2543 ἐν
608 2475 762 2562 Βηθλεὲμ
779 2481 838 2562 τῆς
851 2473 1026 2561 Ἰουδαίας,

57 2578 93 2644 ἐν
110 2570 246 2664 ἡμέραις
260 2572 412 2665 Ἡρώδου
436 2580 497 2647 τοῦ
516 2571 710 2664 βασιλέως.”
754 2577 809 2645 καὶ
836 2575 907 2664 μετ’
930 2573 1028 2663 ὀλίγα

10 2705 43 2759 ,νε
56 2682 162 2765 φησὶν
174 2675 341 2759 “ἀκοῦσας
362 2680 399 2747 δέ
416 2672 466 2748 ὅτι
481 2674 654 2768 Ἀρχέλαος
679 2674 849 2766 βασιλεύει
866 2683 923 2767 τῆς
946 2674 1029 2748 'Iov-

57 2784 170 2865 δαίας,
194 2777 269 2847 ἀντὶ
283 2777 435 2866 Ἡρώδου
459 2784 519 2849 τοῦ
543 2777 665 2870 πατρὸς
693 2777 829 2849 αῦτοῦ.”
877 2777 962 2849 λ4.ὁ
991 2780 1029 2849 δέ

57 2880 189 2958 Λουκάς
213 2877 271 2947 τὸν
294 2883 352 2966 της
376 2885 594 2961 διδασκαλίας
619 2876 721 2950 αῦτοῦ
746 2883 801 2949 καλ
826 2880 1029 2962 ἀναδείξεως

57 2975 177 3070 χρόνον
191 2981 377 3068 παρέστησε
391 2985 500 3067 λέγων
513 2977 575 3051 “έν
589 2988 654 3051 ἔτει
670 2980 955 3073 πεντεκαιδεκάτῳ
970 2985 1028 3068 τῆς
1046 3008 1060 3046 ο

56 3075 234 3169 ἡγεμονίας
258 3088 414 3171 Τιβερίου
432 3088 622 3171 Καίσαρος,
643 3081 916 3170 ἐπιτροπεύοντος
936 3093 1028 3151 Πον-

16 3188 130 3251 ιοτίου
153 3179 302 3253 Πιλάτου
330 3185 387 3271 της
406 3180 585 3272 Ἰουδαίας,
616 3190 873 3273 τετραρχοῦντος
906 3184 942 3250 δὲ
969 3188 1027 3269 τῆς

125 3416 157 3464 23
175 3415 314 3479 Μελίαν,
329 3417 352 3466 1.
456 3418 489 3466 28
507 3417 576 3465 Luc.
589 3419 613 3478 3,
629 3417 652 3469 1.
