2326 3818
336 127 521 180 DEMONST.
539 106 673 179 EVANG.
693 129 768 178 6111.
789 133 813 182 ν,
994 127 1055 192 527

86 266 272 337 ἀποδέοντα
295 274 477 355 γίγνονται.
519 270 625 337 ταῦτα
649 267 686 336 δὲ
710 265 792 356 πρὸς
813 284 882 349 τοῖς
901 298 1056 358 τετρακο-
1071 299 1128 349 μοι)

85 378 169 448 σίοις
189 368 419 458 ἑβδομήκοντα
432 372 530 439 πέντε
544 376 652 438 ἐτεσιν
665 374 702 437 αί
713 367 942 459 ἑβδομήκοντα
958 375 1057 459 έβδο·

84 468 188 560 μόδες
206 466 478 540 συντελοῦνται.”

152 576 211 660 55.
236 577 348 641 Ταῦτα
374 572 437 661 μέν
463 563 525 643 οὖν
538 569 747 662 Ἀφρικανός.
773 579 823 651 4εί
849 573 887 642 δέ
912 571 973 660 χρὴ
999 578 1055 643 καὶ

58 667 168 762 ιὴμῦς
187 680 315 744 οἰκείαν
333 680 380 754 είς
393 671 471 754 τοῦς
484 672 606 755 τόπους
620 672 783 744 ιἰπόδοσιν
798 681 845 755 είς
858 676 961 763 μέσον
974 672 1054 761 νἰγα-

82 792 173 862 γεῖν,
200 777 286 864 φημὶ
313 775 358 865 μὴ
384 773 492 864 μάτην
514 777 599 866 μηδὲ
623 772 667 857 ῦς
691 783 786 864 ἔτυχε
809 777 870 864 τὴν
890 781 1054 865 διαίρεσιν

83 880 287 966 πεποιῆσθαι
313 875 372 947 τόν
396 875 581 966 λόγουνῦν
599 876 827 967 ἑβδομήκοντα
844 875 1051 966 ἑβδομάδων.

85 977 207 1051 διελοδν
232 977 296 1068 γαρ
320 976 422 1062 αὐτὰς
446 987 493 1062 είς
516 977 648 1068 πριότας
673 977 770 1103 έπτρλ,
802 977 910 1049 ἔπειθ’
941 981 1053 1067 ἑτέρας

84 1079 243 1169 ἑξήκοντα
262 1079 341 1169 660,
368 1084 424 1150 καλ
448 1079 530 1171 μετδι
547 1090 686 1151 πλεῖστα
704 1081 744 1150 τδι
761 1078 884 1170 μεταξῦ
903 1080 1054 1170 ἐπιλεγό-

43 1214 68 1252 10
82 1211 165 1271 μενα
182 1181 245 1270 τήν
261 1189 344 1272 μίαν
358 1179 569 1270 ἐπιθείς,
527 1211 614 1253 ουτω
633 1181 692 1252 τὸν
705 1178 852 1270 ἆριθμδν
864 1186 932 1252 τῶν
953 1185 1053 1270 ἕβδο-

76 1281 242 1405 μήκοντα
254 1282 453 1373 ἑβδομάδων
479 1280 681 1374 ἄφωρίσατο.
731 1289 783 1354 56
812 1285 901 1372 λέγει
928 1280 961 1354 δ’
989 1287 1052 1354 οὐν

76 1379 153 1454 “662
171 1383 286 1475 γνώση
305 1387 360 1455 καὶ
375 1383 608 1474 συνήσειςόιπο
598 1383 741 1469 ἐξόδου
760 1382 873 1507 λόγον,
891 1392 951 1454 τοῦ
970 1382 1050 1454 6760-
1064 1415 1078 1455 b

81 1493 241 1575 κριθῆναι
264 1489 319 1557 καὶ
343 1493 403 1557 τοῦ
426 1491 644 1577 οἰκοδομῆσαι
663 1483 915 1577 Ἰερουσαλημ“
902 1490 963 1567 έως
981 1516 1050 1576 χρι-

81 1591 162 1657 στοῦ
179 1583 385 1677 ἡγουμένου,
404 1587 588 1678 ἑβδομόδες
607 1588 687 1659 έπτδι
706 1591 761 1658 καλ
777 1586 960 1677 έβδομοῖδες
980 1591 1050 1678 ἑξη-

43 1720 67 1759 15
81 1686 279 1760 κονταδῦο.”
323 1687 391 1760 εἶθ’
418 1690 513 1780 ἕτεροί
536 1720 612 1761 τινα
637 1688 759 1780 μεταξῦ
785 1688 963 1778 ἐπαγαγών
988 1690 1051 1777 τὴν

79 1800 274 1862 τελευταίαν
300 1800 502 1883 προστίθησι
525 1790 635 1881 φήσας
656 1789 735 1862 “naz
760 1789 951 1880 δνναμολσει
976 1799 1051 1861 δια-

79 1891 192 1982 θήκην
216 1903 351 1977 πολλοῖς
377 1892 521 1984 ἑβδομὰς
544 1890 638 1984 μία.”
683 1899 734 1966 57.
752 1899 855 1963 ταῦτα
874 1894 912 1963 δὲ
930 1889 980 1963 ὅτι
1005 1891 1050 1982 μὴ

79 1994 203 2084 μάτην,
228 1994 308 2086 μηδ’
335 1994 418 2066 ῦνευ
441 2001 499 2084 της
516 2004 613 2079 θείας
639 2001 811 2077 ἐπιπνοίας
831 1999 1049 2084 ἐσχεδίασται,

80 2095 184 2167 πάνθ’
205 2094 310 2167 ὅντιν’
332 2090 474 2168 οὖννῦν
488 2097 532 2179 ὡς
545 2103 631 2169 θεοῦ
645 2096 790 2186 ῥήμασιν
804 2092 916 2178 αῦτοῖς
926 2120 1050 2186 προσε-

40 2196 208 2285 τυχόντων
237 2196 456 2285 ὁμολογήσειν
486 2196 640 2286 ἡγοῦμαι.
694 2204 745 2267 58.
770 2204 868 2268 τοῦτο
894 2198 957 2287 μὲν
987 2188 1049 2267 οῦν

78 2303 212 2385 πρῶτον
234 2293 316 2386 ἡμῖν
340 2304 449 2380 καλῶς
473 2303 588 2381 ἔδοξεν
608 2298 894 2388 ἐπισημήνασθαι,
913 2310 1048 2368 καταλι-

78 2415 157 2468 πεῖν
174 2426 210 2468 τε
227 2415 297 2479 τοῖς
312 2399 551 2524 ἐντυγχάνουσι
570 2397 630 2489 τὴν
644 2405 703 2470 τοῦ
716 2403 913 2486 ζητηθέντος
925 2394 1071 2486 ῦκριβηε

78 2497 184 2570 λῦσιν.
222 2507 253 2570 εί
276 2500 315 2570 δε
338 2499 400 2592 χρὴ
426 2499 523 2570 καλ
506 2530 591 2590 ημας
609 2498 645 2570 τό
665 2497 812 2570 ἐπεισιόν
835 2498 880 2588 μὴ
899 2494 1047 2621 ἆποκρῦ-

77 2614 224 2723 μασθαι,
243 2605 329 2691 φημὶ
343 2600 422 2672 καθ’
447 2604 564 2690 ἑτέραν
575 2600 762 2674 διόνοιαν”
741 2630 825 2692 ητοι
829 2597 1022 2724 ε’κδρχηη
987 2629 1047 2670 τον

37 2731 99 2772 25
79 2710 174 2794 σιτῇ
198 2707 401 2831 προκειμένη
422 2710 536 2796 γραφῇ
562 2703 769 2794 δηλούμενον
791 2700 926 2794 χριστόν
944 2698 1045 2791 6606-

76 2834 195 2895 μενον,
221 2804 302 2875 κατὰ
325 2805 365 2877 τὰ
384 2805 449 2876 ἀπὸ
470 2805 585 2889 ἐξόδου
604 2805 723 2929 λόγον,
741 2835 801 2877 τον
791 2803 1046 2893 ἀποκριθῆναι

77 2910 133 2977 καλ
155 2911 215 2976 τοῦ
239 2912 455 2998 οἰκοδομῆσαι
469 2903 728 2998 “1660666666'
708 2936 770 2989 εως
790 2914 925 2997 χριστοῦ
942 2905 1047 2995 ἡγου-

75 3013 195 3098 μένου,
215 3004 276 3078 οῦκ
295 3004 397 3080 ῦλλον
416 3010 502 3080 εἶναι
519 3016 579 3080 τοῦ
597 3007 783 3097 καταλόγου
801 3015 868 3078 τῶν
886 3008 968 3096 μετὰ
985 3006 1047 3096 την

75 3118 283 3203 προφητείαν
306 3113 361 3181 καὶ
383 3110 445 3199 τὴν
468 3104 536 3181 οἰπόΙ
552 3114 756 3198 Βαβυλῶνος
780 3108 946 3181 ἐπάνοδον
963 3104 1046 3198 ἡγη-

34 3242 62 3282 οο
76 3215 232 3302 σαμένων
244 3219 304 3282 τοῦ
317 3215 401 3283 λαοῦ
413 3209 606 3302 ἀρχιερέων,
625 3208 683 3294 οῦς
701 3211 854 3304 χριστοῦς
869 3218 947 3290 ἐθος
960 3208 1043 3278 6760-
1058 3239 1072 3280 ι

75 3324 191 3385 καλεῖν
213 3321 254 3406 τῇ
277 3317 400 3405 γραφη.
436 3319 486 3385 59.
506 3313 629 3404 μόνους
646 3312 709 3406 γαρ
735 3311 874 3394 τούτους
892 3309 1045 3401 καθηγή-

75 3428 201 3486 σασθαι
238 3424 298 3488 τοῦ
334 3425 474 3506 ἔθνους,
506 3413 711 3506 ἀρξαμένους
746 3411 812 3486 νἰπδ
844 3413 953 3504 Ἰησοῦ
984 3417 1043 3484 τοῦ
