2326 3818
176 112 363 166 DEMONST.
379 112 513 165 EVANG.
532 113 566 161 X.
587 114 611 161 ο.
828 109 890 173 675

41 249 240 341 ῦν“ψέγονα
265 250 394 340 σκώληξ
420 253 475 319 καὶ
499 248 561 320 οῦκ
578 247 776 339 ἅνθρωπος,
800 247 890 320 ῦνει-
905 279 958 330 μιν]

41 352 195 441 ’θράπων
219 355 274 423 καὶ
298 357 503 441 ἐξουδένημα
527 347 646 421 λαοῦ·”
681 355 736 420 καὶ
753 359 819 422 νῦν
836 349 891 422 ὅτε

54 462 90 524 οί
104 456 313 543 θεωροῦντές
327 483 392 543 μου
405 451 442 523 τῦ
454 458 548 542 σῶμα
561 456 608 544 τῷ
621 461 755 545 σταυρῷ
768 477 891 543 προση-

41 586 102 643 vv,
120 554 348 645 ἀποτρόπαιον
365 551 545 645 ἡγούμενοι
563 550 647 642 ῦράν
669 561 804 644 πρᾶγμα
824 559 890 638 ἐξε-

41 657 126 727 ιισάν
143 687 202 746 με,
226 656 392 746 τοσαύτην
410 652 483 726 κατ’
505 661 584 744 ἐμοῦ
602 655 726 745 χλεύην
744 660 800 725 καὶ
820 662 890 725 δια-

41 791 47 818 ι
70 762 284 848 καταχέοντες
310 757 355 840 ὦς
380 758 426 848 μὴ
449 756 553 847 μόνον
579 761 616 828 έν
641 764 774 849 διανοίᾳ
801 767 890 845 λογίΨ

58 863 114 930 καί
139 864 363 950 ἐνθυμεῖσθαι
387 863 465 950 περὶ
491 863 573 949 ἐμοῦ
598 858 639 929 τά
657 857 780 948 ἀσεβῆ,
805 856 891 930 ἀλλά

41 960 127 1050 όβως
145 966 360 1051 φθέγγεσθαι
378 964 434 1031 καὶ
452 965 489 1031 ἐν
507 964 645 1053 φανερῷ
662 970 779 1032 λαλεῖν
792 956 890 1031 “fild-

40 1068 124 1151 γοῦν
142 1069 180 1134 ἐν
196 1072 354 1151 χείλεσιν,
373 1068 532 1151 ἐκίνησαν
545 1061 707 1151 κεφαλὴν,
724 1066 889 1151 λέγοντες,
904 1091 959 1141 μοι)

40 1168 132 1236 νέπὶ
150 1162 283 1253 κῦριον,
310 1162 472 1254 ῥυσάσθω
498 1160 634 1234 αῦτόν,”
679 1170 730 1233 62.
751 1168 807 1233 καὶ
825 1169 891 1235 νῦν

41 1266 84 1336 ’τε
102 1264 141 1335 τά
165 1263 302 1336 τοιαῦτά
324 1296 365 1356 με
390 1267 602 1354 περιέστηκε,
627 1265 665 1335 σέ
688 1264 748 1334 τῦν
765 1268 890 1355 πατέρα

41 1366 289 1438 νέκσπάσαντά
312 1397 354 1457 με
373 1371 408 1436 ἐκ
426 1366 567 1456 γαστρὸς
585 1364 706 1456 μητρός
724 1396 806 1455 μου,
832 1365 887 1455 ἐφ’
915 1448 917 1452 ,
1007 1402 1010 1408 ·

41 1478 162 1558 ρρίφην
181 1475 217 1539 ἐκ
234 1466 377 1559 μήτρας,
398 1475 445 1550 είς
458 1464 499 1538 ὃν
515 1465 641 1557 ἤλπισα
658 1465 724 1537 ἀπὸ
742 1473 890 1557 μαστῶν,

42 1568 136 1640 ὶάπῦ
160 1568 301 1659 γαστρὸς
325 1567 448 1662 μητρός
470 1599 536 1657 μου
559 1567 804 1661 μνωριζόμενόν
821 1599 890 1659 μοι,

41 1670 245 1760 ιωσκόμενον
268 1671 370 1760 θεὸν,
405 1669 542 1741 ἱκετεύω
569 1675 625 1740 καὶ
655 1669 821 1767 ἀντιβολῶ
845 1672 891 1761 μὴ

41 1802 99 1843 ναι
122 1770 181 1842 ἀπ’
208 1777 306 1862 ἐμοῦ,
330 1770 380 1843 ὅτι
404 1782 522 1854 θλίψις
546 1770 654 1860 ἐγγύς.
700 1778 750 1841 63.
776 1775 890 1860 μέλλει

41 1875 131 1962 οησὶ,
157 1877 213 1944 καὶ
237 1873 318 1944 ὅσον
340 1871 435 1944 οῦπω
466 1871 605 1962 πάρεστι
631 1875 687 1943 καὶ
718 1872 889 1961 πλησιάζει

41 1973 141 2064 νῆὃη
159 1977 216 2046 καὶ
235 1973 446 2064 ἐπικείμενόν
463 2004 519 2065 μοι
536 1972 572 2045 τῦ
590 1974 726 2046 πάντων
750 1982 889 2066 ἔσχατον

41 2075 273 2165 ερβαλλοῦσης
296 2106 361 2167 μου
388 2085 538 2159 θλίψεως
565 2080 675 2173 νέφος.
713 2075 806 2147 οῦπω
825 2075 888 2165 γάρ

41 2188 126 2262 λίψιυ
156 2177 283 2266 ταύτην
312 2175 375 2266 τὴν
397 2183 464 2247 νῦν
487 2176 710 2268 περιέχουσαν
734 2205 775 2265 με
798 2183 917 2247 καλωο

41 2279 74 2349 ἐν
98 2279 263 2369 σταυρὸν,
287 2277 366 2349 οῦτε
388 2279 466 2359 τοῦς
490 2282 523 2360 ἐξ
546 2274 740 2366 ἀνθρώπων
763 2276 888 2348 ὀνειδι-

43 2378 127 2457 ἡοῦτε
138 2379 196 2461 τάς
209 2379 341 2470 χλεῦας,
361 2378 438 2450 οὔτε
451 2379 518 2469 μην
531 2377 571 2448 τά
584 2379 648 2468 πρὸ
665 2384 725 2449 τοῦ
740 2383 889 2468 σταυροῦ

41 2481 148 2570 ληκότα
165 2511 239 2571 μοι,
257 2479 315 2562 τάς
332 2480 510 2571 μάστιγας,
528 2479 587 2562 τάς
605 2479 732 2569 ὕβρεις,
751 2483 807 2550 καὶ
824 2479 887 2550 ὅσα

41 2592 250 2672 παροίνησαν
272 2589 319 2664 είς
345 2584 400 2671 ἐμὲ
423 2589 459 2652 ολ
480 2584 550 2652 υίοὶ
578 2589 646 2652 τῶν
675 2580 885 2670 ἀνθρώπων·

41 2685 79 2773 ἀρ
103 2683 171 2776 ὁρῶ
193 2683 255 2773 την
272 2684 354 2775 μετά
376 2682 604 2773 τοῦσώματος
628 2680 792 2755 ἀνάλυσιν
811 2681 883 2754 κατ’

41 2784 87 2855 τὸν
99 2784 261 2874 θάνατον,
281 2788 336 2855 καὶ
350 2785 411 2873 τὴν
425 2783 595 2865 semem)
608 2785 793 2874 κατάβασιν
805 2795 886 2875 πλη·

41 2909 104 2974 ιαυ,
123 2891 179 2956 καὶ
196 2893 265 2957 τῶν
282 2883 521 2976 ἀντικειμένων
533 2889 588 2956 καὶ
608 2890 741 2976 ἐχθροῖν
754 2892 800 2980 τῷ
814 2893 885 2980 θεῷ

44 3016 93 3056 ων
112 2987 347 3085 ἐπανάστασιν.
387 2985 439 3058 διό
456 3016 541 3076 φημι
569 2984 621 3058 ῦτί
636 2998 754 3071 θλίψις
773 2985 885 3075 ε’γγῦς,

60 3095 151 3158 ἔστιν
169 3085 187 3159 ὁ
206 3095 354 3178 βοηθῶν.
391 3094 442 3159 64.
462 3095 532 3170 πῶς
549 3086 613 3179 μάρ
631 3086 692 3178 οῦχ
715 3087 883 3175 ῦπερβάλ-

41 3179 78 3278 ἦν
101 3194 158 3260 καὶ
184 3202 324 3280 μεγίστη
342 3200 459 3272 θλίψις
478 3186 561 3278 αῦτη
580 3195 707 3277 ἐκείνη,
728 3193 765 3259 ἐν
781 3178 804 3278 ᾗ
821 3187 884 3259 οὐκ

48 3297 204 3381 βοηθῦν;
222 3292 240 3362 ὁ
258 3291 398 3381 μὲνγὰρ
413 3294 468 3362 ἐπὶ
481 3300 628 3383 σωτηρίᾳ
641 3297 709 3360 τῶν
724 3287 883 3361 ἐν”Αιδου

57 3392 177 3484 παρῄει
202 3399 238 3463 ἐκ
264 3401 394 3483 μακροῦ
417 3398 538 3476 αίωνος
560 3391 622 3481 τὴν
647 3389 762 3481 ἀφιξιν
780 3388 912 3462 αῦτοῦι

637 3505 703 3569 43*
