2326 3818
311 121 495 173 οεωοαετ.
514 122 646 173 Ειεαο.
664 123 710 174 vl.
731 123 771 174 18.
975 122 1037 186 387

67 259 149 333 κατά
175 261 253 342 τούς
275 259 431 349 Ἀντόχου
458 259 614 351 χρόνους·
648 255 721 330 οἷον
747 257 783 329 τό
809 267 1038 350 αἰχμαλωσίαν

66 366 276 433 πεπονθέναι
298 361 356 433 τὸν
375 361 475 449 λαὸν,
494 365 550 431 καὶ
567 359 604 430 τό
621 365 739 449 στῆναι
757 360 835 443 τούς
853 361 957 445 πόδας
976 394 1038 434 κυ-

67 472 142 556 ρίου
162 467 216 534 ἐπὶ
238 463 275 534 τὸ
298 467 366 534 τῶν
391 467 511 533 ἐλαιῶν
535 460 629 553 όρος,
654 465 710 532 καὶ
735 470 767 532 εί
788 466 905 550 γέγονε
923 464 1036 553 κύριος

68 573 114 649 εἰς
133 569 272 654 βασιλέα
298 567 350 635 ε’πλ
374 570 487 635 πᾶσαν
504 565 565 654 τὴν
588 569 652 653 νην
671 569 707 634 ἐν
730 569 771 654 τῇ
788 554 896 656 ἡμέρα
914 569 1037 655 ἐκείνη,

41 670 122 737 εκαδ
143 675 173 737 εί
189 665 225 738 τό
243 665 348 756 ὄνομα
366 675 486 756 κυρίου
506 665 675 737 ἐκόκλωσε
692 665 753 753 τὴν
771 669 835 754 νην
853 669 964 735 πάσαν
982 672 1038 737 καὶ

66 769 128 858 τὴν
146 775 286 859 ἔρημον,
309 765 364 839 ὅτε
386 771 444 856 τῆς
463 776 594 856 Συρίας
614 763 780 857 Ἀντίοχος
806 766 952 857 ἐκράτει·
982 771 1037 837 καὶ

66 870 106 941 τὰ
130 869 229 941 λοιπὰ
257 872 294 940 δέ
322 874 380 958 τῆς
403 868 618 962 προρρήσεως
641 864 760 939 ὁποίου
782 873 897 951 τέλους
922 877 1038 958 ἔτυχεν

62 970 231 1061 Ἀντιόχου
250 969 487 1059 βασιλεύοντος
510 976 581 1053 πῶς
603 997 652 1052 τις
671 969 856 1056 ἀποδῶσει;
883 977 931 1041 12.
953 970 1032 1041 καθ’
1056 999 1067 1038 ε

57 1070 151 1163 ’ἡμᾶς
177 1075 214 1143 δὲ
237 1078 342 1143 ταῦτα
365 1077 422 1142 καὶ
445 1071 528 1160 πρός
552 1076 641 1156 λέξιν
666 1073 728 1160 μὲν
746 1069 962 1161 ἀποδέδοται,
982 1075 1038 1142 καὶ

29 1207 54 1247 ιο
67 1174 147 1245 καθ’
170 1177 286 1265 ἑτέραν
305 1175 342 1243 δὲ
362 1173 529 1244 διάνοιαν·
557 1171 638 1262 μετά
656 1171 719 1263 χάρ
733 1172 794 1261 την
811 1179 871 1243 τοῦ
891 1178 1038 1263 σωτῆρος

66 1275 162 1364 ἡμῶν
176 1274 285 1364 Ίησού
295 1279 441 1362 Χριστοῦ
455 1283 645 1365 παρουσίαν
662 1273 683 1363 ἡ
702 1272 796 1356 πόλις
810 1273 934 1363 αὐτῶν,
953 1275 1037 1364 αὕτη

67 1406 105 1465 νε
122 1372 143 1465 ἡ
158 1371 383 1466 Ἰερουσαλὴμ,
403 1376 512 1446 καὶτὸ
530 1383 598 1446 πᾶν
611 1368 762 1465 σύστημα
780 1379 836 1446 καὶ
855 1385 1038 1465 πολίτευμα

66 1485 124 1567 τῆς
143 1477 227 1548 κατὰ
250 1476 308 1549 τὸν
331 1476 435 1567 νόμον
453 1481 605 1559 Μωσέως
629 1488 813 1566 θρησκείας
839 1490 1036 1567 καθηρεῐτο·

67 1578 188 1649 αὐτίκα
213 1580 250 1649 δὲ
273 1579 335 1668 τὴν
361 1576 445 1649 κατόι
468 1576 620 1650 διάνοιαυ
644 1585 874 1668 αἰχμαλωσίαν
898 1577 980 1668 πρὸς
998 1584 1039 1669 τῇ

29 1712 53 1753 ιε
68 1687 237 1772 σωματικῄ
256 1679 459 1770 πεπόνθασι,
477 1678 537 1752 τόν
554 1683 687 1770 σωτῆρα
706 1682 761 1748 καὶ
780 1679 952 1770 λυτρωτὴν
970 1688 1038 1751 τῶν

66 1779 296 1872 ἀνθρωπίνων
313 1788 432 1872 ψυχῶν
448 1781 493 1872 μὴ
512 1780 795 1872 παραδεξόμενοι,
817 1782 875 1852 τὸν
895 1780 1037 1852 ἐλθόντα

67 1888 207 1975 κηρῶξαι
237 1903 307 1966 τοῖς
337 1880 404 1954 ἀπὸ
435 1883 604 1973 δαιμόνων
630 1888 788 1973 πονηρῶν
819 1881 1066 1972 αίχμαλῶτοιςι

66 1983 188 2075 ἀφεσιν
217 1990 272 2057 καὶ
302 2003 371 2067 τοϊς
399 1985 457 2066 τάς
488 1993 638 2067 διανοίας
669 1995 808 2074 τυφλοῖς
838 1981 1035 2072 ἀνάβλεψιν.

69 2092 117 2155 13.
138 2092 243 2156 ταῦτα
263 2088 299 2156 δὲ’
317 2086 538 2157 πεπονθότων
564 2090 703 2157 ἐκείνων
727 2085 782 2155 διὰ
799 2084 862 2174 τὴν
880 2083 1038 2157 ἀπιστίαν

29 2216 54 2255 20
69 2183 197 2275 αὐτῶν,
216 2194 250 2256 οί
266 2187 323 2256 τὸν
342 2191 438 2276 σφῶν
456 2186 628 2277 λυτρωτὴν
644 2187 834 2274 ἐπιγνόντες
844 2243 852 2275 ,
871 2196 992 2258 οίκείοί
1002 2218 1037 2258 τε

67 2284 170 2358 αὐτου
188 2286 361 2377 γευόμενοι
379 2292 527 2376 μαθηταὶ
544 2292 600 2358 καὶ
627 2285 805 2358 ἀπόστολοι
824 2292 880 2357 καὶ
899 2286 1038 2376 εὐαγγε-

67 2392 187 2478 λισταὶ,
206 2397 359 2459 πλεῖστοί
368 2419 404 2459 τε
422 2386 516 2458 ἀλλοι
530 2393 598 2458 τῶν
617 2393 653 2458 ἐκ
671 2395 848 2478 περιτομῆς
869 2397 915 2469 είς
934 2389 1037 2458 αὐτόν

66 2489 352 2578 πεπιστευκότων,
379 2493 455 2581 περὶ
480 2480 529 2560 ῶν
551 2511 656 2578 φησιν
683 2485 701 2558 ὁ
725 2485 907 2570 ἀπόστολος
926 2485 1036 2559 “offuso

67 2595 122 2662 καὶ
137 2597 202 2663 νῦν
215 2602 336 2682 λεῖμμα
350 2591 422 2663 κατ’
442 2589 583 2680 ἐκλογὴν
601 2591 732 2681 χάριτος
746 2587 897 2679 γέγονε.”
924 2597 971 2660 14.
981 2595 1038 2660 καὶ

26 2723 52 2768 ιε
67 2694 104 2764 τὸ
118 2689 174 2765 “el
190 2693 235 2784 μὴ
253 2692 367 2785 κύριος
385 2690 540 2783 Σαβαῶθ
566 2697 778 2782 ἐγκατέλιπεν
796 2689 876 2783 ἡμῖν
894 2697 1037 2783 σπέρμα,

66 2791 110 2875 ῶς
121 2794 258 2885 Σόδομα
272 2791 314 2865 ἀν
334 2795 542 2886 ἐγενήθημεν
560 2797 616 2865 καὶ
636 2791 679 2878 ῶς
698 2793 853 2885 Γόμορρα
873 2789 916 2865 ἀν
935 2793 1036 2883 ῶμοι-
1050 2827 1103 2876 μω)

68 2893 243 2983 ῶθημεν·”
281 2901 338 2985 της
356 2900 560 2986 νενοημένης
578 2892 659 2985 ἡμῖν
677 2894 759 2966 κατά
774 2896 926 2967 διάνοιαν
945 2907 1036 2966 πολι-

67 3005 181 3086 ορκίας
204 2995 336 3088 ἀπειροι
360 2996 639 3086 διεφυλάχθησαν
662 2996 703 3067 οὐ
726 2995 830 3086 μόνον
838 3052 847 3086 ,
872 2997 957 3067 ἀλλά
981 3002 1037 3067 καὶ

66 3102 124 3187 τῆς
142 3096 223 3190 πρδς
242 3101 331 3182 λέξιν
348 3096 583 3185 ἀποδοθείσης.
627 3105 663 3168 ολ
682 3101 766 3186 χοῶν
784 3097 961 3169 ἀπόστολοι
980 3101 1036 3166 καὶ

28 3233 53 3273 εο
66 3204 215 3290 μαθηταὶ
224 3208 284 3270 τοῦ
294 3203 440 3291 σωτηρος
455 3198 627 3290 ἡμῶν,καὶ
637 3198 759 3281 πάντες
769 3207 803 3270 οἱ
816 3204 849 3283 ἐξ
864 3197 1036 3270 Ἰουδαίων

67 3351 270 3358 ——-.--.

137 3437 167 3484 ω
180 3437 227 3486 Es.
242 3438 283 3499 ω,
299 3438 322 3488 1.
347 3435 415 3484 Luc.
427 3435 453 3497 4,
468 3436 508 3486 18.
579 3435 611 3485 τε
624 3435 702 3485 Rom.
717 3435 758 3498 11,
771 3435 795 3486 5.
865 3436 898 3484 τε
911 3435 956 3483 Es.
972 3435 996 3496 ιἱ
1010 3436 1034 3483 9.

789 3515 862 3579 (δολί
1134 3524 1140 3533 ’
