2326 3818
321 119 506 173 ουαοαεν.
524 119 657 173 υιααυ.
677 119 730 173 111.
751 123 778 174 ι.
975 120 1034 184 151

60 257 204 341 Ἀπῦλας
220 254 433 351 ήρμήυευσευ
456 257 562 342 οῦτως
579 257 598 285 “
611 263 667 331 καὶ
693 257 965 353 ἀναρρηθήσεται
989 261 1034 345 ὡς

64 359 275 452 τιθιζόμενου
300 369 348 446 είς
370 360 553 451 πρόσωπον
576 358 696 453 αὐτοῦ,
729 365 785 433 καὶ
811 359 855 445 59
880 369 954 455 ῥίζα
968 362 1033 434 ἀπὸ

63 469 127 554 γῆς
149 459 304 553 ἀβάτου.”
342 459 361 534 5
386 465 422 534 δὲ
449 469 638 536 Θεοδοτίων
657 459 737 534 “nal
761 462 964 589 ἀναβήσεται
989 465 1033 547 59

62 563 212 656 θηλάζον
226 563 428 637 ἐνοίπιον’
389 569 505 654 αυτοῦ,
524 563 622 635 μαλ’
599 595 643 649 ως
661 571 699 657 ῥί
697 574 734 650 ζα
684 569 848 636 ίίν
806 595 849 657 γη
870 572 902 636 δ
891 565 1031 658 υωση

35 697 50 738 5
139 671 191 739 50.
219 664 288 738 Διά
310 665 374 758 γάρ
398 666 526 739 τοῦτον
548 665 782 758 μνημονεύσας
810 666 827 737 ὁ
858 667 1029 789 προφήτης

62 798 124 841 του
108 773 315 860 βραχίονος
331 774 392 840 τοῦ
409 777 546 860 κυρίου,
569 766 606 851 59
630 759 674 858 ήυ
696 765 713 840 5
737 772 799 840 τοῦ
821 775 906 841 θεοῦ
924 768 1031 858 λόγος,

63 869 209 945 ίνοίπιον
227 867 343 959 αῦτοῦ,
361 868 515 960 φησὶν,’
495 899 621 962 ανηγγε
623 881 742 961 ίλαμεν
760 867 805 954 59
817 877 954 943 παιδίον
970 884 1032 961 θη·
1048 901 1089 952 [οη

62 972 161 1059 λάζον
179 974 234 1043 καὶ
253 971 476 1063 τιθιζόμευον,
494 969 593 1043 μαλ’
568 1003 612 1056 ως
626 972 756 1064 ῥίζαν’
739 1003 803 1044 απο
791 974 882 1064 γής
894 971 1031 1061 ἀβάτου.

62 1074 100 1146 τὸ
116 1076 179 1166 μὲν
197 1065 260 1146 οὖν
273 1081 411 1145 παιδίον
432 1066 469 1146 τῦ
487 1073 697 1164 τιθιζόμενον
720 1079 777 1145 καὶ
800 1074 948 1165 θηλάζον
972 1074 1030 1150 ἀν-

24 1204 51 1245 ιο
63 1205 179 1267 τικρυς
195 1173 257 1266 τήν
274 1179 408 1266 γένεσιν
421 1178 483 1248 τοῦ
494 1183 640 1264 Χριστοῦ
648 1174 785 1267 δηλοί,ή
806 1178 843 1247 δὲ
861 1183 903 1268 γή
917 1174 1034 1267 ήάβα-

63 1306 119 1359 τος
136 1280 192 1348 καὶ
211 1282 344 1363 διψῶσα
367 1277 429 1366 τήν
452 1276 694 1367 ἀποκυήσασαν
718 1276 822 1350 αῦτδν
846 1283 1031 1369 παρθένον,

61 1369 218 1471 ήοῦδεδς
242 1377 329 1470 ἀνήρ
349 1381 559 1469 ἐπιβέβηκεν,
584 1378 646 1468 ἀφ’
673 1371 713 1470 ής
749 1388 869 1470 καίπερ
904 1379 1084 1468 ἀβάτουρι)

61 1480 293 1571 τυγχανούσης
316 1485 490 1570 προῆλθεν
513 1477 534 1569 ή
565 1477 770 1571 εὐλογημένη
796 1487 887 1573 ῥίζα,
912 1484 968 1552 καὶ
994 1481 1030 1552 τδ

61 1580 273 1673 τιθιζόμενον
298 1586 355 1653 καὶ
380 1581 527 1672 θηλάζον
550 1591 696 1656 παιδίον.
741 1589 792 1654 51.
817 1578 902 1654 ἀλλά
928 1587 1031 1654 ταῦτα

22 1714 49 1757 15
60 1685 124 1775 μὲν
142 1688 409 1773 ἐπεσκιασμίνοις
426 1681 580 1778 ήυίξατο·
599 1684 806 1775 γυμνότερον
831 1687 869 1756 δὲ
892 1684 910 1755 5
934 1681 1032 1766 αῦτδς

61 1783 242 1877 ἑρμηνεία
266 1784 440 1878 προφήτης
463 1788 525 1878 τήν
548 1785 701 1858 διάνοιαν
726 1787 811 1858 ἐπὰν
833 1791 913 1877 λίγη
932 1781 1032 1858 “ίδοῦ

58 1886 81 1979 ή
100 1890 271 1980 παρθένος
285 1893 323 1960 ἐν
339 1892 459 1980 γαστρὶ
476 1887 628 1978 λήψεται,
646 1892 702 1959 καὶ
715 1891 840 1973 τέξεται
858 1890 952 1977 υίόν,
976 1893 1030 1959 καὶ

60 1992 238 2063 καλέσουσι
254 1989 292 2061 τὸ
309 1987 415 2080 ὄνομα
433 1989 538 2062 αῦτοῦ
555 1989 634 2081 μεθ’
656 1989 751 2082 ήμῶν
768 1989 785 2062 5
804 1989 912 2073 θεός.”
933 1996 1031 2062 τοῦτο

61 2091 125 2182 γὰρ
135 2090 319 2182 .ἑρμηνεῦει
336 2090 373 2163 ιδ
389 2092 607 2183 Ἐμμανουήλ.

19 2222 48 2265 ιο
138 2198 190 2265 52.
225 2199 368 2265 Τοιαῦτα
385 2197 464 2285 περὶ
481 2198 540 2284 τής
564 2202 612 2276 είς
637 2190 841 2283 ἀνθρώπους
866 2197 1060 2282 γενέσεωςο

59 2298 120 2367 τοῦ
149 2300 296 2386 Χριστοῦ
320 2295 422 2368 πάλαι
440 2294 604 2385 πρότερον
630 2291 711 2386 παρ’
728 2291 893 2384 Ἑβραίοις
919 2301 1028 2385 ἐμελε-

59 2400 148 2468 uino.
183 2395 229 2486 μή
246 2426 278 2469 τι
295 2388 359 2469 οῦν
377 2396 532 2481 ίπίδοξόν
549 2426 623 2468 τινα
646 2395 837 2485 δννάστην,
860 2393 882 2484 ή
907 2395 1032 2485 τῦραν-

60 2526 135 2588 νον,
152 2495 174 2587 ή
190 2527 267 2571 τινα
284 2497 391 2582 ἀλλοις
408 2504 477 2570 τῶν
496 2498 536 2568 τῦ
554 2496 683 2589 μεγάλα
700 2497 783 2571 κατά
796 2496 853 2568 τὸν
872 2504 949 2585 βίον
968 2503 1030 2567 δυ-

59 2600 233 2690 ναμένων,
258 2601 317 2672 τὸν
339 2599 637 2691 προφητευόμενου
670 2598 946 2690 ῦπογράφουσιν;
970 2597 1031 2670 οὐκ

19 2729 47 2773 τι
59 2707 153 2774 ἔστιν
178 2708 298 2791 εἰπεῖν,
313 2700 363 2774 ὅτι
380 2702 585 2794 μηδδίφάνη
603 2706 759 2785 τοιοῦτος.
798 2708 849 2773 53.
868 2699 941 2773 ἀλλ’
963 2698 1032 2784 οἷος

60 2801 170 2894 ἐφάνη
181 2811 228 2898 τῷ
246 2810 482 2898 βίφ,τοιοῦτον
495 2801 599 2877 αῦτδν
615 2808 671 2875 καὶ
682 2807 867 2877 ίθίσπισαν
881 2812 1030 2887 ἔσεσθαι,

58 2908 120 2993 τῆς
136 2903 299 2993 ἀληθείας
316 2904 388 2977 κατ’
408 2902 510 2978 οῦδὲν
536 2903 820 2997 ἀπολελειμμένοι.
863 2906 968 2977 εἰπών
993 2905 1026 2976 δ’

59 2998 124 3078 οῦν
154 3002 173 3078 ὁ
199 3004 338 3089 Ἠσαίας
359 3003 629 3098 “ἀνηγγειλαμεν
656 3006 800 3079 ἐνώπιον
830 3007 951 3094 αὐτοῦ,
987 3003 1032 3086 ὡς

59 3113 211 3198 παιδίον,
230 3106 275 3191 59
294 3114 368 3200 ῥίζα
386 3113 423 3181 ἐν
440 3117 484 3199 γή
512 3104 681 3198 διψῦση,”
701 3112 775 3198 ἑξῆς
796 3108 957 3180 συνάπτει
975 3110 1031 3175 λε’-

19 3239 133 3301 οογωυ
153 3205 238 3282 “οῦκ
257 3218 348 3282 ἔστιν
366 3211 455 3293 εἶδος
479 3208 570 3305 αὐτῷ
594 3208 675 3282 οὐδὲ
696 3210 791 3299 δόξα,
814 3213 869 3280 καὶ
896 3215 1030 3298 εἴδομεν

129 3445 162 3495 16
180 3446 264 3506 Em,
279 3447 319 3496 14.
356 3444 456 3495 Matth.
471 3447 495 3509 1,
510 3445 550 3498 23.
656 3445 691 3498 ‘28
709 3443 860 3510 mm.
