2326 3818
123 135 188 200 476
528 135 677 188 ευεεοιι

125 273 231 348 αῦτοῦ
248 273 383 362 παιδὸς,
406 269 448 345 όν
464 280 621 356 ποικίλως
641 271 866 362 ἐθεολόγησαν
889 279 927 343 αί
942 269 1101 361 πρόσθεν,

124 372 207 465 ἡμῖν
230 387 470 464 παρατεθεῖσαι
496 378 625 465 φωναὶ,
650 373 729 447 καθ’
751 363 794 444 οῦ
817 370 960 463 όμννσιν
977 369 995 443 5
1013 373 1096 456 θεός

125 480 182 547 καὶ
198 474 306 565 πατὴρ
324 473 446 565 αὐτοῦ,
464 477 510 557 ὡς
526 474 609 547 κατὰ
620 474 849 566 ἠγαπημένον,
867 472 927 547 τόν
940 478 976 545 ἐκ
994 477 1096 564 σπέρ-

124 606 226 668 ματος
243 581 356 666 Δαβὶῦ
374 576 432 648 τόν
449 574 589 669 ῦπειρον
606 581 713 647 αίῦνα
731 574 900 659 δοξάσειν·
925 573 943 645 ῦ
965 577 1021 645 καὶ
1040 581 1096 665 γέ-

125 707 225 767 γονεν
248 677 302 749 ὅτε
324 677 343 749 5
361 677 457 766 λόγος
481 677 562 768 σὰρξ
580 676 760 767 γενόμενος
777 675 836 748 τόν
854 682 890 747 ἐκ
908 681 1120 766 σπέρματοςσ

125 784 241 868 Δαβὶθ
257 776 419 868 ἀνείληφε
434 780 545 850 τεκαὶ
563 783 769 867 ἐθεοποίησε.
797 777 849 849 διὸ
866 781 922 848 καὶ
939 776 1016 848 οίὸν
1034 775 1096 849 αῦ·

123 879 186 952 τόν
203 877 403 968 ἀναγορεύει
420 882 539 968 λέγων,
551 874 640 969 “ἐγω
659 887 773 969 ἔσομαι
790 875 880 971 αῦτῷ
895 885 942 960 είς
956 881 1103 967 πατέρα,

124 982 181 1051 καὶ
198 978 298 1061 αὐτὸς
316 987 406 1050 ἔσται
424 1008 481 1069 μοι
499 987 545 1062 εἰς
563 978 672 1051 οίόν.”
717 985 765 1052 14.
784 983 841 1051 καὶ
864 978 966 1051 πόλιν
978 974 1096 1068 “κοίγ(ό

124 1078 336 1170 πρωτότοκον
357 1079 504 1172 θήσομαι
530 1078 666 1153 αῦτόν.”
716 1085 831 1171 σαφοῦς
854 1087 1033 1169 τοιγαροῦν
1058 1085 1096 1152 ἐκ

57 1210 111 1262 (ιω)
126 1179 255 1253 τούτων
272 1177 289 1250 5
307 1181 379 1262 υίὸς
397 1186 458 1253 τοῦ
479 1187 566 1254 θεοῦ
583 1181 601 1253 5
618 1181 825 1310 πρωτότοκος
849 1186 886 1253 ἐκ
909 1184 1095 1273 σπέρματος
1108 1211 1135 1253 ιο

126 1291 264 1354 ἔσεσθαι
285 1287 400 1370 Anam
424 1282 613 1374 ἀνείρηται,
639 1281 723 1355 ὥστε
748 1287 808 1354 ἕνα
831 1280 947 1353 καὶ
914 1312 973 1354 τον
991 1279 1096 1355 αῦτόν

127 1381 263 1455 εἶναι
229 1412 288 1454 τον
304 1413 327 1453 ν
329 1383 381 1455 ίόν
399 1412 459 1455 τον
447 1387 657 1473 ΗΔαβλθ
609 1413 655 1478 τω
682 1389 768 1457 θεοῦ
787 1389 850 1477 555
867 1383 973 1454 καὶ
941 1412 1000 1455 τον
1017 1383 1096 1456 υίῦν

125 1490 186 1555 τοῦ
202 1493 287 1556 θεοῦ
310 1489 357 1578 τῷ
383 1490 447 1576 νίῷ
463 1492 587 1573 Δαβίθ.
631 1460 678 1556 50⁹
701 1476 750 1557 οῦν
768 1483 946 1575 ἐναργῦς’
931 1514 950 1554 ο
968 1484 1096 1576 πρωτό-

125 1613 220 1666 τοκος
242 1584 351 1674 πόσης
373 1557 527 1674 κτίσεως,
551 1584 651 1667 αὐτὸς
673 1585 692 1656 5
715 1585 789 1668 υίὸς
810 1593 870 1657 τοῦ
895 1589 1044 1673 θεοῦ,ν
1021 1585 1096 1668 υίὸς

125 1682 310 1808 ἄνθρωπον
334 1684 537 1775 γενησεσθαι
554 1685 815 1786 προεφητεῦετο.
854 1692 903 1757 15
924 1690 979 1757 καί
997 1690 1095 1759 τοῦτο
1108 1718 1136 1761 15

126 1784 214 1857 55
180 1815 217 1856 το
235 1783 383 1875 557205‘
365 1817 386 1876 η
400 1816 461 1859 τον
449 1786 669 1911 εῦαγγελίρν
680 1787 795 1878 γραφὴ
814 1791 1095 1917 ἐπισφραγίζεται,

126 1885 171 1957 δι’
201 1878 249 1958 (όν
272 1910 377 1978 φησιν
403 1886 636 1959 ἐπιστάντα
602 1917 661 1959 τον
678 1887 828 2014 Γαβριὴλ
845 1893 886 1979 τῇ
910 1885 989 1982 ἁγία
1006 1914 1095 1978 παρ-

125 1985 752 2081 θίνῳφόναιπερλτοῦσωτηροςὴμων“
755 1980 866 2072 ὀὗτος
879 1990 1093 2114 ἔσταιμίγας,

126 2091 238 2158 uait
199 2118 221 2157 υ
224 2088 271 2168 ίὸς
288 2084 434 2172 ῦψίστοο
451 2088 667 2179 κληθήσεται,
685 2093 741 2161 καὶ
756 2089 912 2162 δώσει’
872 2121 962 2184 αοτῳ
979 2089 1094 2181 κύριος

123 2184 142 2258 5
160 2187 240 2272 θεὸς
257 2189 316 2260 τὸν
329 2187 456 2280 θρόνον
465 2198 581 2278 Λαβλῦ
592 2191 786 2283 τοῦπατρὸς
799 2190 915 2279 αῦτοο,
892 2193 985 2262 καὶ
999 2200 1092 2280 βασι-
1108 2225 1137 2267 εο

98 2287 238 2361 ελεῦσει
257 2295 311 2360 ἐπὶ
327 2291 386 2362 τὸν
403 2291 497 2363 οἷκον
509 2290 626 2380 Ἰακώβ
645 2300 694 2375 εἰς
709 2290 788 2374 τοῦς
802 2297 943 2382 αἰῶνας,
962 2295 1018 2364 καὶ
1035 2299 1095 2382 της

124 2399 296 2479 βασιλείας
314 2391 418 2463 αὐτοῦ
436 2392 498 2464 οῦκ
516 2401 608 2464 ἔσται
624 2391 747 2475 τέλος.”
776 2400 824 2464 16.
845 2397 901 2465 καὶ
914 2394 995 2483 μετὰ
1013 2402 1095 2484 βρα-

125 2497 183 2582 χέα
202 2495 238 2564 55
257 2497 294 2564 ἐν
310 2499 356 2587 τῷ
375 2490 467 2589 αῦτρῦ
484 2494 668 2589 εῦαγγελίμ
687 2501 853 2584 Ζαχαρίας
869 2490 888 2565 5
905 2500 965 2566 τοῦ
980 2491 1095 2567 '1555-

125 2622 187 2664 νον
205 2594 312 2683 πατὴρ
329 2593 409 2665 τόδε
426 2597 505 2686 περὶ
522 2600 584 2667 τοῦ
600 2603 747 2686 Χριστοῦ
765 2604 917 2680 θεσπίζει
929 2592 1095 2685 “εῦλογη-

123 2694 179 2777 τὸς
202 2693 316 2784 κῦριος
341 2693 358 2764 ὁ
383 2692 464 2775 θεός
486 2699 547 2767 τοῦ
566 2695 715 2819 Ἰσραηλ,
738 2693 788 2769 ότι
811 2698 1012 2778 ἐπεσκέψατο
1036 2698 1092 2765 καὶ
1106 2729 1136 2770 νε

126 2798 261 2881 ἐποίησε
284 2793 451 2884 λύτρωσιν
472 2823 519 2889 τω
542 2805 612 2892 λαῷ
635 2792 759 2888 αὑτοῦ,
782 2794 886 2868 καὶ”
864 2822 977 2887 ηγειρε
994 2797 1094 2887 κέρας

124 2902 290 2985 σωτηρίας
306 2889 424 2986 ημῖνὲ
423 2927 444 2968 ν
462 2866 543 2993 οίκφ
552 2902 667 2989 Δαβλθ
684 2929 745 2973 τον
733 2899 880 3026 πιιιθός
898 2896 1014 2988 αὑτοῦ,
1033 2927 1094 2969 κα-

124 2992 197 3076 θός
215 2995 355 3086 ἐλόλησε
374 2996 430 3068 διό
447 2997 607 3089 στόματος
619 3029 688 3072 των
700 2998 839 3090 ἆγίων’
820 2999 878 3072 απ’
900 3030 920 3071 α
922 3003 1019 3080 ίιόνος
1033 2997 1093 3068 αῦ-

124 3101 185 3169 τοῦ
203 3097 407 3190 προφητῦνῖ
409 3097 505 3172 ’.17
525 3098 641 3172 55²⁸
621 3130 673 3172 οτι
689 3102 802 3191 μὲν
767 3131 827 3173 τον
845 3102 1095 3191 ἐπηγγελμένον

193 3363 427 3428 72..Reg7‚14.
531 3366 723 3429 8Ps.,.8927
829 3365 1034 3428 14col.‚.115

124 3427 157 3477 18
174 3426 244 3482 Luc
259 3431 281 3491 1,
295 3433 337 3480 32.
442 3434 475 3484 28
492 3433 562 3486 Luc
576 3436 600 3494 1,
613 3434 656 3485 58
