2326 3818
111 93 150 158 16
514 93 663 145 ασεενα

108 241 216 326 οἰκίᾳ,
234 240 298 313 πάς
317 229 592 321 εἰσπορευόμενος
611 239 657 313 είς
681 229 743 320 τὴν
760 239 871 302 οίκίαν
889 237 944 303 καὶ
967 232 1078 306 πάντα

108 332 171 405 όσα
191 336 280 405 ἐστὶν
300 338 335 405 ἐν
358 337 399 423 τῇ
421 339 510 426 οίκίμ
531 330 706 424 ἀκάθαρτά
731 337 821 405 ἐστιν
843 335 924 405 ἑπτά
942 333 1075 426 ἡμέρας.

111 438 166 506 καὶ
191 439 259 506 πάν
287 439 406 518 σκεῦος
424 437 653 530 ἀνεῳγμένον,
670 432 733 507 ὅσα
751 433 824 525 οάχλ
846 440 958 531 δεσμῷ
975 466 1078 508 κατα·

112 540 259 626 δέδεται,
278 536 454 628 ἀκάθαρτα
475 547 584 626 ἔσται,
609 540 665 608 καὶ
683 540 748 619 πάς
765 532 801 617 ός
818 532 862 610 ἀν
879 534 1003 628 ἀπίκηται
1023 543 1077 610 ἐπὶ

110 638 290 731 πρόσωπον
313 645 372 710 του
395 647 514 710 πεδίου
538 646 743 729 τραυματίαν
767 643 950 729 ῥομφαίας,
974 635 995 730 ἢ
1020 671 1106 717 νε-ε

111 747 204 832 κροῦ,
224 736 245 830 ἢ
262 741 380 812 όστίου
398 743 630 833 ἀνθρωπίνου,
649 735 670 830 ἢ
687 738 867 830 μνήματος,
887 740 1078 833 ἀκάθαρτός

112 848 203 914 ἐστιν
221 842 301 913 ἑπτά
324 841 464 932 ἡμέρας,
490 847 546 914 καὶ
570 841 732 931 λήψονται
749 847 796 936 τῷ
813 839 995 937 ἀκαθάρτῳ
1011 841 1079 916 ἀπὸ

110 950 168 1030 τῆς
186 946 326 1024 σποδιάς
350 950 408 1031 τῆς
432 947 720 1035 κατακεκαυμένης
744 949 803 1016 τοῦ
821 943 1001 1035 ἁγνισμοῦ,
1021 950 1078 1017 καλ

112 1049 284 1134 ἐκχεοῦσιν
302 1041 408 1134 αὐτὴν
426 1052 473 1128 είς
487 1049 623 1135 σκεῦος,
648 1050 704 1118 καλ
722 1046 884 1135 λήψονται
901 1045 1077 1119 ὕσσωπον·

112 1149 167 1216 καὶ
185 1145 286 1233 βάψω
304 1145 389 1238 ἀνὴρ
408 1146 571 1238 καθαρός,
590 1151 646 1218 καὶ
665 1167 862 1239 περιρρανεῖ
879 1153 932 1220 ἐπὶ
949 1149 1008 1220 τὸν
1025 1150 1078 1221 οί-
1093 1184 1116 1226 ιο

111 1277 171 1319 κον
189 1250 245 1318 καὶ
262 1248 302 1319 τά
320 1248 422 1338 σκεύη
441 1253 496 1320 καὶ
513 1248 570 1332 τάς
588 1249 712 1340 ψυχάς,
731 1248 802 1345 ὅσοι
819 1249 878 1322 ἐάν
896 1241 979 1324 ω’σιν
997 1255 1078 1340 ἐκεῖ,

111 1353 166 1420 καὶ
186 1353 239 1422 ἐπὶ
256 1349 314 1423 τόν
332 1348 480 1443 ἡμμένον
497 1357 556 1424 τού
572 1350 691 1424 ὀστέον
716 1357 776 1425 τοῦ
793 1351 1032 1441 ἀνθρωπίνου,
1057 1350 1080 1442 ἢ

111 1456 171 1523 του
187 1464 409 1545 τραυματίου,
428 1449 449 1545 ἢ
467 1460 526 1526 τοῦ
543 1454 762 1545 τεθνηκότος,
781 1451 801 1543 ἢ
820 1461 880 1526 τοῦ
898 1453 1077 1545 μνήματος.

113 1560 161 1624 10.
182 1558 236 1622 καλ
255 1571 452 1645 περιρρανεί
468 1554 485 1624 ὁ
504 1556 655 1644 καθαρός
674 1560 728 1625 ἐπὶ
752 1555 811 1625 τόν
829 1553 1023 1642 ἀκάθαρτον
1042 1561 1080 1625 ἐν

111 1659 152 1743 τῇ
170 1653 277 1746 ἡμέρᾳ
294 1663 335 1745 τῇ
358 1663 452 1744 τρίτῃ
477 1659 532 1723 καλ
558 1659 594 1725 ἐν
611 1660 651 1743 τῇ
674 1653 781 1743 ἡμέρᾳ
798 1660 838 1743 τῇ
859 1652 1002 1740 ἕβδόμῃ,
1022 1655 1078 1721 καὶ
1094 1689 1116 1729 ιε

112 1765 234 1826 πλυνεῖ
245 1753 284 1826 τά
299 1754 412 1846 ίμάτια
425 1758 557 1841 ἑαυτοῦ,
576 1759 632 1823 καί
646 1752 801 1824 λοόσεται
811 1750 848 1822 τό
860 1756 955 1842 σῶμα
968 1749 1078 1842 ὕδατι,

60 1861 166 1938 μακαλ
185 1855 373 1948 ἀκάθαρτος
392 1865 483 1927 ἔσται
496 1860 557 1938 ἕως
576 1858 725 1944 ἑσπέρας.
749 1857 804 1925 καλ
822 1851 1002 1946 ἀνθρωπος
1021 1856 1080 1928 ἐάν

112 1963 242 2048 μιανθῇ
259 1963 315 2028 καλ
329 1957 374 2048 μὴ
388 1955 586 2046 ἀφαγνισθῇ
594 2010 603 2045 ,
618 1955 940 2047 ἐξολοθρευθήσεται
953 1956 973 2047 ἡ
988 1960 1080 2049 ψυχὴ

114 2065 223 2147 ἐκείνη
248 2063 284 2129 ἐκ
308 2063 365 2148 τῆς
393 2061 606 2147 συναγωγῆς,
637 2056 687 2128 ὅτι
710 2055 803 2149 ὕδωρ
828 2064 1009 2150 ῥαντισμοῦ
1037 2058 1078 2131 οὐ

113 2168 395 2251 περιερραντίσθη
414 2155 467 2230 ἐπ’
488 2155 599 2230 αὐτόν.
643 2163 699 2230 καλ
718 2167 809 2230 ἔσται
832 2159 914 2251 ὑμίν
936 2159 1078 2251 νόμιμον
1092 2193 1116 2234 ει

143 2270 149 2290 5
168 2260 174 2280 ί
265 2259 283 2285 7,

113 2291 259 2332 αιωνιον.

191 2369 239 2434 11.
264 2368 374 2436 Ταῦτα
394 2371 542 2454 Μωυσῆς
556 2364 784 2455 νομοθετήσας
801 2365 861 2436 τόν
877 2364 1001 2452 τρόπον
1019 2370 1080 2436 τοῦ

112 2464 233 2546 ὕδατος
251 2469 312 2535 τοῦ
329 2471 511 2556 ῥαντισμοῦ
526 2465 769 2555 ἐπεκδιδάσκει,
789 2466 932 2556 δάμαλιν
945 2468 1080 2558 πυρράν

113 2565 250 2656 ἀμωμον
278 2565 544 2639 όλοκαυτοῦσθαι
575 2566 806 2658 προστάττων,
839 2571 894 2638 καλ
925 2564 989 2638 ἀπό
1020 2574 1080 2658 τῆς

113 2672 254 2749 σποδιάς
278 2666 379 2758 αὐτῆς
403 2668 629 2760 ἐμβάλλεσθαι
652 2673 699 2763 τῷ
721 2666 820 2740 ὕδατι
845 2673 877 2753 ἐξ
900 2660 942 2741 οὖ
959 2673 1079 2760 χρῆναι
1093 2699 1116 2740 ει

113 2778 339 2860 καθαίρεσθαι
356 2770 432 2855 τοὺς
452 2774 506 2842 ἐπὶ
520 2777 628 2865 νεκρῷ
641 2774 919 2861 μεμολυσμένους.
955 2774 1025 2841 πού
1043 2775 1081 2844 δὲ

114 2870 174 2960 χρὴ
192 2866 459 2944 όλοκαυτοῦσθαι
476 2873 538 2963 τὴν
557 2870 720 2963 δάμαλιν,
747 2877 812 2945 πού
837 2874 873 2944 δὲ
891 2872 952 2962 τὴν
971 2877 1008 2997 ἐγ
1025 2876 1081 2944 λε’-

113 3002 162 3062 χει
180 2977 383 3065 προσφέρειν
400 2973 457 3058 τάς
475 2983 617 3062 θυσίας,
643 3002 708 3045 που
696 2974 816 3044 Ηδλ
782 3004 822 3045 τοι
839 2973 939 3045 λοιπά
956 2973 1081 3064 νόμιμα

113 3075 335 3166 συντελεῖν,
318 3106 368 3148 οτι
386 3106 430 3166 μη
420 3073 641 3166 ἀδιαφόρως
658 3081 694 3147 ἐν
708 3075 862 3147 παντλ’
825 3104 928 3200 τοπφ,
946 3073 1020 3146 ἀλλ’
1044 3081 1081 3149 ἐν

111 3176 202 3272 μόνω
221 3168 318 3250 ἑνὶ
290 3208 316 3273 φ
335 3177 434 3260 αὐτός
452 3176 617 3270 ἀφορίζει,
639 3175 778 3268 δῆλον’
759 3177 817 3267 αφ’
840 3208 888 3249 ων
904 3191 1085 3268 νομοθετεῖ
1095 3205 1116 3247 α

181 3415 214 3462 24
231 3414 309 3466 Num.
326 3417 365 3476 19,
380 3415 404 3464 2.
