2326 3818
121 111 181 176 148
527 114 676 165 EUSEBH

117 250 292 324 Ἰουδαίων
310 251 496 342 ῶνόμασεν,
512 249 623 343 ῶσπερ
641 244 704 324 οὖν
722 256 778 325 καὶ
795 252 890 343 ῆμεῑς
903 251 1092 341 Ἰουδαίους

122 353 424 445 προσαγορεύομεν.
478 361 528 425 36.
562 353 634 426 εἶτά
658 380 741 446 φησι
767 355 811 446 μῆ
845 354 1008 445 πρότερον
1037 361 1090 429 ἐκ·

120 464 249 541 λείψειν
267 461 303 528 ἐκ
320 461 380 528 τού
398 463 521 538 ἔθνους
545 455 658 528 αὐτῶν
681 456 842 548 άρχοντας
866 458 921 527 καὶ
946 455 1090 548 ῆγουμέ·

119 588 198 641 νους
228 553 249 647 ῆ
280 575 436 648 παρεῖναι
466 558 524 629 τόν
558 557 868 650 προφητευόμενον·
905 558 1025 631 τούτου
1052 563 1091 633 δὲ

120 662 312 742 ἐπιστάντος
343 659 639 747 καταλυθήσεσθαι
675 661 738 750 μὲν
767 659 886 731 αὐτίκα
916 660 978 748 τήν
1002 660 1114 735 Ἰού-τ

102 770 227 834 ’δαίων
252 761 375 852 ἀρχὴν,
402 759 504 831 αὐτόν
529 762 566 832 δέ
590 758 652 835 ούκ
677 768 724 832 ἔτι
751 760 942 850 Ἰουδαίων,
973 765 1089 835 ἐθνῶν

121 866 157 935 δέ
176 871 315 934 ἔσεσθαι
334 869 549 946 προσδοκίαν.
591 866 647 934 καὶ
674 869 770 934 τοῦτο
796 865 832 934 δέ
858 867 912 934 ἐπὶ
930 864 993 953 μὲν
1019 870 1089 937 τῶν

119 971 303 1055 προφητῶν
327 962 389 1034 οὐκ
407 960 449 1034 ἀν
469 963 587 1036 δύναιο
602 964 816 1058 ἐφαρμόζειν,
843 968 897 1036 ἐπὶ
922 966 959 1036 δὲ
982 965 1089 1056 μόνον

119 1065 178 1137 τόν
196 1070 329 1154 σωτῆρα
347 1067 403 1135 καὶ
421 1064 539 1155 κύριον
555 1061 659 1156 ήμῶν.
695 1073 746 1137 3ῖ.
767 1065 834 1156 ἅμα
851 1097 887 1139 τε
904 1064 968 1158 γάρ
987 1065 1089 1153 αύτός

62 1195 105 1245 με)
122 1174 168 1247 εἰς
194 1165 397 1257 ἀνθρώπους
427 1173 539 1259 παρῆν
568 1172 623 1238 καὶ
651 1170 687 1240 τὸ
716 1165 889 1240 Ἰουδαίων
914 1168 1089 1261 καθῄρητο
1100 1204 1124 1244 τι

120 1276 306 1358 βασίλειον·
327 1275 511 1340 ἐκλελοίπει
531 1271 568 1340 δέ
591 1274 790 1361 παραχρῆμα
813 1267 831 1341 ὁ
856 1274 892 1341 ἐκ
910 1270 1089 1361 προγόνων

121 1377 278 1462 διαδοχῆς
293 1368 405 1461 άρχων
423 1368 536 1442 αὐτῶν
561 1373 616 1442 καὶ
641 1368 658 1442 ὁ
686 1371 769 1442 κατά
792 1371 914 1461 νόμους
939 1372 1015 1456 τούς
1034 1382 1089 1445 ολ-

120 1481 230 1555 κείους
244 1469 441 1563 ἡγούμενος,
460 1472 659 1562 Αὐγούστου
678 1472 750 1544 τότε
769 1473 903 1561 πρῶτον
916 1472 1089 1563 Ῥωμαίων

119 1575 407 1666 μοναρχήσαντος,
428 1571 581 1665 Ἡρῶδου
611 1604 647 1644 τε
679 1579 711 1659 ἐξ
742 1573 942 1665 ἀλλοφύλων
973 1579 1088 1649 ἐθνῶν

118 1681 281 1763 βασιλέως
299 1672 412 1746 αύτῶν
429 1675 660 1758 καταστάντος.
679 1683 729 1747 38.
746 1680 801 1746 καὶ
814 1683 847 1747 οἱ
863 1677 925 1767 μὲν
939 1681 1088 1751 ἐκλελοί-
1101 1710 1123 1751 ιτ

118 1801 237 1866 πεσαν,
263 1773 280 1848 ό
307 1779 343 1848 δὲ
367 1784 552 1868 προσδοκία
574 1782 641 1849 τῶν
660 1775 739 1849 καθ’
758 1775 837 1867 ὅλης
855 1784 912 1869 τῆς
930 1786 1088 1870 οἰκουμέ-

117 1910 177 1969 νης
203 1883 315 1950 ἐθνῶν
332 1879 415 1949 κατά
432 1877 494 1966 τῆν
517 1887 618 1951 θείαν
635 1879 822 1971 πρόρρησιν
839 1877 1086 1972 ἀναπέφανται,

119 1977 162 2063 ῶς
193 1985 249 2050 καὶ
285 1984 384 2051 είσέτι
420 1987 484 2051 νῦν
519 1979 645 2064 πάντας
675 1980 752 2063 τούς
778 1985 811 2065 ἐξ
836 1978 994 2054 ἀπάντων
1017 1992 1088 2056 τῶν

120 2085 232 2153 ἐθνῶν
252 2089 297 2163 είς
322 2079 426 2152 αὐτόν
449 2082 708 2165 πεπιστευκότας
731 2091 790 2172 τῆς
817 2083 898 2154 κατά
916 2082 1000 2156 θεὸν
1023 2084 1088 2157 αύ-

120 2186 186 2253 τῶν
205 2190 407 2274 προσδοκίας
425 2182 487 2272 τῆν
506 2189 625 2255 ἐλπίδα
644 2183 696 2255 ἐπ’
713 2183 804 2279 αὐτῶ
822 2193 990 2257 τίθεσθαι.
1099 2220 1123 2261 ω

194 2290 245 2356 39.
271 2289 338 2358 Καὶ
362 2291 491 2375 Μωσῆς
517 2288 579 2376 μέν
608 2292 769 2376 τοσαῦτα,
807 2291 864 2358 καὶ
892 2286 932 2358 τά
957 2287 1087 2362 τούτων

119 2390 213 2477 ἔτερα
248 2397 352 2460 πλείω
387 2391 546 2477 περὶτοῦ
572 2395 720 2480 Χριστοῦ
743 2386 825 2477 πρός
853 2387 979 2471 πάντας
999 2388 1086 2480 ῆμᾶς

118 2487 379 2580 εὐαγγελίζεται·
406 2488 536 2580 ἀδελφά
556 2493 592 2561 δὲ
610 2490 702 2585 αὐτῷ
725 2493 780 2560 καὶ
799 2489 936 2573 Ἡσαΐας
958 2487 1086 2586 άφωρι·

59 2623 100 2675 [τε]
119 2593 246 2680 σμένως
265 2601 346 2679 περί
361 2621 450 2672 τινος
475 2592 549 2674 ἑνός
575 2596 611 2662 ἐκ
635 2595 820 2682 σπέρματος
846 2594 902 2662 καί
926 2598 1086 2685 διαδοχῆς

117 2695 231 2779 Λαβλδ
249 2699 309 2761 τοῦ
326 2696 488 2781 βασιλέως
501 2691 777 2783 ἀναστησομένον
800 2698 904 2765 ταύτα
927 2699 1083 2785 προλέγει
1097 2722 1123 2765 ει

111 2787 341 2874 “ἐξελεύσεται
365 2792 488 2883 ῥάβδος
508 2796 544 2865 ἐκ
561 2798 619 2884 τῆς
637 2801 726 2886 ῥίζης
742 2793 878 2885 Ἰεσσαὶ,
903 2800 957 2866 καὶ
977 2794 1085 2882 ἀνθος

118 2895 153 2962 ἐκ
171 2897 227 2982 τῆς
247 2900 336 2985 ῥίζης
355 2893 458 2966 αὐτοῦ
475 2893 690 2986 ἀναβήσεται,
703 2901 759 2968 καὶ
771 2897 1003 2969 ἀναπαύσεται
1027 2897 1083 2991 ἐπ’

116 2992 219 3066 αὐτόν
242 3005 374 3087 πνεῦμα
397 3002 457 3068 τοῦ
481 3006 581 3089 θεοῦ,
608 3005 740 3089 πνεῦμα
764 3008 884 3089 σοφίας
917 3004 974 3070 καὶ
1000 3022 1085 3073 σον·

117 3100 216 3180 ἐσεως
226 3096 256 3129 ·”
267 3099 371 3169 καλτά
382 3099 489 3170 λοιπά.
510 3106 561 3171 40.
574 3097 644 3173 εἷθ’
662 3099 793 3189 ἀποβάς
805 3104 879 3191 ἑξῆς
887 3111 1083 3197 προφητικῷ

115 3198 226 3295 τρόπῳ
245 3199 306 3289 τήν
324 3207 392 3272 τῶν
409 3200 610 3292 ἀλλοφύλων
629 3207 742 3274 ἐθνῶν
759 3202 941 3295 βαρβάρων
966 3234 1003 3276 τε
1024 3209 1082 3275 καὶ
1096 3232 1122 3273 ιο

184 3435 217 3482 νο
235 3437 373 3500 Es.11,1.
