2326 3818
146 157 210 223 508
551 155 701 207 Ευεωοιι

149 293 343 385 ἐκδικητὴν,
362 292 420 366 τόν
437 322 472 366 τε
490 292 640 366 θάνατον
656 292 800 385 ἄρχοντα
818 298 877 364 τοῦ
896 298 1017 377 αἰῶνος
1035 294 1115 367 τού-

64 483 69 488 .
119 427 228 486 στου,
253 393 320 487 ἅμα
340 413 413 477 ταῖς
438 406 568 479 λοιπαῖς
592 392 743 486 όοράτοις
766 397 822 465 καὶ
847 398 983 486 ἐχθραῖς
1009 395 1113 469 δυνό-

148 521 240 591 μεσι,
270 495 307 569 τό
337 496 495 587 τηνικάδε
524 495 609 568 θεόν
632 495 734 569 αὐτὸν
766 496 852 567 εἶναι
876 495 1115 580 πιστεύσαντες

148 598 412 690 προσεκύνησαν.
454 604 504 669 60.
525 604 563 669 αλ
584 599 621 668 δὲ
639 614 746 688 χεῖρες
769 601 830 668 τού
854 602 1002 687 σωτῆρος
1019 595 1115 690 ἡμων

147 702 231 774 κατὰ
247 701 357 772 νύτου
373 703 442 771 τόν
466 704 597 790 ἐχθρῶν
614 698 718 771 αύτοῦ
744 703 910 790 ἐγίνοντο,
934 697 990 771 ὅτε
1007 699 1136 782 πόσαςο

147 802 204 886 τός
230 802 364 894 πράξεις
390 797 493 871 αύτού
516 799 573 883 τός
597 830 633 873 τε
657 799 814 891 δυνάμεις
844 804 900 872 καὶ
929 807 1116 893 παραδοξο-

148 913 260 987 ποιλας
284 906 338 974 ἐπὶ
357 905 551 992 καθαιρέσει
577 906 644 974 τῶν
663 901 833 992 δαιμόνων
851 906 994 975 καὶτῶν
1011 912 1131 995 πονη-’

149 1014 219 1098 ρων
241 1003 441 1095 πνευμάτων
466 1008 616 1076 ἐποιεῖτο.
657 1001 741 1074 ἀλλὰ
764 1007 819 1074 καλ
836 1002 981 1093 ὁπηνίκα
1005 1009 1117 1090 ἐξεπό-

148 1128 228 1178 τασε
249 1105 307 1189 τὰς
332 1123 444 1198 χεῖρας
468 1105 573 1177 αὑτοῦ
597 1109 650 1176 ἐπὶ
669 1113 729 1178 τού
747 1113 913 1197 σταυροῦ,
937 1111 994 1178 καὶ
1011 1106 1116 1189 οὕτως

151 1215 188 1279 αἱ
203 1225 310 1299 χεῖρες
328 1206 433 1280 αύτού
449 1206 646 1298 φευγόντων
663 1215 730 1279 τῶν
750 1210 881 1300 ἐχθροῖν
898 1212 955 1278 καὶ
968 1207 1008 1279 τό
1027 1213 1115 1281 νῶτα
1127 1236 1149 1279 ιο

150 1308 441 1403 παραχωρούντων
467 1307 557 1404 αύτῷ
575 1308 658 1433 κατὰ
682 1307 792 1381 νότου
808 1338 877 1380 των
896 1313 1030 1402 ἐχθρῶν
1048 1315 1118 1402 ἐχί-

149 1443 265 1503 νοντο,
285 1416 342 1484 καὶ
358 1410 521 1502 μᾶλλον
503 1440 558 1482 οτε
572 1441 608 1482 το
617 1439 750 1501 πνευμα
767 1409 983 1505 παραδούς
952 1441 999 1483 τω
984 1414 1117 1536 πατρὶ

126 1556 137 1584 ε
151 1512 295 1604 ἄσαρκος
313 1517 369 1585 καὶ
386 1513 511 1604 γυμνὸς
525 1542 565 1584 ου
554 1503 751 1603 ἀνειλήφει
765 1511 914 1636 στόματος
929 1484 1030 1584 ἑπλ
996 1543 1033 1584 το
1050 1544 1119 1586 των

151 1621 283 1708 ἐχθρων
301 1615 415 1708 κατῄει
433 1625 575 1738 χωρίον,
593 1611 739 1703 αύτοζωή
756 1612 949 1740 τνηχόνων,
967 1613 1121 1688 θάνατον

151 1717 347 1789 καταλύσων
360 1715 463 1789 καὶ
426 1747 484 1800 τας
499 1714 818 1805 ἐπανισταμέυαρ’
777 1745 868 1811 αυτφ
855 1712 1102 1805 wovvoipag,
1080 1746 1119 1800 ας
1133 1742 1156 1786 α

152 1816 239 1902 εἰκός
256 1815 329 1889 κατ’
350 1816 452 1910 ἆρχύς
470 1819 532 1908 μὲν
548 1816 663 1890 κοινόν
679 1816 863 1909 ἄνθρωπον
881 1820 1021 1896 καὶτοῖς
1039 1829 1120 1888 πολ-

151 1931 220 2002 λολς
243 1917 358 2010 ὅμοιον
383 1916 486 1989 αύτόν
507 1914 748 2010 ὑπειληφέναι,
778 1915 865 1990 ούτω
888 1946 924 1989 τε
947 1924 1133 1991 κύκλωσαι.

152 2021 254 2091 αὐτὸν
272 2019 365 2091 καλ
342 2048 386 2101 ως
396 2017 439 2090 ἂν
452 2023 497 2114 τῷ
510 2018 644 2109 τυχόντι
657 2025 853 2112 ε’φορμησαι,
873 2021 946 2091 ἐπεὶ
957 2019 995 2090 δε
1014 2025 1121 2109 ἔγνω-

152 2142 216 2192 σαν
234 2115 445 2222 κρείττονα”
425 2150 446 2210 η
460 2147 521 2191 κατ
553 2118 737 2211 ανθρωπου
750 2125 804 2193 καλ
818 2123 996 2212 θειοτέραν
1013 2119 1121 2211 φύσιν

151 2249 319 2347 τραπηναι
336 2220 447 2294 καὶ
409 2253 450 2294 τα
467 2251 558 2294 νωτυ
575 2245 813 2350 παραχωρησαι
836 2220 945 2317 αύτῷ,
969 2220 1050 2293 καθ’
1070 2251 1157 2295 ωνκο

151 2323 209 2406 τὰς
226 2342 338 2415 χεῖρας
357 2322 453 2415 αφεὶς
470 2340 541 2407 τοῖς
560 2324 746 2407 εὐθέοις’
707 2354 811 2448 ριυτου
794 2329 884 2396 καὶ
902 2321 1121 2414 ἠκονημένοις

151 2429 262 2515 βέλεσι
288 2426 476 2518 φεύγοντας
499 2425 662 2517 ηλαννεν,
695 2456 739 2509 ως
764 2426 820 2497 δια
843 2433 939 2498 τοῦτο
963 2430 1122 2516 εἰρῆσθαι

146 2526 207 2599 “αλ
217 2532 325 2620 χεῖρές
339 2552 400 2600 σου
415 2531 468 2600 ἐπὶ
483 2527 669 2601 νότουτύν
688 2531 820 2618 ἐχθροῖν
837 2523 933 2599 σου.”
961 2534 1012 2598 61.
1033 2535 1065 2598 εἰ
1082 2529 1121 2598 δὲ

124 2632 207 2700 ικαὶ
227 2632 328 2700 εἰσέτι
349 2633 416 2699 νύν
433 2635 547 2718 μυρίοι
564 2633 623 2699 τοῦ
642 2633 787 2720 σωτῆρος
811 2627 906 2719 ἡμων
925 2631 1041 2719 ἐχθροὶ
1059 2628 1122 2718 τὴν

153 2732 331 2817 ἐκκλησίαν
354 2728 458 2799 αὐτοῦ
482 2728 565 2798 κατὰ
592 2727 728 2819 καιρούς
751 2738 909 2820 πολεμεῖν
933 2733 1119 2821 ἐπιχειρού-
1133 2754 1160 2798 τι

152 2850 225 2917 σιν,
242 2826 326 2899 ἀλλὰ
344 2833 400 2900 καὶ
416 2828 553 2913 τούτους
570 2828 701 2926 ιἰορότφ
719 2832 804 2921 χειρὶ
821 2833 877 2901 καὶ
892 2832 1000 2926 ἐνθέφ
1020 2830 1123 2904 δυνό-

151 2959 205 3019 μει
229 2935 423 3022 τροπούται,
451 2926 496 3014 ὥς
519 2935 675 3024 καὶπερὶ
699 2931 813 3004 αὐτῶν
831 2938 987 3024 εἰρῆσθαι
1011 2931 1048 3004 τό
1062 2932 1126 3004 “al

152 3035 257 3121 χεῖρές
276 3054 338 3104 σου
357 3037 411 3103 ἐπὶ
429 3032 538 3105 νότου
555 3037 624 3107 τοῖν
642 3037 775 3124 ἐχθροῖν
792 3031 890 3108 σου.”
933 3040 983 3106 62.
1005 3033 1123 3126 ἐπειδὴ

153 3134 190 3204 δὲ
208 3131 273 3223 ἤδη
291 3133 410 3206 λοιπὸν
425 3134 466 3206 τὰ
489 3135 572 3206 κατὰ
589 3139 657 3207 των
675 3139 806 3226 ἐχθρῶν
831 3133 1006 3226 νικητήρια
1024 3131 1124 3216 τἰπει-

152 3233 269 3324 λήφει,
297 3239 478 3326 τηυικαύτα
498 3239 681 3327 ἐπληροῦτο
698 3239 753 3308 καλ
773 3237 809 3308 τό
822 3233 1128 3328 “προσκυνη’σουσί
1140 3272 1158 3298 εἰ

153 3355 191 3401 σε
214 3342 249 3405 ολ
269 3339 339 3407 υἱοὶ
362 3341 422 3408 τοῦ
439 3337 562 3429 πατρός
585 3334 681 3427 σου,”
707 3336 829 3421 πάντες
849 3339 977 3428 δηλαδὴ
995 3343 1031 3408 οἱ
1045 3334 1121 3408 κατ’

151 3430 299 3524 ούρανὸν
317 3434 469 3526 ἄγγελοι,
487 3436 528 3508 τό
545 3466 581 3509 τε
595 3437 768 3529 πνεύματα
780 3439 820 3510 τόι
838 3436 1049 3531 λειτουργικὰ
1066 3441 1124 3510 καὶ
