2326 3818
323 110 507 162 οιεΜοΝεΤ.
527 109 657 162 ενΑΝο,
675 111 723 160 1v.
742 112 781 159 ιο.
967 106 1029 168 277

61 249 168 332 ἄλλως
187 246 291 320 αὐτόν
309 260 537 336 καθηγεῖσθαι
550 250 610 317 τοῦ
627 246 749 330 παντός
768 253 851 317 λαοῦ
869 249 951 337 μετα
969 246 1031 335 τὴν

63 353 185 422 ἐαυτοῦ
202 349 367 437 τελιυτὴν,
385 362 427 399 **
449 355 507 438 τῆς
530 348 612 438 πρὸς
636 346 740 418 αὐτοῦ
758 355 912 437 τεθείσης
930 377 1031 437 νομο-

62 461 181 534 θεσίας
198 453 486 541 μεταστησομένης
504 450 584 519 ποτέ
602 452 657 519 καὶ
676 453 768 533 τέλος
788 449 954 539 ίσχούσης,
975 452 1029 518 καὶ
1045 477 1098 528 (τοο)

63 552 155 647 αὐτῷ
172 581 210 642 γε
227 548 349 641 δμοίως
368 562 491 623 Μωσελ
505 550 629 642 τρόπον
646 551 721 622 τινδι
738 550 954 639 τελευτώσης,
972 580 1031 639 μη-

37 657 145 725 5δένα
170 659 283 745 ἕτερον
308 648 329 741 ἢ
352 652 458 742 μόνον
471 652 602 741 Ἰησοῦν
624 651 683 723 τόν
701 648 848 741 Χριστὸν
870 657 930 722 τοῦ
948 656 1033 722 θεοῦ

64 759 272 838 πολιτείας
255 759 368 846 ετέρας
391 751 580 844 ἡγήσεσθαι
605 763 792 845 κρείττονος
822 784 842 842 η
866 783 948 823 κατα
972 752 1034 841 τὴν

64 861 237 978 προτέραν.
274 862 303 927 5.
323 853 411 927 οὕτω
429 858 491 946 μὲν
511 856 552 945 δὴ
570 855 732 945 Μωσῆς
717 886 734 926 ο
753 855 889 927 πόντων
903 882 1034 977 προφη-

63 989 131 1030 των
153 958 446 1048 θαυμασιώτατος,
471 957 660 1048 ἀμφοτέρας
683 961 744 1027 τοῦ
767 962 919 1086 σωτῆρος,
940 952 1034 1046 ἡμών

59 1059 168 1150 Ἰησοῦ
185 1063 332 1148 Χριστοῦ
356 1068 442 1151 θείῳ
460 1058 624 1148 πνεόματι
643 1058 801 1146 διαγνούς
827 1059 884 1141 τας
904 1063 1034 1128 ἐπωνυ-

26 1186 51 1224 10
64 1171 159 1252 μίας,
178 1160 313 1241 ταύταις
332 1156 413 1241 ώς
394 1190 436 1230 αν
455 1168 640 1248 βασιλικοῖς
659 1159 841 1249 διαδήμασι
855 1159 934 1239 τοῦς
952 1158 1032 1248 παρ’

66 1260 169 1332 αὐτόν
187 1262 323 1333 πόντων
340 1269 409 1332 τών
421 1258 592 1350 ἀρχόντων
606 1264 777 1348 ἐκκρίτους
793 1267 957 1350 ἐτίμησεν,
978 1266 1034 1328 δυ-

66 1366 122 1433 σὶν
136 1362 274 1454 ἄρχουσι
290 1365 345 1431 καὶ
363 1357 502 1452 ἡγεμόσι
515 1368 575 1432 τοῦ
593 1365 688 1446 λαοῦ,
702 1366 750 1455 τῳ
767 1390 802 1431 τε
816 1358 965 1453 όρχιερεῖ
981 1363 1035 1429 καὶ

65 1469 112 1558 τῳ
130 1472 243 1558 οἰκείῳ
262 1461 420 1556 διαδόχῳ,
439 1463 499 1533 τόν
508 1462 652 1551 Χριστὸν
670 1466 726 1532 καὶ
744 1462 802 1533 τὸν
816 1461 946 1552 Ἰησοῦν
966 1465 1063 1532 ἐπι-ο

67 1573 214 1656 φημίσας
234 1594 308 1634 κατ
296 1562 491 1659 ’ἆξιαν,
460 1593 506 1634 τω
496 1563 607 1654 μδν’
605 1562 730 1654 Ααρών
743 1562 801 1635 τόν
815 1563 1021 1656 Χριστὸν,
991 1567 1036 1631 τώ

28 1689 53 1728 15
69 1669 105 1739 δὲ
124 1669 265 1757 Ναυσῇ,
290 1695 333 1792 ῳς
357 1663 399 1735 δν
423 1665 484 1756 τὴν
502 1665 607 1737 αὐτου
596 1663 784 1762 τελευτην
793 1634 1036 1790 διαδεξομένῳ,

65 1769 124 1840 τὸν
138 1766 267 1858 Ἰησοῦν
284 1765 475 1858 ἀπονειμας.
508 1774 536 1837 6
555 1772 676 1838 τοῦτον
693 1797 755 1857 μεν
768 1758 830 1838 οὖν
843 1766 901 1837 τόν
914 1764 1037 1890 τρόπον

66 1867 87 1959 ἡ
105 1869 210 1942 αὐτοῦ
230 1874 380 1951 Μωσέως
399 1898 512 1959 γραφη
530 1885 602 1951 ταῖς
620 1873 680 1939 τοῦ
702 1891 849 1957 σωτηρος
867 1866 962 1957 ἠμών
974 1866 1038 1956 Ιη-

69 1977 130 2042 σοῦ
148 1976 294 2059 Χριστοῦ
313 1966 493 2060 κεκόσμητο
512 1981 758 2060 προσηγορίαις.

400 2187 480 2258 Ἀπὸ
498 2193 555 2278 της
571 2186 714 2272 Ἐξόδου

30 2312 444 2385 εοῺςὸΜωσέωςδιώδοχος
459 2310 581 2400 Ἰησοῦς,
600 2311 971 2400 ἅγγελοςέτιικεκλημένος,
989 2317 1063 2368 καλε
1128 2314 1135 2319 ’

70 2387 120 2438 τοῦ
141 2385 212 2436 λαοῦ
230 2385 433 2452 καθηγεῖσθαι
451 2381 572 2451 μέλλων,
596 2381 626 2437 τὸ
643 2380 735 2447 ὄνομα
750 2387 800 2437 τοῦ
819 2386 1038 2451 χρηματίζοντος

319 2453 443 2516 Χριστοῦ
458 2424 650 2518 ἐπιφέρεσθαι
664 2438 782 2517 λέγεται.

142 2571 276 2646 ‘''1606’
259 2576 495 2647 αποστέλλω
464 2605 523 2646 τον
535 2573 681 2665 όγγελόν
694 2604 759 2665 μου
777 2603 840 2665 προ
829 2573 1039 2665 προσώπου

71 2699 149 2765 σου,
173 2684 230 2748 ἵνα
248 2675 406 2768 ῳνλώσση
426 2701 464 2749 σε
483 2682 519 2748 ἐν
543 2680 585 2768 τῇ
600 2675 689 2772 ὁδῳ,
713 2675 803 2759 ὅπως
822 2675 983 2766 είσαγώγη
1002 2698 1039 2746 σε

31 2808 57 2847 25
73 2785 119 2857 είς
136 2776 198 2864 τὴν
215 2783 297 2867 γῆν,
321 2777 365 2867 ἣν
383 2777 545 2869 ἡτοίμασό
564 2801 626 2850 σοι.
664 2777 806 2869 πρόσεχε
830 2781 961 2870 σεαυτςό
984 2779 1039 2847 καί

72 2875 225 2947 εἰσώκουε
244 2875 365 2966 αὐτοῦ,
390 2878 435 2969 μὴ
459 2877 595 2950 ώπείθει
615 2877 721 2973 αὐτῷ’
750 2878 873 2972 οὐγὰρ
891 2879 936 2969 μὴ
954 2879 1039 2949 ὑπο-

71 2985 242 3068 στείληταί
263 3001 309 3050 σε.
352 2977 388 3049 τό
412 2981 477 3068 γὰρ
500 2979 605 3070 όνομώ
628 2980 693 3071 μού
719 2985 809 3052 ἐστιν
834 2978 886 3051 ἐπ’
913 2976 1037 3072 αότώ.”

72 3087 99 3151 7.
121 3084 218 3170 ἐμοῦ,
244 3083 351 3170 φησὶν
374 3079 475 3162 αὐτὸς
493 3077 510 3151 ό
530 3081 661 3171 κόριος,
686 3088 746 3152 τοῦ
765 3105 818 3153 σοι
841 3086 945 3152 ταῦτα
963 3110 1039 3169 χρη·

71 3190 259 3271 ματίζοντος
283 3180 430 3272 τοῦνομα
448 3186 683 3272 ἐπιγέγραπται
702 3181 719 3253 6
744 3187 875 3272 μέλλων
894 3181 1040 3270 είσώγειν
1055 3206 1109 3257 μετ]

141 3417 173 3466 νε
191 3415 241 3464 Ex.
255 3416 297 3480 οε,
311 3419 352 3467 εο.
