2326 3818
324 140 511 194 DEMONST.
530 139 664 192 EVANG.
682 141 704 191 Ι.
723 140 748 190 6.
982 138 1025 201 49

56 282 159 353 πάθει
177 277 399 370 προστάττων.
436 282 492 350 καὶ
511 269 627 360 αὖθις·
651 277 669 348 5
687 280 885 369 μλυΜωσῆς
899 296 1025 370 μοιχοῖς

58 385 113 453 καὶ
131 381 324 464 ἀκολάστοις
344 380 527 452 διετάττετο
545 378 581 450 τό
599 379 644 470 μῆ
662 380 842 471 μοιχεύειν,
860 382 946 471 μηδὲ
963 379 1025 469 ἀρ-

58 502 280 572 σενοκοιτεῖυ,
304 484 389 574 μηδὲ
411 482 470 565 τάς
493 480 582 573 παρά
606 480 712 572 φύσιν
734 479 859 570 ῆδονάς
878 482 1024 570 διῶιιειν,

57 585 208 657 θάνατον
231 583 293 675 τῆν
315 593 479 676 τιμωρίαν
501 602 571 667 τοῖς
589 590 860 676 παραβαίνουσιν
879 583 1023 672 ἐπάγων,

31 686 122 776 ιε’γῶ
142 689 178 758 δέ
196 683 276 777 μηδ’
297 691 474 778 ἐμβλέπειν
491 702 636 775 γυναῖκα
658 684 729 776 μετ’
751 691 931 775 ἐπιθυμίας
949 683 1025 756 ἀκο-

58 788 181 860 λάστου
198 789 276 872 τούς
295 787 393 878 ἐμοὺς
411 787 584 879 βούλομαι.
627 795 680 858 68.
700 790 755 858 καὶ
774 785 891 858 πάλιν·
926 783 945 858 5
963 788 1024 876 μὲν

57 901 172 980 ἔλεγεν
184 887 270 962 εὀὐκ
290 890 514 982 ἐπιορκήσεις,
534 888 721 973 ἀποδώσεις
740 891 778 961 δέ
795 897 841 984 τῶ
859 893 932 983 θεῶ
948 889 1025 971 τοὺς

57 992 177 1083 ὅρκους
196 1012 275 1065 σου·
304 990 369 1080 ἐγῶ
387 994 424 1064 δὲ
442 996 527 1080 λέγω
540 990 622 1081 ὑμῖν
639 993 684 1082 μῆ
698 989 817 1081 ὀμόσαι
832 988 929 1081 ὅλως,
948 989 1021 1061 ἀλλ’

57 1103 149 1165 ἔσται
167 1091 185 1165 5
203 1093 300 1182 λόγος
316 1091 413 1185 ὑμῶν
430 1097 487 1166 ναὶ
504 1101 578 1182 ναί,
606 1089 647 1164 οὗ
664 1092 720 1164 05¹·
754 1093 789 1164 τὸ
810 1095 846 1163 δὲ
865 1093 1025 1181 περισσόν

17 1226 43 1265 ιο
56 1195 186 1266 τούτων
210 1201 246 1266 ἐκ
269 1199 331 1266 τοῶ
353 1199 504 1286 πονηροῶ
527 1192 651 1267 ἐστιν.”
697 1198 753 1266 καλ
776 1194 893 1266 πάλιν·
922 1194 939 1264 ὁ
964 1198 1025 1285 μὲν

55 1295 133 1379 τούς
151 1297 350 1379 ἀδικοῦντας
375 1296 571 1386 ἀμύνασθαι
598 1300 653 1367 καλ
672 1293 865 1367 ἀνταδικεῖν
882 1325 1025 1384 παρεκε-

56 1396 171 1470 λεύετο
190 1402 314 1489 λέγων,
341 1397 520 1488 ὀφθαλμόν
537 1396 612 1469 ἀντὶ
630 1398 810 1488 ὀφθαλμοῦ
828 1401 883 1468 καὶ
901 1397 1025 1468 ὀδόντα

56 1500 130 1571 ἀντὶ
148 1498 304 1588 ὀδόντος,
333 1498 397 1588 ἐγῶ
422 1502 460 1571 δέ
483 1502 568 1588 λέγω
592 1494 676 1589 ὑμῖν
700 1499 744 1590 μῆ
767 1497 961 1587 ἀντιστῆναι
978 1505 1024 1593 τῷ
1040 1526 1081 1577 μη

56 1607 217 1696 πονηρῷ,
234 1599 312 1672 ἀλλ’
337 1600 427 1685 ὅστις
451 1625 490 1673 σε
507 1608 641 1694 βαπίσει
660 1606 715 1673 ἐπὶ
738 1598 800 1690 τῆν
820 1601 933 1685 δεξιάν
951 1625 1025 1671 σια-

18 1733 43 1774 ιε
56 1703 140 1792 γόνα
157 1728 235 1794 σου,
256 1706 400 1792 στρέψον
417 1703 507 1798 αὐτῷ
526 1707 582 1774 καὶ
601 1704 662 1792 τῆν
675 1702 798 1791 ἀλλην·
827 1707 881 1773 καὶ
900 1710 945 1797 τῶ
964 1707 1026 1774 θέ-

56 1814 151 1877 λοντί
167 1827 220 1876 σοι
238 1811 398 1896 κριθῆναι
416 1809 471 1877 καὶ
494 1802 554 1878 τόν
571 1805 694 1898 χιτῶνά
713 1828 775 1876 σου
793 1813 923 1894 λαβεῖν,
942 1803 1025 1892 ἀφες

56 1905 147 2002 αὐτῷ
164 1912 220 1978 καὶ
237 1906 274 1978 τό
294 1907 432 1999 ίμάτιου.
471 1914 520 1978 71.
540 1911 595 1979 καλ
614 1906 730 1978 πάλιν·
765 1906 782 1977 ό
801 1909 863 1997 μέυ
881 1906 1024 1996 παρῄνει

56 2011 115 2080 τόν
131 2011 193 2099 μέν
210 2017 312 2100 φίλον
329 2006 480 2100 ἀγαπᾶν,
500 2026 612 2099 μισεῖν
630 2011 668 2080 δέ
686 2008 763 2091 τοὺς
782 2006 941 2100 ἐχθροός,
962 2008 1025 2097 ε’γῶ

58 2112 95 2179 δέ
121 2110 202 2181 καθ’
229 2106 423 2203 ὑπερβολὴν
446 2120 705 2202 φιλανθρωπίας
735 2113 790 2181 καὶ
815 2110 1025 2194 ἀνεξικακίας

17 2242 44 2282 20
57 2209 191 2298 ἀγαπᾶν
208 2210 285 2293 τούς
311 2212 453 2303 ἐχθρούς
477 2213 573 2304 ὑμῶν
590 2217 781 2303 νομοθετῶ,
806 2216 861 2282 καὶ
881 2211 1026 2300 προσεύ-

57 2325 176 2401 χεσθαι
194 2308 281 2401 ὑπὲρ
299 2319 367 2383 τῶν
386 2314 588 2402 διωκόντων,
607 2313 696 2396 ὅπως
713 2318 860 2402 γένησθε
879 2318 946 2384 υίοὶ
965 2319 1024 2408 τοῦ

57 2412 179 2504 πατρός
196 2409 292 2503 ὑμῶν
309 2418 369 2485 τοῦ
388 2419 425 2486 ἐν
441 2414 615 2504 οὐρανοῖς,
647 2415 737 2495 ὅστις
757 2413 814 2484 τόν
831 2413 927 2502 ἥλιον
945 2413 1025 2483 ἀνα-

56 2518 164 2587 τέλλει
183 2519 236 2586 ἐπλ
255 2516 422 2608 πονηροὺς
441 2520 496 2587 καὶ
514 2513 663 2606 ἀγαθοάς
688 2519 743 2587 καὶ
767 2518 879 2606 βρέχει
904 2517 957 2585 ἐπὶ
977 2522 1025 2585 δι-

57 2625 172 2698 καίους
190 2621 246 2688 καὶ
264 2618 411 2701 ἀδίκους.
457 2625 505 2689 72.
525 2622 581 2689 καὶ
601 2622 654 2690 ἐπὶ
672 2616 800 2699 τούτοις
820 2613 837 2688 ὁ
863 2618 924 2707 μὲν
942 2615 1052 2706 πρὸςε

14 2748 42 2791 ιε
56 2717 119 2809 τῆν
142 2725 210 2790 τῶν
232 2729 367 2791 πολλῶν
391 2729 554 2811 σκληρίαν
578 2720 734 2811 ἡρμόζετο
758 2724 814 2791 καλ
836 2737 904 2802 τοῖς
924 2724 1023 2809 ἐμπα-

56 2825 135 2892 θέσι
153 2821 341 2911 κατάλληλα
367 2822 568 2912 διετάττετο,
594 2826 836 2912 ἐξηλλαγμένον
861 2825 916 2891 καὶ
942 2820 1024 2892 ὑπο-

57 2921 224 3012 βεβηκότα
241 2924 331 3013 παρά
349 2923 408 2995 τόν
431 2923 575 2996 παλαιόν
597 2924 722 3015 τρόπον
744 2923 951 3013 παραδιδοὺς
971 2922 1025 2993 εὐ-

57 3031 202 3112 σεβείας·
245 3022 308 3113 ἐγῶ
334 3026 372 3096 δέ
397 3031 451 3096 ἐπὶ
481 3027 539 3096 τὸν
568 3030 636 3097 τῶν
659 3025 828 3115 πρόπαλαι
853 3029 1025 3112 θεοφιλῶν

56 3125 194 3214 ἀνδρῶν
213 3125 339 3216 εὐσεβῆ
364 3130 420 3196 καὶ
442 3132 588 3216 θεοφιλῆ
608 3136 684 3216 βίον
702 3124 929 3215 ἀνακαλοῶμαι
948 3123 1025 3206 τούς

13 3259 43 3300 so
57 3227 194 3309 πάντας.
234 3235 283 3300 73.
303 3231 359 3298 καὶ
378 3225 434 3318 ἐφ’
454 3226 579 3300 ἅπασιν
593 3225 611 3300 5
624 3231 686 3319 μέν
699 3235 763 3318 γῆν
777 3232 921 3318 ῥέουσαν
939 3225 1025 3315 γάλα

126 3465 140 3512 7
159 3464 256 3518 Matth.
271 3467 293 3522 5,
308 3468 348 3515 33.

107 3563 248 3613 εοεεεῐυε
267 3565 313 3604 111.
840 3549 866 3609 A1
