2326 3818
322 125 507 180 DEMONST.
525 125 659 178 εοεαε.
677 125 739 176 v11.
758 130 783 178 3.
960 125 1025 190 479

55 264 179 353 θρόνος
202 280 458 355 συμπαραμενεῑ
477 266 524 358 τῷ
541 257 635 356 ἡλίῳ.
678 265 735 334 καί
753 255 849 345 οὗτός
866 295 921 354 γε,
947 262 1023 336 ἀλλ’

56 365 169 446 οὐδεὶς
187 369 297 454 ἕτερος
315 362 526 453 ἀνθρώπων,
550 363 614 453 πρὸ
637 367 695 453 τῆς
720 363 862 454 ’σελήνης
885 370 942 436 καί
959 365 1023 458 πρό

56 474 112 556 τῆς
130 472 189 536 τοῦ
206 458 333 555 κόσμου
347 462 550 553 συστάσεως,
567 462 626 535 ἀτε
637 464 734 553 λόγος
747 461 796 536 τόν
806 472 903 554 θεοῦ,
921 475 1023 556 προϋ-
1037 497 1092 549 (355)

55 572 197 657 πηρχεν,
216 568 334 650 ἔσταξέ
346 595 383 637 τε
400 564 501 657 μόνος
517 557 614 647 οὗτος
630 563 820 657 οὐρανόθεν
835 565 959 658 δρόσου
974 575 1024 639 δί-

30 697 118 757 ικηυ
143 670 198 739 ἐπὶ
228 672 340 739 πάσαν
363 666 425 756 τὴν
441 669 524 755 γῆν·
562 676 692 757 εἴρηταί
712 695 749 738 τε
772 665 876 739 αὐτόν
902 670 957 737 καί
976 677 1024 750 είς

55 768 181 850 πάντας
214 767 418 858 ἀνθρώπους
448 766 707 841 ἀνατεταλκέναι
737 767 820 839 κατά
846 767 887 839 τά
916 774 1023 863 μικρῷ

55 868 207 961 πρόσθεν
223 869 305 960 ἡμῖν
322 865 570 959 ἀποδεδομένα,
589 873 644 941 καὶ
664 868 861 959 δικαιοσύνη
878 872 1024 960 παραμέ-

54 996 162 1043 νουσα
178 973 274 1062 μέγρι
291 975 349 1061 τῆς
365 974 427 1041 τοῦ
451 978 529 1058 βίον
547 980 756 1061 συντελείας,
775 968 847 1060 ἥτις
864 967 1024 1042 ἀνταναλ-

55 1095 146 1162 ρεσις
164 1070 353 1162 ὠνόμασται
369 1076 427 1160 τῆς
445 1070 594 1161 σελήνης.
634 1077 686 1143 25.
708 1077 855 1164 ἐναργεῖς
873 1099 909 1142 τε
925 1067 947 1160 ἡ
964 1075 1025 1143 του

18 1208 43 1247 10
57 1177 205 1264 σωτῆρος
226 1171 323 1262 ἡμῶν
347 1170 489 1261 δύναμις
513 1188 629 1264 κρατεῖ
650 1176 707 1243 καί
730 1172 882 1264 κυριεόει
904 1177 972 1243 τεόν
990 1176 1023 1256 ἐξ

55 1272 139 1367 ἑῴας
156 1272 330 1363 θαλάσσης
354 1275 411 1342 καὶ
434 1275 488 1353 ἐπὶ
509 1271 633 1345 δύοντα
650 1272 764 1364 ἥλιον,
789 1277 940 1363 ἐνεργεῖν
963 1275 1067 1363 μδνι·

55 1371 221 1464 ἀρξαμένη
234 1372 299 1444 ἀπό
313 1377 476 1462 ποταμοῦ,
489 1371 562 1462 ἤτοι
576 1379 637 1446 τοά
649 1373 732 1445 κατά
746 1371 887 1464 λουτρόν
900 1396 1024 1463 μυστη-

55 1481 149 1566 ρίου,
173 1470 195 1564 ἢ
218 1477 275 1545 καί
298 1470 361 1564 ἀφ’
386 1465 490 1565 οὗπερ
516 1473 600 1545 κατά
622 1475 682 1547 τὸν
696 1473 868 1565 Ἰορδάνην
890 1478 1025 1566 πρῶτον

56 1579 175 1665 φανεὶς
197 1573 319 1668 ἤρξατο
341 1579 399 1664 τῆς
423 1583 470 1656 είς
494 1572 698 1665 ἀνθρώπους
728 1573 929 1668 εὐεργεσίας.
966 1577 1023 1647 26.

17 1711 42 1750 15
56 1689 304 1768 παρεκταθείσα
321 1680 405 1766 γοῦν
424 1680 456 1760 ἐξ
475 1679 605 1748 ἐκείνου
623 1674 644 1766 ἡ
663 1683 700 1748 ἐν
716 1676 910 1766 ἀνθρώποις
929 1684 1024 1764 βασι-

55 1784 129 1848 λεία
146 1775 251 1849 αότοῦ
271 1783 391 1867 διῆλθε
409 1774 491 1848 καθ’
510 1774 591 1870 ὅλης
603 1784 662 1868 τῆς
680 1781 886 1870 οἰκουμένης.
917 1776 1023 1864 Λιβά-

55 1908 118 1950 νον
137 1882 175 1950 δὲ
194 1882 432 1969 ίπινοουμένης
449 1881 508 1968 τῆς
520 1878 752 1971 Ἰερουσαλὴμ,
777 1879 822 1962 ὦς
845 1877 910 1949 ἀπὸ
928 1886 1024 1949 πλεί-

55 2005 145 2052 στων
163 1978 253 2051 ὅσων
275 1986 487 2072 προφητειῶν
510 1979 765 2069 ἀποδείκνυται,
794 1978 848 2050 διά
865 1980 902 2050 τδ
920 1978 1024 2049 πάλαι

57 2085 93 2150 ἐν
117 2080 203 2172 αὐτῇ
228 2081 377 2170 ἀγίασμα
407 2082 464 2150 καὶ
493 2079 814 2173 τόθυσιαστήριον,
845 2079 945 2151 τότε
970 2082 1024 2150 ἐπὶ

17 2213 42 2254 νο
55 2179 161 2274 τούτῳ
181 2189 228 2263 είς
245 2179 346 2270 τιμὴν
362 2179 599 2270 ἀναφερόμενα
616 2182 757 2271 λιβάνου
772 2188 871 2271 δίκην
880 2186 926 2274 τῷ
939 2184 1024 2273 θεῷ,

54 2278 72 2351 ὁ
90 2287 149 2352 τοῦ
165 2286 312 2373 Χριστοῦ
331 2279 456 2370 καρπός
473 2279 494 2368 ἡ
514 2285 547 2365 ἐξ
567 2287 679 2353 ἐθνῶν
694 2287 853 2370 ἐκκλησία
865 2280 951 2372 ὑπὲρ
966 2281 1025 2352 τὸν

55 2390 207 2470 Λίβανον
237 2379 452 2470 ἀρθήσεσθαι
481 2391 705 2465 θεσπίζεται·
736 2388 787 2452 27.
820 2384 875 2451 ἐπὶ
905 2386 1023 2470 σχολῆς
1037 2418 1050 2445 ε

58 2480 89 2552 δ’
115 2480 157 2553 ἀν
180 2479 198 2553 ὁ
221 2481 412 2572 φιλομαθὴς
443 2484 552 2576 ἑαυτῷ
567 2480 632 2552 ’τόν
661 2482 800 2571 Ψολμδν
829 2480 911 2570 πρὸς
935 2483 1024 2562 λέξιν

57 2592 253 2672 βασανίσας,
266 2582 358 2678 μόνῳ
370 2585 418 2678 τῷ
425 2578 578 2677 ’ἡμετέρῳ
594 2591 700 2677 κυρίῳ
713 2580 754 2653 τά
769 2586 806 2653 ἐν
819 2578 909 2676 αὐτῷ
923 2603 1023 2672 προσ-

17 2718 43 2757 εε
56 2684 151 2774 η’κειν
167 2685 403 2776 ὁμολογήσειεν
420 2679 481 2773 ἀν,
510 2682 593 2755 ἀλλά
611 2683 687 2756 οότε
704 2686 752 2778 τῷ
768 2686 900 2777 παλαιῷ
920 2693 1025 2754 Σολο-

56 2791 141 2874 μῶνι
172 2785 249 2858 οὔτε
279 2789 381 2881 ἑτέρῳ
411 2791 480 2857 τῶν
509 2783 581 2876 μετ’
614 2784 716 2857 αότόν
751 2788 918 2873 βασιλέων
950 2782 1025 2864 ἑνός

57 2894 180 2967 ἔθνους
196 2892 265 2957 τῶν
283 2886 459 2958 Ἰουδαίων
482 2885 672 2976 ἀρξάντων,
697 2890 752 2956 καὶ
770 2884 810 2956 οὐ
834 2888 936 2956 πλέον
953 2882 1025 2955 όλι-

56 2994 186 3077 γοστῶυ
204 2991 305 3077 ἐτοῖν,
324 2991 380 3058 καὶ
397 2985 473 3058 οὐδ’
499 2984 554 3077 ἐφ’
577 2991 694 3078 ἑτέρας·
709 2982 729 3075 ἢ
747 2985 851 3076 μόνης
868 2992 926 3075 τῆς
942 2982 1025 3058 'Iov-

58 3096 154 3171 δαίας
172 3092 240 3179 γῆς.
