2326 3818
233 166 241 178 ”’
326 168 511 220 DEMONST.
524 167 658 223 EVANG.
670 169 747 220 VIII.
768 171 790 219 l.
973 167 1037 233 503

67 314 220 378 τοιοῦτον
245 308 281 377 δὲ
299 304 402 378 αῦτδν
418 303 517 394 ὄντα,
540 311 669 394 μᾶλλον
696 307 733 375 δὲ
750 307 910 395 τοιαύτην
929 298 1067 379 οῦσανο

67 407 129 496 τὴν
146 406 275 498 φυλὴν,
300 415 367 497 τίς,
391 410 513 496 φησὶν,
536 403 735 495 ῦναστήσει;
758 411 863 497 μέγαν
889 407 964 478 τινὰ
982 412 1038 479 καὶ

66 506 265 598 θανμαστὸυ
283 506 425 579 σπάνιόν
442 536 478 578 τε
497 510 553 577 καὶ
573 506 812 597 δυσθεώρητον
829 515 966 579 ἔσεσθαι
979 508 1039 582 τὸν

66 612 230 700 μέλλοντα
258 607 460 697 ἀναστήσειν
485 616 546 680 τοῦ
577 606 705 701 θρόνον
724 612 792 679 «καὶ
819 608 1039 699 μεταστήσειν
1125 681 1130 692 ς

40 715 125 782 ετοῦ
144 709 284 801 ἀρχικοῦ
302 707 484 801 ἀξιώματος
501 708 563 800 τὴν
582 717 797 800 δηλωθεῑσαυ
817 710 931 800 φυλὴν
949 718 1038 781 αίνι-

65 811 213 901 ξάμενος.
258 818 310 883 42.
335 818 384 894 τίς
409 813 448 883 δὲ
475 809 540 902 ἄρα
563 802 659 894 οὗτος
681 801 726 900 ἦν
750 815 823 901 ἑξῆς
849 810 935 901 ἡμᾶς
963 814 1037 901 ἐφί-

66 935 180 1002 στησι,
198 915 318 985 τοῦτον
336 914 422 985 εἶναι
441 911 612 984 διδάσκων
628 911 688 983 τδυ
710 914 872 1003 μέλλοντα
890 920 1038 1004 προσδο-

66 1023 144 1086 κίαν
162 1022 300 1087 ἔσεσθαι
312 1018 380 1087 τών
396 1019 520 1103 ἐθνών,
537 1009 573 1096 ῦς
587 1011 627 1084 οῦ
641 1012 804 1103 πρότερον
821 1013 1036 1104 φανήσεσθαι

67 1120 103 1186 ἐν
121 1115 314 1204 ἀνθρώποις
332 1112 353 1203 ἢ
368 1119 535 1186 ἐκλείπειν
552 1117 608 1184 καὶ
625 1112 768 1205 ἄρχοντα
780 1118 836 1186 καλ
848 1115 1038 1206 ἡγούμενον

27 1245 53 1284 ιο
64 1215 396 1306 μετασταθήσεσθαι,
411 1219 467 1286 καὶ
480 1212 778 1304 ἄπαναστήσεσθαι
791 1220 848 1305 τῆς
861 1214 964 1306 ἀρχῆς
976 1217 1037 1306 τὴν

63 1322 123 1386 τοῦ
143 1313 251 1387 Ἰούδα
269 1315 382 1406 φυλὴν
399 1317 653 1408 προφητεύεται.
672 1340 674 1345 “
689 1322 739 1386 43.
758 1327 809 1399 τίς
828 1315 861 1387 δ’
880 1309 976 1399 οῦτος
994 1310 1038 1407 ἦν

65 1412 85 1505 ἢ
110 1414 128 1487 6
152 1416 262 1508 σωτὴρ
286 1421 341 1493 καὶ
367 1417 482 1509 κύριος
507 1417 605 1508 ἡμῶν
616 1415 740 1506 Ἰησοῦς
766 1413 784 1488 6
812 1417 970 1507 Χριστός;
993 1410 1105 1499 οῦμιι)

65 1520 119 1588 ἐπὶ
137 1525 195 1606 τῆς
212 1521 386 1609 γενέσεως,
405 1516 600 1602 ἀκολούθως
617 1525 657 1609 τῇ
676 1522 877 1611 προκειμένῃ
892 1519 1036 1610 προρρή-

65 1641 134 1707 σει,
157 1620 307 1703 ἐξέλιπον
331 1622 394 1709 μὲυ
416 1618 572 1711 ἄρχοντες
591 1623 646 1690 καὶ
664 1619 843 1709 ἡγούμενοι
871 1624 903 1704 ἐξ
922 1619 1036 1691 αῦτών

26 1747 51 1788 ιτ
61 1717 232 1792 Ἰουδαίων
251 1724 304 1792 ἐπὶ
318 1720 356 1793 τὸ
374 1730 475 1803 ἔθνος
493 1720 605 1792 αῦτών
619 1719 870 1811 καθιστάμενοι,
888 1721 908 1810 ἡ
925 1723 963 1792 δὲ
975 1726 1037 1793 τοῦ

59 1821 171 1911 Ἰούδα
194 1821 285 1913 φυλὴ
310 1820 401 1918 αῦτςῦ
426 1831 520 1894 ἔθνει
545 1826 647 1893 παντὶ
664 1829 724 1893 τοῦ
750 1826 783 1906 ἐξ
801 1829 923 1904 αίώνος
941 1819 1037 1913 ἄργι-

65 1929 126 1996 κοῦ
145 1927 201 1996 καὶ
219 1929 398 2014 βασιλικοῦ
409 1922 591 2016 ἀξιώματος
608 1937 865 2014 καθαιρεθεῖσα,
883 1942 952 2006 τοῖς
967 1931 1035 1993 είσ-

64 2029 112 2095 έτι
129 2028 186 2096 καὶ
203 2033 270 2096 νῦν
287 2034 468 2114 κρατοῦσιν
487 2030 518 2110 ἐξ
538 2031 669 2098 ἐκείνου
687 2027 743 2096 καὶ
762 2033 809 2108 είς
834 2029 934 2115 δεῦρο
954 2031 1035 2096 δου-

64 2124 156 2196 λεύει
175 2126 361 2215 Ῥωμαίοις,
383 2127 465 2216 μετὰ
490 2132 559 2197 τών
583 2131 710 2197 λοιπών
728 2129 784 2197 καὶ
807 2125 845 2198 τό
861 2125 1035 2199 Ἰουδαίων

24 2253 51 2292 το
65 2234 165 2308 ἔθνος
186 2230 480 2351 γειρωσαμένοις,
492 2225 571 2316 παρ’
595 2217 643 2297 ών
663 2226 833 2318 Ἡρώδης,
853 2233 981 2319 πρώτος
1001 2231 1033 2311 ἐξ

63 2325 256 2417 ἀλλοφύλου
273 2326 429 2448 γέγους“
410 2325 573 2416 νπώρχωυ
588 2332 681 2410 ἰδίως
694 2355 753 2398 του
738 2333 892 2409 ἔθνους
906 2326 1032 2414 αὐτῶν,

62 2423 129 2497 ῦπό
146 2457 182 2498 τε
200 2425 401 2550 Αὐγούστου
420 2430 532 2497 καὶ
492 2457 550 2516 της
563 2425 734 2516 Ρωμαίων
747 2426 936 2552 συγκλήτου
950 2436 1034 2515 βου-

63 2533 122 2616 λῆς
146 2528 302 2616 βασιλεῦς
325 2504 568 2599 αυαδεδεικται.
609 2519 700 2598 44.
681 2557 723 2617 ην
740 2532 824 2617 γοῦν
850 2523 1060 2616 ὁΗρώδηςι

57 2627 278 2722 Ἀντιπάτρου
296 2659 342 2701 πα
345 2647 386 2719 λς,
404 2659 422 2701 ο
410 2626 501 2700 δε’
498 2626 584 2702 Αυτί
583 2657 706 2715 πατρος
719 2628 974 2718 Ἀσκαλωνίτης,
996 2637 1032 2699 ἔκ

23 2755 50 2796 τι
62 2761 151 2816 τινος
169 2737 237 2802 τών
254 2730 382 2822 περὶ
348 2760 406 2802 τον
424 2730 513 2804 νεών
529 2760 589 2802 του
578 2729 810 2856 ’Λπόλλωνος
823 2729 1033 2860 ίερρδοῦλωυ
1108 2747 1111 2756 “

62 2829 332 2921 καλουμένων
286 2886 296 2921 ,
314 2861 351 2914 ος
370 2831 411 2920 δη
429 2830 641 2958 Κυπρίγην’
626 2831 779 2956 ογόματι,
798 2830 834 2903 τῦ
842 2836 947 2955 γένος
964 2837 1033 2902 τών

64 2936 95 3016 ἐξ
117 2929 289 3022 Ἀραβίας,
320 2950 465 3020 γυναῖκα
495 2933 578 3056 πρὸς
608 2961 716 3022 γαμον
746 2930 950 3022 ἀγαγόμενος
973 2932 1032 3003 τὸν

56 3033 213 3159 Ἡρώδην
235 3049 386 3105 ποιεῖται.
430 3039 482 3105 45
502 3025 598 3116 οῦτος
616 3024 719 3122 δὴ
677 3063 740 3104 ουν
762 3037 891 3123 πρώτος
910 3038 945 3104 ἐκ
962 3062 1033 3103 τοι-

61 3134 165 3206 ούτου
180 3131 331 3258 γένονς’
317 3132 508 3260 ορμώμενος
527 3133 586 3207 τδν
604 3139 641 3204 ἐκ
659 3139 818 3257 διριδοχῆς
834 3143 902 3204 τών
919 3133 1032 3257 ἀρχιε-

22 3259 50 3300 ³0
63 3235 196 3328 ρέων
173 3259 317 3308 υστατου
340 3234 554 3327 ηγησαμενον
572 3227 753 3328 Ὑρκανὸν,
780 3231 870 3324 ἐφ’
859 3233 899 3306 δν
915 3233 955 3304 τδι
973 3263 1031 3322 της

61 3335 222 3420 οἰκείας
203 3367 306 3430 αρχης
322 3367 382 3410 τον
367 3335 568 3410 Ἰουδαίων
586 3345 709 3418 ἔθνους
726 3338 915 3462 κατέληξεγ,
935 3340 1030 3406 ἐκπο-

56 3435 134 3510 δών
150 3447 351 3530 μεθίστησιν
368 3436 514 3530 ἀνελών,
540 3436 669 3530 πρώτός
686 3466 722 3510 τε
741 3434 850 3527 αὐτὸς,
869 3436 914 3520 ώς
932 3444 1029 3526 ἔφην,
1046 3479 1057 3507 e
