2326 3818
147 116 210 181 670
557 114 705 166 Eusnssn

146 260 255 346 λέγων
268 251 353 328 “ofin
372 257 597 339 ἐξουδένωσεν
614 251 693 325 οῦδὲ
711 254 927 346 προσόχθισε
945 259 986 346 τῇ
1005 257 1118 346 δεήσει

145 361 209 430 τοῦ
226 364 377 448 πτωχοῦ,
395 355 477 428 οῦδὲ
489 354 676 446 ἀπέστρεψε
689 355 726 427 τὸ
740 354 921 446 πρόσωπον
934 356 1040 428 αὑτοῦ
1054 356 1113 429 ἀπ’

147 462 245 550 ἐμοῦ,
264 463 320 530 καὶ
338 463 377 529 ἐν
392 463 440 552 τῷ
458 462 655 548 κεκραγέναι
672 485 714 548 με
725 458 807 549 πρὸς
820 455 924 530 αὐτὸν
938 458 1116 547 εἰσήκουσὲ

146 557 244 651 μου.”
269 566 340 643 ποῦς
356 549 421 631 οῦν
437 557 652 649 ιἰποφατικῦς
670 562 760 649 λέγοι
777 556 820 630 ἂν
831 558 873 630 “ὁ
891 560 972 641 θεός
985 590 1051 649 μου
1064 590 1118 632 κε-

145 662 307 753 κράξομαι
320 657 456 752 ἡμέρας,
476 667 531 732 καλ
543 657 606 732 οῦκ
624 656 835 753 εἰσακοῦση,”
855 662 943 752 εἰμὴ
956 662 1038 732 κατὰ
1055 663 1144 751 τὴνο

120 804 130 832 c
144 763 376 836 ἀποδοθεῖσαν
388 758 469 853 ἡμῖν
482 770 649 852 θεωρέανς
667 760 710 852 ἣν
723 763 816 853 ολμαι
829 767 885 833 καὶ
900 761 1004 833 αὐτόν
1013 772 1117 835 αἰνίτ-

144 877 281 954 τεσθαι,
300 866 439 953 λέγοντα
451 862 493 934 “ὁ
509 862 589 946 θεός
606 893 672 954 μου
686 864 885 954 κεκράξομαι
898 862 1041 953 ἡμέρας,
1061 869 1117 935 καὶ

145 965 208 1037 οῦκ
226 963 423 1056 εἰσακοῦση;
441 967 497 1035 καὶ
513 963 646 1053 νυκτός,
665 968 722 1036 καὶ
739 964 801 1036 οῦκ
820 973 867 1046 εἰς
880 963 999 1035 ἄνοιαν
1013 964 1115 1054 ε’μοί.”

144 1073 196 1138 46.
214 1067 256 1138 οῦ
280 1066 345 1157 γὰρ
363 1074 411 1148 εἰς
433 1064 570 1157 ῦνοιαν,
588 1070 710 1157 φησὶν,
730 1069 802 1157 ἐμοὶ
820 1069 949 1156 λέγεται
970 1066 1006 1136 τό
1027 1073 1116 1136 εἰσα-

145 1167 265 1260 κοῦση·
292 1168 369 1239 οῖδα
386 1168 450 1259 γὰρ
468 1166 568 1251 αὐτὸς
585 1165 676 1250 ὅπως
695 1168 792 1239 τοῦτό
814 1198 918 1260 φημι,
936 1175 1116 1259 πεπεισμέ-
1129 1201 1156 1241 ιο

144 1299 202 1352 νος
219 1268 270 1341 ὅτι
294 1272 446 1360 πέφυκας
468 1268 530 1360 οῦχ
553 1267 603 1340 ότι
620 1299 659 1359 γε
684 1275 765 1360 ἐμοῦ
789 1269 895 1360 μόνον
912 1267 1117 1361 ἀντιλαμβά-

143 1384 266 1443 νεσθαι
283 1375 340 1442 καὶ
359 1370 566 1460 εἰσακούειν,
594 1367 678 1442 ἄλλα
695 1375 752 1442 καὶ
769 1370 906 1444 πάντων
922 1378 991 1442 τῶν
1008 1368 1120 1460 ἁγίων

144 1496 216 1545 σου.
244 1471 297 1544 ἀεὶ
310 1473 374 1563 γὰρ
392 1475 448 1543 καὶ
460 1473 515 1543 διὰ
529 1473 655 1556 παντὸς
670 1478 707 1544 ἐν
720 1490 790 1555 τοϊς
803 1469 910 1562 ἁγίοις
923 1496 986 1544 σου
1004 1502 1115 1544 κατοι-

144 1590 231 1664 κεῖς,
255 1576 312 1648 καὶ
335 1574 378 1645 σύ
397 1574 429 1645 ελ
448 1572 467 1644 ὁ
485 1573 609 1658 παντός
626 1573 751 1665 ἀνδρὸς
768 1581 969 1665 θεοφιλοῦς,
984 1573 1115 1665 Ἰσραὴλ

143 1677 497 1766 προσαγορευομένου,
522 1685 666 1760 ἔπαινος.
709 1683 760 1747 47.
787 1676 844 1747 διὰ
867 1678 905 1749 σὲ
927 1677 992 1766 γὰρ
1014 1681 1114 1748 παντὶ
1129 1707 1154 1748 15

117 1781 193 1872 οτςῦ
209 1800 249 1848 σε
265 1780 457 1868 περιέποντι
480 1774 543 1868 οῦχ
565 1777 712 1870 ὁτυχῦν
734 1786 949 1867 προσγίνεται
968 1787 1115 1866 ἔπαινος,

142 1882 199 1951 καὶ
218 1881 273 1951 ἐπὶ
290 1881 345 1951 σολ
362 1885 398 1950 οἱ
409 1883 549 1970 πατέρες
561 1875 657 1968 ἡμῶν
673 1877 832 1966 ἤλπισαν,
850 1881 906 1946 καὶ
921 1880 1114 1958 ἐλπίσαντες

141 1989 209 2050 τῶν
218 1979 477 2052 ἐπαναστάντων
486 1979 599 2061 αῦτοϊς
608 1973 1115 2068 κακοῦνέρρόσθησανκαὶ“πρός

77 2112 131 2165 [310]
146 2083 184 2151 σὲ
209 2085 404 2172 ἐκέκραξαν,
428 2085 484 2153 καὶ
510 2079 697 2170 ἐσώθησαν.
740 2081 795 2150 ἐπὶ
818 2087 876 2149 σοί
894 2108 931 2149 τε
955 2076 1113 2168 ἤλπισαν,

142 2183 200 2253 καὶ
222 2179 264 2254 οῦ
281 2177 600 2275 κατησχῦυθησαυ.”
642 2187 695 2252 48.
716 2180 831 2270 ἐπειδὴ
850 2171 912 2251 οῦν
936 2180 1058 2264 πάντες
1081 2190 1117 2252 οἱ
1126 2214 1152 2254 νο

143 2285 231 2374 ἅγιοι
248 2284 376 2355 τούτων
395 2294 515 2374 ἔτυχον
531 2283 621 2374 παρὰ
639 2288 719 2375 σοῦ,
740 2280 957 2372 κεκρόξαντές
970 2312 1006 2353 τε
1025 2290 1114 2372 εἰση-

143 2385 340 2475 κοόσθησαν
364 2387 420 2457 καὶ
444 2382 485 2456 οῦ
503 2384 804 2477 κατησχῦνθησαν,
832 2382 925 2477 πόσῳ
950 2383 995 2472 δὴ
1010 2388 1113 2455 πλέον

144 2495 224 2581 ἐμοῦ
237 2495 298 2560 τοῦ
313 2495 376 2577 σοῦ
388 2484 561 2577 ἀγαπητοῦ
575 2485 694 2567 παιδός
708 2491 854 2574 βοῶντος
867 2489 995 2575 μᾶλλον
1007 2482 1113 2555 ἆπολυ·

141 2621 210 2663 των
234 2595 289 2663 καὶ
313 2588 521 2681 ἑτοιμότερον
546 2588 745 2677 εἰσακοόση;
772 2595 804 2658 εἰ
821 2589 858 2656 δὲ
883 2590 940 2656 καλ
957 2585 1114 2658 ἀποθαυ-

141 2700 307 2785 μαστικῦς
325 2721 429 2781 φημι,
448 2689 647 2779 κεκράξομαι
664 2692 720 2759 καὶ
738 2685 799 2760 οῦκ
819 2688 1015 2780 εἰσακοῦσης
1034 2686 1109 2759 ἄλλ’
1124 2719 1150 2760 ιο

142 2791 204 2865 οῦκ
228 2801 276 2875 εἰς
300 2790 419 2864 ῦνοιαν
441 2786 459 2862 ὁ
483 2790 579 2880 λόγος
601 2820 657 2880 μοι
680 2794 891 2882 προφέρεται.
928 2790 1005 2861 οἶδα
1028 2795 1113 2880 γοῦν

142 2893 231 2978 ὅπως
253 2892 317 2984 τήν
341 2891 442 2985 εῦχήν
465 2898 642 2983 προφέρω,
666 2891 711 2982 μὴ
738 2890 1003 2981 ἐναβρυνόμευος
1026 2895 1112 2982 μηδὲ

143 2996 411 3088 ἐγκαυχοόμενος,
429 2993 503 3066 ἀλλ’
520 2990 564 3077 ῦς
577 2997 863 3084 ταπεινοφρονοῦν.
894 2999 946 3064 49.
964 2997 1033 3064 ἐπεὶ
1048 2992 1111 3082 γὰρ

143 3097 247 3189 πρᾶός
266 3107 334 3189 εἰμι
353 3103 408 3169 καὶ
425 3096 581 3179 ταπεινὸς
598 3100 640 3188 τῇ
657 3103 797 3188 καρδία,
816 3102 979 3177 ταπεινῶς
996 3098 1052 3165 καὶ
1069 3100 1111 3184 τῇ

143 3205 287 3290 ἐμαυτοῦ
297 3199 456 3291 πραότητι
474 3204 605 3280 οἰκείως
613 3201 690 3290 περὶ
699 3201 843 3288 ἐμαυτοῦ
852 3195 991 3268 ταπεινοὶ
1004 3200 1109 3285 φθέγ·
1123 3226 1150 3268 το

78 3330 262 3390 μοειγομαι,
286 3299 376 3372 οῦτω
395 3299 438 3389 δὴ
461 3302 516 3370 καὶ
542 3297 698 3388 σκώληκα
723 3296 867 3388 ἐμαυτόν
884 3296 1041 3386 ὀνομάζω.
1078 3307 1114 3367 τί

143 3401 206 3492 γὰρ
229 3399 271 3472 ῦυ
294 3405 422 3491 γεύοιτο
446 3400 616 3490 σκώληκος
645 3399 896 3488 ταπεινότερον,
927 3396 1010 3468 ὅθεν
1033 3395 1107 3468 οὐδ’
