2326 3818
321 137 508 190 οεωοαεν.
526 136 659 189 Ενεαο.
680 139 712 188 x.
732 139 759 189 ε.
958 135 1021 199 633

55 283 111 351 καὶ
136 276 250 367 κύριος
274 274 369 368 ἡμων
393 285 439 361 είς
463 275 584 347 ἑαυτὸν
613 272 799 358 ἀνεδέξατο.
849 281 899 346 40.
924 275 961 346 τὸ
985 276 1023 345 δὲ

51 379 156 472 “suoi
175 382 212 451 δέ
231 377 286 450 διό
304 372 366 468 τὴν
390 377 534 450 ἀκακίαν
556 373 764 466 ἀντελάβον”
790 373 851 466 την
877 375 921 446 δι’
942 373 1023 447 ὅλον

56 479 270 573 καθαρότητα
287 487 346 569 τῆς
364 477 468 552 αὐτοῦ
480 478 613 569 φύσεως
624 488 819 568 παρίστησι,
840 476 884 547 δι’
905 476 950 567 ἣν
967 482 1024 548 καὶ

54 583 91 656 τό
111 587 248 675 ἑδραῖον
271 585 327 652 καὶ
350 580 504 654 ἄσειστον
527 585 584 669 τῆς
609 587 691 670 ζωῆς
715 584 770 650 καὶ
787 583 845 668 τῆς
862 578 944 669 μετὰ
961 580 1025 669 τὴν

29 684 241 759 ιάνάστασιν
270 681 376 757 αὐτοῦ
399 691 565 774 σωτηρίας
589 681 759 753 διδάσκων
783 683 925 770 ἐπιλέγει
943 677 1024 750 “nal

56 785 260 877 ἐβεβαίωσάς
277 815 319 875 με
338 785 482 857 ἐνώπιόν
499 809 563 856 σον
581 793 628 868 είς
645 781 703 855 τόν
727 779 873 855 αίωνα’”
909 778 1023 869 wal

55 888 278 979 παραστήσας
296 918 336 979 με
350 891 542 980 ἔμπροσθέν
560 910 624 958 σου
639 885 683 957 δι’
707 882 850 969 αίωνος”
870 883 952 955 κατὰ
965 882 1024 954 τὸν

56 991 249 1081 Σύμμαχον.

336 1255 416 1328 Ἀπό
434 1262 493 1329 τοῦ
516 1262 658 1348 Ψαλμοῦ
677 1264 719 1327 νδ
725 1255 742 1326 ’.
1038 1284 1091 1352 (μη

18 1428 43 1468 ιο
133 1409 167 1468 11.
188 1390 385 1466 “Ἐνοότισαι
408 1388 425 1462 ὁ
448 1391 528 1472 θεὸς
551 1390 614 1478 τὴν
640 1389 831 1480 προσευχήν
854 1420 936 1480 μον,
968 1394 1023 1459 καὶ

54 1494 100 1588 μὴ
118 1491 282 1585 ὑπερίδης
299 1491 361 1582 τὴν
372 1496 490 1580 δέησίν
501 1521 577 1582 μου,
597 1491 760 1581 πρόσσχες
772 1521 839 1582 μοι,
859 1493 913 1561 καὶ
934 1489 1092 1566 seed-[2231

55 1595 181 1666 κουσόν
202 1625 276 1685 μου.
325 1593 501 1683 ἐλυπήθην
526 1597 563 1663 ἐν
585 1597 629 1683 τῇ
652 1589 831 1684 ἀδολεσχίᾳ
855 1621 936 1681 μου,
968 1596 1051 1662 καὶο

55 1693 244 1784 ἐταράχθην
252 1693 318 1766 ἀπό
329 1699 444 1785 φωνῆς
459 1698 594 1784 ἐχθροῦ,
612 1697 669 1764 καί
680 1691 744 1764 ἀπὸ
757 1702 906 1774 θλίψεως
917 1688 1025 1782 ἀμαρ-

54 1800 171 1869 τωλοῦ.
207 1795 258 1870 ὅτι
284 1801 453 1882 ἐξέκλιναν
476 1793 528 1867 ἐπ’
549 1798 605 1887 ἐμὲ
615 1794 782 1886 ἀνομίαν,
806 1798 861 1865 καὶ
888 1800 924 1865 ἐν
942 1791 1025 1885 ὀργῇ

18 1930 42 1971 ιι
56 1898 234 1972 ἐνεκότονν
251 1931 315 1993 μοι.
351 1898 372 1990 ἡ
390 1906 514 1993 καρδία
531 1929 596 1990 μου
615 1897 782 1991 ἐταράχθη
801 1901 837 1968 ἐν
856 1901 944 1987 ἐμοὶ,
968 1899 1024 1965 καὶ

57 2009 165 2073 δειλία
182 2002 335 2075 θανάτον
354 2006 515 2074 ἐπέπεσεν
534 2000 586 2073 ἐπ’
608 2004 672 2093 ἐμέ.
712 1999 816 2091 φόβος
834 2003 889 2071 καὶ
907 1997 1025 2090 τρόμος

55 2094 163 2194 ἦλθεν
181 2104 233 2175 ἐπ’
257 2106 328 2194 ἐμὲ,
347 2106 403 2173 καί
422 2103 570 2185 ἐκάλνιγέ
590 2134 631 2191 με
650 2101 787 2185 σκότος”
808 2107 863 2174 καὶ
887 2102 927 2173 τὰ
941 2106 1024 2190 ἑξης.

56 2211 85 2275 2.
106 2201 155 2286 οἷς
174 2208 317 2293 ἐπιλέγει
330 2202 614 2291 “καταπόντισον,
638 2203 751 2292 κύριε,
776 2209 832 2273 καί
851 2211 1026 2273 καταδίελε

56 2306 113 2388 τὰς
131 2305 283 2395 γλώσσας
297 2301 420 2390 αὐτων,
439 2303 489 2375 ὅτι
503 2303 596 2375 εἶδον
605 2299 749 2393 ἀνομίαν
762 2307 817 2373 καὶ
831 2300 1026 2390 ἀντιλογίαν

18 2437 44 2478 το
58 2411 95 2478 ἐν
111 2412 153 2499 τῇ
169 2406 273 2478 πόλει.
310 2403 433 2494 ἡμέρας
451 2408 507 2473 καί
525 2402 646 2485 νυκτός
658 2402 822 2474 κυκλώσει
845 2400 951 2490 αὐτὴν
971 2404 1025 2472 ἐπὶ

57 2509 97 2578 τόι
114 2517 205 2598 τείχη
224 2505 337 2597 αὐτῆς,
356 2509 412 2577 καί
430 2504 552 2596 ἀνομία
570 2508 625 2576 καὶ
644 2503 745 2586 κόπος
766 2509 801 2574 έν
818 2507 907 2596 μέσω
923 2501 1026 2589 αὐτῆς

57 2612 113 2679 καί
132 2607 263 2699 ἀδικία,
282 2612 339 2680 καὶ
356 2604 418 2679 οὐκ
438 2611 586 2692 ἐξέλιπεν
605 2611 725 2679 ἐκτῶν
740 2611 906 2677 πλατειῶν
924 2604 1050 2694 αὐτῆςο

56 2710 152 2791 τόκος
166 2715 220 2782 καὶ
238 2711 345 2795 δόλος.
371 2707 422 2782 ότι
436 2718 468 2782 εί
485 2711 605 2802 ἐχθρὸς
618 2707 773 2782 ὠνείδισέ
784 2737 837 2800 με,
851 2703 1026 2797 ὑπήνεγκα

56 2806 113 2878 ἀν·
142 2815 198 2879 καί
223 2819 254 2881 εί
275 2810 293 2880 ὁ
311 2817 420 2900 μισων
441 2841 483 2900 με
508 2811 559 2883 ἐπ’
583 2813 639 2900 ἐμὲ
664 2809 1025 2901 ἐμεγαλορρημόνησεν,

19 2938 44 2979 τε
59 2906 207 2998 ἐκρόβην
228 2904 272 2980 ἀν
296 2907 355 2980 ἀπ’
380 2909 499 2982 αὐτοῦ·
536 2910 579 2982 σύ
603 2914 657 2998 δέ,
688 2910 850 2999 ἀνθρωπε
877 2912 1026 3000 ίσόψυχε,

57 3009 191 3102 ἡγεμών
208 3039 273 3100 μου
291 3015 347 3082 καὶ
364 3016 494 3099 γνωστέ
515 3042 598 3102 μου,
625 3009 662 3095 ὃς
685 3016 739 3083 ἐπὶ
762 3011 798 3084 τό
823 3012 905 3083 αὐτὸ
929 3010 1027 3099 ε’γλό-

58 3111 162 3196 κανάς
183 3141 240 3203 μοι
263 3116 444 3203 ἐδέσματα,
471 3117 507 3183 έν
529 3118 577 3207 τῷ
601 3125 683 3210 οίκῳ
701 3119 763 3185 τοῦ
784 3120 869 3186 θεοῦ
888 3109 1025 3200 ἐπορεύ-

54 3221 168 3306 ’θημεν
187 3219 223 3286 ἐν
239 3209 410 3308 όμονοίηι.”

128 3451 161 3500 10
178 3450 224 3503 1³2.
238 3452 280 3514 54,
294 3451 317 3501 1.
