2326 3818
363 109 548 162 DEMONST·
567 109 700 163 EVANG.
719 113 755 163 11.
773 115 798 164 3.
1024 112 1065 176 93

428 348 487 440 κγ’
530 356 597 423 Τοῦ
616 350 729 447 αὐτοῦ.
1077 392 1090 429 ι

93 493 223 580 Ἀγαθύν
236 492 309 566 ἐπαγ
330 499 393 551 είία
411 516 478 583 τγ
434 490 553 550 πάίαι
570 491 664 568 ἐρήμῳ
683 493 713 564 ἐξ
730 492 826 553 ἐθνῶν
844 493 995 580 ἐκκλησίῳ,
1013 501 1064 553 τοῦ

95 583 127 620 τε
135 558 288 620 Ἰουδαίων
315 568 407 627 θνους
420 560 614 650 ατιόγνωσις
595 551 653 619 καὶ
660 563 819 647 ἐλεγχος
782 585 839 620 των
852 561 1000 634 ἁμαρτιῶν
1013 562 1064 622 αύ-

309 634 366 687 τῶν
374 635 434 691 καὶ
447 651 564 686 παντων
577 634 634 687 τῶν
647 628 744 687 ἐθνῶν
755 635 865 702 κλῆσις.

69 764 83 805 5
178 738 261 812 19.“
275 739 336 829 Μὴ
355 737 582 831 μνημονεύετε
598 739 640 811 τά
662 745 794 832 κρωτα,
813 738 922 811 καὶ
886 771 926 821 τα
943 739 1065 831 ἀρχαία

93 842 141 934 μὴ
164 848 419 932 συίλογίζεσθε’
449 839 500 913 ὅτι
525 839 601 913 ἰδού
626 841 690 932 ἐγώ
717 849 802 914 ποιῶ
828 842 927 913 καινά
951 840 972 912 ἀ
999 849 1064 915 υῦυ
1079 875 1118 927 [381

93 944 268 1032 ἀνατελεῑ,
299 946 355 1015 καὶ
378 943 552 1033 γνώσεσθε
587 941 697 1032 αύτά,
727 947 783 1015 καὶ
805 943 933 1034 ποιήσω
958 948 994 1015 ἐν
1017 950 1056 1036 τῇ

95 1045 208 1141 ἐρήμῳ
225 1042 318 1133 ὁδὸν,
333 1048 388 1115 καὶ
404 1050 439 1115 ἐν
457 1049 497 1136 τῇ
515 1043 653 1140 ἀνύδρῳ
679 1045 864 1136 ποταμούς·
884 1050 941 1118 καὶ
965 1044 1057 1118 εὐλο-

95 1147 192 1238 γήσει
214 1175 256 1237 με
278 1147 318 1218 τὰ
338 1156 443 1236 θηρία
465 1150 527 1218 τοῦ
548 1144 671 1238 ἀγροῦ,
695 1152 846 1238 σειρῆυες
870 1151 926 1219 καί
950 1161 1058 1239 θυγα-

59 1272 84 1313 1⁰
96 1254 189 1340 τέρος
207 1253 401 1342 στρουθῶν·
420 1247 471 1320 ὅτι
490 1255 600 1320 ἔδωκα
619 1253 656 1321 ἐν
671 1253 714 1340 τῇ
732 1248 843 1344 ἐρήμῳ
857 1246 952 1341 ὕδωρ
970 1260 1065 1322 ποτί-

97 1375 154 1424 σαι
176 1349 214 1422 τὸ
237 1355 334 1440 γένος
356 1379 422 1441 μου
441 1350 477 1422 τὸ
502 1349 673 1440 ἐκλεκτὸν,
692 1350 775 1422 λαόν
792 1381 858 1442 μου
882 1349 923 1422 δυ
953 1379 1065 1441 περιε-

96 1451 302 1544 κοιηοάμηυ·
315 1450 374 1536 τάς
389 1449 508 1542 ἀρετάς
521 1481 586 1542 μου
601 1458 784 1542 διηγεῖοθε.
804 1449 905 1524 20.ού
912 1460 978 1524 νῦν
986 1453 1063 1523 ἐκά-
1077 1485 1119 1532 μοι

97 1554 178 1627 λεσύ
196 1576 235 1625 σε
255 1551 389 1644 Ἰακώβ,
414 1550 496 1626 οὐδὲ
520 1551 676 1626 κοτιάσαι
701 1579 738 1624 σε
764 1559 902 1645 ἐποίησα
922 1553 1063 1644 Ἰσραήλ.

96 1655 160 1730 οὐκ
189 1653 332 1746 ἤνεγκάς
357 1687 413 1747 μοι
443 1653 596 1749 πρόβατα
621 1661 680 1748 τῆς
702 1655 965 1751 ὁλοκαρντοίσεύς
990 1681 1064 1745 σου,

58 1781 85 1822 1⁵
99 1754 180 1831 ούδδ
198 1763 236 1830 ἐν
252 1775 325 1842 ταῖς
343 1766 481 1842 θυσίαις
498 1781 560 1830 σου
575 1758 736 1845 ἐδόξασάς
753 1780 811 1850 με·
830 1757 893 1830 οὐκ
908 1757 1066 1830 ἐδούλευ-

97 1859 158 1945 σάς
175 1888 232 1953 μοι
250 1865 288 1932 ἐν
307 1858 439 1953 δύροις,
456 1855 538 1931 ούδδ
557 1862 700 1950 ἐγκοπόυ
724 1885 763 1934 σε
787 1864 927 1949 ἐποίησα
952 1865 988 1931 ἐν
1013 1871 1063 1930 λι-

96 1960 208 2059 βάνῳ,
233 1958 314 2035 οὐδὲ
341 1961 468 2051 ἐκτήσω
491 1992 547 2051 μοι
579 1962 746 2057 ἀργυρίου
777 1969 950 2053 θυμίαμα,
985 1958 1065 2032 οὐδὲ

98 2067 197 2158 στίαρ
223 2068 292 2136 τῶν
316 2068 449 2135 θυσιῶν
480 2087 542 2135 σου
575 2064 784 2156 ἐπεθύμησα,
819 2061 896 2136 ἀλλ’
926 2070 962 2135 ἐν
994 2081 1065 2146 ταῖς

97 2164 272 2256 ἁμαρτίαις
296 2189 358 2239 σου
383 2169 439 2236 καὶ
471 2170 507 2236 ἐν
535 2184 608 2249 ταῖς
633 2169 780 2250 ἀδικίαις
806 2190 869 2238 σου
901 2171 1066 2256 κροίοτην

57 2266 189 2341 2060v.''
240 2274 291 2339 21.
318 2271 374 2338 καὶ
398 2271 436 2339 ίυ
460 2287 528 2352 τοῖς
560 2271 634 2358 ἑξῆς
662 2290 768 2358 φησιν
811 2263 831 2293 “
845 2267 1065 2357 ἐπιστράφητε

98 2369 181 2460 πρός
209 2401 268 2461 με,
297 2372 353 2440 καὶ
377 2367 581 2458 οωθησεσθε
605 2375 640 2440 οί
659 2366 717 2440 ἀπ’
749 2367 889 2459 ἐσχάτου
913 2377 970 2457 τῆς
994 2375 1063 2457 γῆς.

100 2472 163 2561 ἐγώ
183 2477 261 2563 εἰμὶ,
280 2475 336 2542 καὶ
354 2468 416 2541 οὐκ
430 2476 521 2541 ἔστιν
539 2469 654 2551 ἀλλος·
674 2467 749 2540 κατ’
770 2475 914 2559 ἐμαυτοῦ
939 2466 1064 2558 ὀμνύω,

98 2564 204 2664 ἤμην
222 2571 427 2659 ἐξελεύσεται
447 2576 482 2643 ἐκ
506 2579 567 2643 τοῦ
585 2570 745 2663 στόματός
769 2601 834 2662 μου
859 2569 1064 2660 δικαιοσύνη.

98 2682 133 2747 οί
160 2674 251 2765 λύγοι
274 2705 339 2765 μου
372 2670 435 2744 οὐκ
458 2670 791 2766 ἀποστραφήσουται,
826 2671 877 2744 ὅτι
902 2677 972 2763 ἐμοὶ
997 2678 1091 2747 κάυο

58 2776 183 2865 ἓὸγόυυ
206 2777 346 2867 κάμψει,
372 2778 428 2846 καὶ
451 2771 580 2866 ὀμεῖται
613 2783 705 2848 κάσα
727 2783 861 2866 γλῶσσα
893 2773 952 2846 τὸν
982 2776 1067 2847 θεὸν

99 2877 158 2949 τὸν
187 2872 368 2966 ἀληθινὸν,
396 2880 521 2967 λέγων,
554 2877 751 2967 δικαιοσύνη
786 2880 841 2948 καὶ
873 2876 953 2962 δόξα
985 2876 1066 2967 πρὸς

99 2976 202 3050 αύτὸυ
219 2975 301 3068 ἥξει,
320 2981 376 3048 καὶ
393 2978 677 3070 αίσχυνθήσονται
700 2979 821 3061 πάντες
839 2984 874 3049 οί
896 2984 1066 3071 διοιρίζον-

97 3112 152 3164 τες
170 3078 309 3164 ἑαυτούς
327 3076 391 3152 ἀπὸ
410 3084 471 3152 τοῦ
488 3078 636 3174 κυρίου.”

168 3319 183 3369 5
201 3319 248 3368 Es.
267 3321 309 3375 43,
330 3318 370 3367 18.
477 3316 508 3364 21
527 3317 575 3365 Es.
595 3317 638 3380 45,
652 3317 694 3365 22.
