2326 3818
139 112 203 177 292
543 114 690 165 ευεεειι

141 256 179 324 δὲ
203 257 274 342 φύς
292 250 372 325 αύτό
390 251 573 343 τυγχάνον,
601 243 620 344 ἦ
639 251 670 322 δ’
691 249 733 322 ἀν
758 256 883 342 ἕπε’λδμ
902 260 1020 347 ψυχῇ,
1046 288 1122 339 και,

142 355 207 443 υὴν
224 362 424 445 παραχρῆμα
448 357 502 425 καὶ
528 353 761 443 λαμπροτάτην
785 354 894 442 φωτός
919 354 1059 449 ἡμέραν
1084 368 1122 435 λυ

141 456 226 546 αὐτῇ
245 454 485 545 κατειργάζετο,
505 458 745 544 διαυγεστέραν
763 484 799 525 τε
816 458 873 525 καί
890 468 1120 549 θεωρητικα-

116 561 240 648 ετίραν
258 558 344 629 πολὺ
363 562 464 627 πλέον
482 562 546 629 νῦν
563 554 584 645 ἢ
602 557 764 646 πρότερον
781 552 887 645 αύτὴν
904 554 1015 647 αύτῆς
1035 560 1118 637 ἀπο·

143 677 285 748 φαῖνον,
310 658 394 729 ὥστε
418 659 541 746 νήφειν
564 661 619 728 καὶ
645 662 878 746 ἐγρηγορέναι,
903 671 1064 753 συνορᾶν
1079 694 1135 739 ττι

140 761 276 832 πάντων
305 758 446 849 μάλιστα
474 762 529 829 καὶ
565 767 760 848 συγκρίνειν
794 758 835 828 τά
871 762 1115 854 δεσπιζόμευα,

140 868 192 933 28.
220 859 298 947 παρ’
327 859 345 929 ὅ
370 888 425 948 μοι
444 863 608 949 δοκοῦμεν
634 852 672 931 εύ
697 862 753 929 καί
780 858 917 949 ἀληθῶς
934 867 1117 959 προφήτας

141 962 324 1032 ἀποκαλεῖν
353 958 430 1041 τούς
458 960 612 1032 τοιούσδε
642 959 732 1050 παρὰ
760 961 796 1031 τὸ
821 970 1029 1051 προφαίνειν
1059 972 1117 1041 καλ

141 1071 363 1151 προφωτίζειν
383 1066 418 1133 ἐν
437 1061 551 1145 αὐτοῖς
568 1063 605 1134 τό
621 1076 720 1135 θεῖον
738 1069 869 1152 πνεύμα
886 1061 1060 1152 μὴμόνον
1076 1070 1116 1143 τά

142 1163 301 1253 παρόντα,
320 1162 404 1234 ἀλλά
422 1169 478 1234 καὶ
495 1172 563 1236 των
575 1163 766 1254 μελλόντων
781 1160 894 1252 ἀληθῆ
911 1168 968 1234 καί
979 1164 1115 1263 ἀκριβῆ
1126 1200 1147 1241 ιο

142 1269 275 1352 γνῶσιν.
304 1272 355 1335 29.
375 1269 547 1350 σκέψασθε
566 1267 603 1336 δὲ
621 1273 653 1337 εί
668 1262 713 1355 μὴ
731 1264 817 1334 πολύ
835 1272 998 1353 κρείττων
1012 1262 1112 1357 οὗτος

142 1369 197 1437 καὶ
222 1366 351 1457 ἀληθὴς
373 1366 390 1437 ὁ
410 1367 522 1456 λόγος,
550 1367 689 1456 φάσκων
713 1373 845 1455 πνεῦμα
868 1379 967 1438 θεῖον
986 1388 1114 1465 ψυχαῖς

143 1473 317 1559 ἐπιφοιτᾶν
335 1472 602 1558 κεκαθαρμέναις
620 1472 676 1539 καί
694 1497 742 1560 νω
760 1473 882 1561 λογικῷ
900 1472 956 1538 καλ
976 1478 1116 1566 διαυγεῖ

113 1585 126 1624 <¹
142 1571 223 1660 πρὸς
241 1567 411 1660 ὑποδοχὴν
429 1577 488 1640 τού
505 1578 606 1641 θείου
619 1572 958 1659 παρεσκευασμέναις,
977 1567 1114 1661 ἢότῶν

144 1677 179 1741 ἐν
203 1670 321 1765 ἀψύχφ
344 1670 409 1760 ύλῃ
435 1676 490 1741 καὶ
513 1679 656 1752 σκοτίους
679 1689 796 1761 μυχοῖς
822 1675 1143 1751 ἐναποκλειύυτωυσ

142 1771 178 1859 τό,
201 1785 298 1843 θεῖον
323 1782 360 1844 ἔν
383 1802 419 1843 τε
437 1777 609 1861 γυναικών
633 1776 687 1843 καὶ
705 1771 841 1861 ἀνδρῶν
871 1771 911 1844 ού
940 1788 1113 1869 καθαραῖς

143 1890 281 1963 ψυχαῖς,
301 1872 366 1963 ἤδη
385 1876 421 1944 δὲ
440 1877 495 1943 καὶ
515 1877 569 1943 ἐπὶ
587 1873 729 1960 κόρακας
747 1876 803 1943 καὶ
821 1876 955 1960 λε’ρακας
972 1882 1032 1948 καὶ
1050 1878 1112 1951 άλ-

143 1984 221 2054 λους
240 1975 397 2060 οἰωνούς,
423 1978 480 2043 ἐπί
494 2001 530 2043 τε
554 1976 650 2062 αἶγας
675 1978 730 2045 καὶ
748 1972 831 2044 ἀλλα
855 1980 936 2068 ζῷα,
964 1983 1024 2049 ναί
1042 1981 1111 2071 μὴν

144 2077 198 2142 καὶ
225 2079 277 2144 ἐπὶ
305 2074 439 2147 ὑδάτων
463 2075 657 2163 συστάσεις,
693 2087 730 2147 ἔν
764 2105 800 2146 τε
832 2072 1111 2173 ἡπατοσκοπίαις,

99 2248 102 2259 ,
142 2179 197 2245 καὶ
215 2193 330 2266 αῖμασι
349 2180 506 2265 μυσερύν
524 2182 579 2248 καὶ
599 2183 762 2267 είδεχθών
785 2178 986 2267 κνωδάλων,
1011 2186 1147 2272 ἕρπε-ιο

140 2283 209 2347 των
225 2308 260 2349 τε
280 2277 422 2368 ἰοβόλων
440 2278 602 2370 στόμασιν,
621 2277 693 2351 οἷον
705 2278 898 2369 δρακόντων
919 2284 974 2351 καὶ
993 2292 1112 2369 γαλῶν

141 2388 200 2450 καί
226 2410 329 2452 τινων
358 2378 470 2452 ἀλλων
493 2382 775 2470 τοιουτοτρόπων,
808 2378 847 2451 δι’
883 2372 930 2452 οἷν
953 2381 1016 2469 τὴν
1039 2390 1112 2459 των

141 2483 331 2571 μελλόντων
349 2483 540 2571 πρόγνωσιν
563 2489 598 2554 οί
612 2484 797 2574 θαυμάσιοι
815 2481 874 2552 τὸν
898 2487 952 2555 ἐπὶ
970 2484 1112 2561 πάντων

74 2594 126 2644 (²1⁰)
141 2583 225 2655 θεὸν
250 2591 422 2673 ἐκφαίνειν
445 2583 659 2672 ὑπειλήφασι.
708 2591 757 2653 30.
792 2592 890 2655 τοῦτο
915 2585 948 2654 ’δ’
969 2585 1111 2678 ἀνδρῶν

141 2676 251 2774 ἦνμὴ
276 2684 540 2772 συνεωρακότων
568 2690 654 2756 θεοῦ
677 2684 800 2773 φύσιν,
835 2690 923 2775 μηδέ
942 2715 981 2774 γε
1007 2697 1146 2761 &sceva

141 2786 329 2874 πνεύματος
360 2785 505 2874 δύναμιν
543 2785 823 2876 ἐπινενοηκότων,
860 2785 1015 2876 οὐδαμῶς
1045 2792 1110 2879 μίαν

143 2890 437 2978 ἐμφιλοχωρούσαν
455 2885 595 2977 ἀψύχοις
612 2885 633 2978 ἢ
652 2887 783 2977 ἀλόγοις
802 2888 912 2982 ζῴοις,
936 2886 1005 2959 ἀλλ’
1027 2888 1107 2963 οὐδ’

142 2992 179 3057 ἐν
197 2999 342 3076 λογικοῖς
360 2986 496 3078 ἀπασιν,
517 2998 547 3060 εί
563 2991 607 3082 μή
626 3019 706 3062 ποτε
724 2990 764 3027 *⁴²
784 2986 887 3082 άραῆ
909 2989 1023 3081 μόνων
1040 3008 1106 3076 ψν-

141 3093 210 3178 χιόν
227 3094 282 3160 καὶ
307 3095 473 3179 ίναρὲτοις
492 3107 631 3182 ψυχαῖς,
656 3100 748 3174 οἴους
771 3089 852 3182 ἡμῖν
875 3092 997 3181 ἀρτίως
1014 3092 1034 3164 ὁ
1054 3093 1109 3165 λό-

141 3219 198 3280 γος
228 3192 305 3274 τούς
329 3192 494 3282 Ἑβραίων
522 3190 694 3283 ἀπέγραψε
724 3193 911 3283 προφήτας·
959 3189 1017 3276 ούς
1046 3199 1146 3267 τούτο

141 3302 239 3363 θείου
260 3294 446 3384 πνεύματος
464 3297 576 3385 φαμὲν
593 3295 796 3385 ἀξιωθῆναι,
815 3295 969 3385 μεγάλων
987 3299 1106 3367 ἕνεκεν

141 3395 343 3483 πραγμάτων
361 3401 557 3485 οίκουμίνης
574 3394 704 3486 ἀπάσης
722 3396 917 3488 ἀνθρώπων
934 3397 1109 3487 βελτιιύσει
