2326 3818
148 123 210 187 596
552 124 701 176 Ευεενιι

149 264 207 336 τόν
225 275 344 355 κυρίου
363 262 489 334 δεκτόν.
517 268 546 332 3.
566 267 623 332 καὶ
636 262 760 346 πτύξας
772 262 808 334 τὸ
826 271 960 352 βιβλίον
970 262 1118 346 ἀποδούς

149 374 196 460 τῷ
213 365 360 456 ὑπηρέτῃ
386 362 553 436 ἐκάθισεν.
596 367 652 434 καί
675 364 811 435 πόντων
834 371 868 436 οί
891 363 1062 455 ὀφθαλμοὶ
1082 370 1119 436 ἐν

150 471 192 559 τῇ
209 471 388 557 συναγωγῇ
407 456 493 554 ἦσαν
511 464 715 551 ἀτενίζοντες
734 462 832 561 αῦτςό.
870 466 989 557 ἤρξατο
1010 469 1048 538 δὲ
1066 470 1118 536 λέ·

150 596 223 658 γειν
241 568 322 658 πρὸς
346 565 470 648 αύτούς
495 564 546 637 ότι
570 566 717 658 σήμερον
734 567 946 658 πεπλήρωται
965 567 985 656 ἡ
1005 567 1119 659 γραφὴ

150 671 234 759 αὕτη
259 674 296 740 ἐν
322 687 390 751 τοῖς
415 665 499 740 ωσὶν
516 664 646 759 ῦμῶν.”
689 675 719 739 4.
739 665 757 739 ὁ
774 671 837 759 μὲν
854 661 915 740 οῦν
933 668 1044 758 σωτὴρ
1063 674 1145 740 καὶὸ

149 771 263 862 κύριος
280 770 376 861 ἡμων
395 768 450 839 διόι
467 769 588 859 ταύτης
606 777 761 859 φαίνεται
779 775 896 861 σαφῶς
913 775 971 860 της
988 779 1119 860 γραφῆς

122 901 136 941 d
151 871 377 963 διαφερόντως
394 874 452 942 καὶ
469 869 664 960 κρειττόνως
682 871 771 962 παρὰ
791 871 867 954 τοῦς
885 871 987 942 πόλαι
1006 896 1120 960 σωμα-

148 973 328 1063 τικοότερον
352 975 545 1063 χρωμένους
569 976 694 1061 ίερέας,
718 969 780 1043 οῦκ
805 971 905 1066 ἐλαίῳ
932 979 1118 1066 σκευαστῷ,

149 1074 231 1146 οῦδὲ
247 1071 307 1145 ὑπ’
327 1073 536 1163 ἀνθρώπων,
555 1070 677 1164 ὁμοίως
693 1092 761 1157 τοῖς
779 1072 902 1162 ἄλλοις,
919 1071 994 1143 ἀλλ’
1011 1078 1119 1168 ἐνθέρι

150 1176 316 1266 πνεύματι
333 1173 438 1247 αὐτοῦ
462 1176 503 1264 δὴ
528 1179 591 1246 τοῦ
606 1180 694 1246 θεοῦ
717 1178 773 1246 καὶ
792 1175 915 1266 πατρὸς
940 1174 1045 1246 αὑτοῦ
1063 1205 1119 1246 κε-
1134 1200 1158 1238 10

151 1282 337 1368 χρισμένος,
356 1274 436 1366 παρ’
456 1268 497 1347 οῦ
511 1279 637 1364 καὶτῆς
651 1275 838 1365 ἀγεννητου
851 1276 1009 1367 θεότητος
1023 1308 1119 1368 μετα-

151 1378 240 1468 σχῦν
264 1378 343 1462 θεός
367 1382 423 1449 καὶ
446 1375 562 1465 κύριος
589 1376 671 1465 πρός
689 1382 756 1448 τῶν
780 1383 880 1468 ίεριῦν
898 1375 1120 1468 ἀνηγόρευται

150 1488 300 1571 γραφῶν.
337 1486 367 1549 5.
386 1477 581 1560 ἀκολούθως
600 1479 636 1548 δὲ
653 1482 693 1568 τη
711 1477 792 1568 μετὰ
809 1496 920 1569 χεῖρας
935 1490 1121 1572 προφητεία

151 1598 292 1672 πτωχοίς
302 1579 592 1671 εὐαγγελιζόμενος
605 1578 772 1669 είσάγεται
785 1580 874 1670 παρὰ
883 1586 929 1674 τῷ
939 1591 1120 1675 Ματθαίφ,

150 1681 205 1754 ὅτε
219 1678 326 1753 “560322
348 1681 425 1763 τοῦς
442 1679 561 1771 όχλοῦς
578 1678 683 1770 ἀνέβη
708 1690 756 1763 είς
772 1682 810 1753 τό
827 1680 920 1772 ὅρος,
946 1686 1002 1752 καὶ
1020 1692 1120 1753 καθί-
1135 1711 1159 1750 ιε

37 1790 42 1795 ’
151 1805 271 1866 σαντος
300 1782 405 1854 αῦτοῦ
434 1785 631 1871 προσῆλθον
659 1781 749 1876 αὐτῷ
777 1789 812 1853 οί
831 1786 979 1873 μαθηταὶ
1005 1783 1120 1871 αὐτοῦ,

151 1889 207 1956 καὶ
219 1882 353 1968 ἀνοίξας
366 1884 403 1955 τὸ
417 1883 521 1971 στόμα
536 1880 639 1954 αὑτοῦ
655 1887 834 1956 ἐδίδασκεν
847 1881 980 1972 αῦτοῦς,
1000 1888 1120 1973 λέγων,

151 1986 307 2076 μακάριοι
324 1992 360 2056 οί
379 1987 502 2073 πτωχοὶ
525 1992 572 2078 τῷ
590 1983 773 2075 πνεύματι,
792 1984 841 2055 ὅτι
859 1982 970 2055 αῦτῶν
990 1989 1080 2055 ἐστιν
1099 1982 1120 2074 ἡ

151 2094 304 2173 βασιλεία
318 2090 385 2155 των
399 2082 589 2175 οῦρανῶν.”
614 2093 643 2157 6.
663 2091 719 2158 καὶ
733 2097 872 2176 τυφλοίς
888 2089 925 2158 δὲ
933 2083 1121 2175 ἀνάβλεψιν

85 2218 139 2268 (44η
155 2191 403 2278 παρεσχημένος
427 2186 489 2258 οὐκ
511 2186 635 2278 ὀλίγοις
664 2185 925 2278 ἀναγέγραπται
954 2186 993 2260 ού
1016 2188 1121 2278 μόνον
1135 2217 1159 2257 ιο

151 2291 215 2381 γάρ
233 2306 302 2373 τοίς
319 2288 377 2371 τάς
394 2288 488 2373 ὄψεις
505 2289 727 2380 τοῦσώματος
740 2290 978 2380 ἡφανισμένοις
991 2289 1027 2360 τό
1043 2296 1121 2378 βλέ-

152 2420 228 2463 πειν
254 2397 427 2481 ἐδωρεῖτο,
453 2388 538 2462 ἀλλά
560 2421 599 2480 γε
623 2394 679 2462 καὶ
696 2409 766 2475 τοίς
784 2390 948 2483 πρότερον
970 2397 1010 2481 τῇ
1029 2399 1121 2484 ψυχῇ

151 2493 405 2584 τυφλώττουσαν
422 2505 525 2575 αίτιος
542 2500 600 2580 της
618 2493 701 2563 κατόι
724 2501 808 2564 νοῦν
825 2501 972 2585 θεωρίας
990 2497 1045 2563 καὶ
1063 2501 1121 2582 τῆς

153 2594 362 2685 ἐπιγνώσεως
379 2599 439 2665 τοῦ
456 2599 524 2663 τῶν
541 2590 630 2664 ὅλων
647 2599 733 2665 θεοῦ
750 2598 896 2683 γε’γονεν.
942 2602 969 2664 7.
990 2598 1046 2665 καὶ
1064 2592 1121 2665 ἀλ-

152 2706 218 2778 λως
233 2697 270 2766 δὲ
287 2712 356 2776 τοῖς
368 2686 444 2764 οὖσι
459 2701 606 2783 θεσμίοις
619 2698 675 2765 καὶ
691 2693 892 2786 ἀπηγμένοις
902 2695 1121 2786 αίχμαλοόιοις
1136 2723 1160 2764 αι

152 2791 219 2865 ῦπό
244 2800 301 2884 τῆς
325 2792 469 2884 ἀοράτου
493 2798 548 2865 καὶ
575 2802 768 2887 δαιμονικης
793 2798 983 2887 δυνάμεως,
1008 2804 1122 2869 κακῶν

153 2926 190 2966 τε
207 2913 333 2984 σειραῖς
351 2900 608 2988 πεπεδημένοις,
629 2903 828 2987 ἐλευθερίαν
845 2904 900 2970 καὶ
919 2898 1036 2970 ἄνεσιν
1053 2906 1123 2971 τῶν

154 2996 366 3088 συνεχόντων
390 2997 586 3091 ἐκήρυττεν,
619 3009 653 3072 εί
671 3004 726 3071 καὶ
751 2999 845 3071 αὐτοὶ
863 3006 909 3095 τῷ
936 3000 1123 3092 κηρύγματι

154 3099 390 3182 πιστεύσαντες
409 3098 463 3172 οἶα
481 3107 633 3192 λυτρωτη
653 3106 706 3172 καί
726 3106 850 3192 σωτῆρι
874 3103 1123 3193 προσθράμοιεν

126 3201 260 3296 οαῦτςῦ,
280 3205 421 3285 καὶτοῖς
440 3199 544 3274 αῦτοῦ
569 3217 742 3274 πεισθείεν
767 3209 1026 3296 παραγγέλμασι.
1064 3210 1122 3277 καὶ
1136 3235 1161 3276 ιο

217 3437 251 3485 15
267 3437 371 3488 Μοίιίι.
384 3439 409 3502 5,
425 3442 447 3486 1.
