2326 3818
124 150 187 216 648
534 147 682 200 EUSEBII

124 291 338 380 πνρουμένας
361 290 417 358 καὶ
441 288 707 377 δοκιμαζομένας.
752 291 801 356 16.
820 282 905 356 ὅθεν
922 280 939 356 ὁ
954 284 1098 371 Ἀκύλας

120 389 289 481 “έρριφα”
315 388 426 480 φήσας
447 386 507 460 “td
533 384 697 478 άρμάριον
728 389 765 458 έν
788 386 836 480 τῷ
864 398 946 480 οδκφ
975 395 1098 481 κυρίου

95 521 109 562 ε
126 490 208 582 πρὸς
226 491 284 563 τὸν
301 489 473 580 πλάστην”
493 492 610 578 σαφεῖς
625 485 776 559 διδάσκει
790 486 835 570 ὡς
844 495 904 558 τοῦ
918 486 1024 579 λόγου
1040 492 1099 562 τοῦ

125 601 223 666 θείου
242 601 341 683 δίκην
359 591 509 664 πλάστου
527 593 760 672 κατοικοῦντος
779 597 826 671 είς
843 587 903 660 τδν
925 590 1024 662 οἶκον
1041 619 1099 662 κν-

124 704 212 789 ρίου,
232 698 288 766 καὶ
300 693 500 775 πλάττοντος
518 695 574 763 καὶ
593 687 814 774 άυανεοῦντος
831 691 889 773 τάς
906 695 976 764 τοῖν
994 713 1122 783 προσ-ι

124 797 246 870 ιόντων
269 795 388 887 ψυχάς.
431 792 520 884 πλήν
543 791 617 863 ἀλλ’
640 797 775 883 ἐπείπερ
800 789 916 882 ήτιμή
933 800 996 864 τοῦ
1013 822 1101 866 τετι-

124 903 275 991 μημένου
295 906 342 988 είς
360 902 491 967 ἐκεῖνον
508 904 756 984 μεταβληθεῑσα
768 891 829 965 τὸν
844 893 938 964 οἶκον
951 898 1100 986 βέβηλον

125 999 229 1071 αὐτὸν
242 996 477 1086 κατεστήσατο,
493 994 627 1078 εἰκότως
642 992 745 1078 εάθδς
755 998 899 1083 ἐπιλέγει
908 991 989 1067 “nal
999 993 1099 1086 άπέρ·

126 1117 209 1192 ριψα
237 1099 300 1188 τήν
330 1097 458 1192 ῥάβδον
487 1098 549 1187 τήν
579 1101 742 1187 δευτέραν
770 1095 806 1167 τά
836 1104 1013 1187 σχοίνισμα
1042 1099 1101 1170 τοῦ

127 1200 345 1272 διασκεδάσαι
363 1200 425 1288 τήν
444 1199 613 1289 διαθήκην
630 1198 695 1269 άνδι
714 1202 817 1289 μέσον
832 1195 941 1270 Ἰούδα
959 1202 1017 1270 καὶ
1036 1197 1099 1271 άνά
1110 1224 1133 1266 ιι

125 1306 230 1393 μέσον
245 1299 405 1395 Ἰσραήλ.”
451 1306 484 1386 ἐξ
509 1307 641 1372 ἐκείνου
664 1299 728 1390 γάρ
752 1329 803 1371 τοι
825 1300 862 1370 τὸ
885 1304 1017 1388 πλῆθος
1041 1303 1118 1372 ποῦ’

126 1412 250 1486 ἔθνους
273 1401 443 1494 ἀπερρίφη
467 1407 525 1493 τής
542 1401 645 1473 πάλαι
664 1400 828 1492 πρότερον
846 1399 1019 1491 έφοριάσης
1038 1401 1101 1472 αὐ-

125 1506 204 1588 τοὺς
223 1510 403 1592 ἐπισκοπῆς
421 1510 481 1575 τοῦ
499 1509 592 1575 θεοῦ.
621 1506 783 1592 δευτέραν
799 1503 836 1573 δέ
852 1502 982 1594 ῥάβδον
995 1501 1102 1592 ήγοῦ-

126 1637 186 1697 μαι
203 1605 240 1677 τὸ
258 1615 326 1677 πᾶν
344 1604 478 1695 άθράως
492 1604 665 1677 Ἰουδαίων
683 1613 783 1686 έθνος
807 1608 956 1675 ἐνταῦθα
975 1611 1102 1694 δηλοῦ-

126 1721 218 1779 σθαι.
260 1718 358 1778 καλεῖ
380 1706 411 1778 δ’
439 1698 503 1778 οὖν
526 1706 633 1796 αὐτήν
664 1714 856 1796 σχοίνισμα,
887 1709 996 1795 λέγων
1015 1702 1137 1796 “vinem

59 1837 114 1888 (σε)
128 1818 211 1900 μίαν
227 1809 367 1881 ἐκάλεσα
380 1808 512 1899 κάλλος,
531 1812 588 1880 καὶ
600 1805 662 1897 τήν
677 1811 839 1898 δευτέραν
852 1806 992 1878 ἐκάλεσα
1010 1815 1102 1896 σχοί-

127 1910 264 2001 νισμα.”
303 1914 358 1982 καὶ
378 1917 493 1998 σαφῶς
512 1913 656 1998 ἐπιλέγει
680 1912 758 1998 περὶ
781 1913 838 1999 τής
857 1911 1014 1996 δευτέρας
1031 1905 1100 1995 φά-

129 2033 221 2082 σκων
239 2008 319 2081 “nal
346 2010 514 2096 άπέρριψα
536 2008 598 2098 τήν
628 2008 757 2101 ῥάβδον
785 2009 846 2099 τήν
878 2010 1038 2099 δευτέραν
1061 2005 1099 2078 τό

129 2119 319 2201 σχοίνισμα,
337 2114 399 2181 τοῦ
413 2110 631 2181 διασκεδάσαι
649 2110 710 2200 τήν
729 2111 898 2200 διαθήκην
916 2109 980 2181 άνά
997 2112 1102 2200 μέσον

60 2233 114 2286 1³00]
124 2211 235 2284 Ἰούδα
253 2216 308 2284 καὶ
323 2208 387 2284 άνά
402 2215 506 2302 μέσον
520 2209 684 2301 Ἰσραήλ.”
713 2219 761 2283 18.
777 2204 868 2283 οὗτοι
885 2212 949 2302 γάρ
963 2203 1050 2300 ήσαν
1064 2212 1102 2283 τὸ
1115 2241 1141 2282 ιο

127 2325 304 2406 σχοίνισμα
318 2318 374 2385 καὶ
388 2315 408 2403 ή
427 2314 551 2405 ῥάβδος
564 2311 585 2402 ή
601 2318 749 2404 δευτέρα.
776 2311 797 2402 ἡ
813 2316 851 2383 δέ
865 2315 1009 2403 προτέρα
1023 2312 1102 2385 κάλ·

127 2427 184 2499 λος
199 2414 418 2506 ὠνομασμένη
432 2413 494 2487 οὐδ
499 2416 507 2441 ’
523 2415 606 2505 άλλη
620 2420 748 2505 γένοιτο
762 2410 805 2485 άν
819 2419 876 2504 τῆς
885 2414 913 2486 ‘I
912 2414 1103 2504 ερουσαλήμ

127 2517 249 2609 αὐτῆς,
268 2523 325 2589 καὶ
342 2522 400 2606 τής
418 2516 501 2588 κατά
515 2522 643 2589 Μωσέα
657 2526 828 2608 λατρείας,
847 2516 978 2604 ἁπάσης
993 2543 1029 2586 τε
1042 2523 1103 2605 τῆς

48 2706 51 2710 ,
128 2624 271 2701 παλαιάς
290 2618 463 2708 διαθήκης.
507 2626 556 2690 19.
576 2622 631 2688 καὶ
654 2621 808 2690 τοῦτοδὲ
832 2622 865 2702 έξ
884 2617 985 2707 αὐτῆς
1004 2626 1103 2707 παρί-

128 2743 245 2790 σταται
277 2726 334 2808 τῆς
359 2728 563 2808 προφητείας
587 2719 740 2809 φησάσης
759 2717 839 2790 ηκαὶ
868 2718 1013 2809 λήψομαι
1037 2714 1100 2805 τήν
1115 2747 1143 2787 25

98 2818 259 2909 εράβδου
281 2849 347 2908 μου
372 2818 433 2906 τήν
457 2818 581 2909 καλήν,
613 2823 667 2891 καὶ
692 2820 869 2914 ἀπορρίψω
894 2818 1018 2909 αάτήν,
1041 2823 1103 2891 τοῦ

129 2918 435 3011 διασκεδάσαιοτήν
462 2923 631 3010 διαθήκην
654 2920 756 3012 μου.”
798 2920 879 3015 δρᾷς
898 2921 942 3003 ὡς
960 2920 1022 3012 τήν
1039 2923 1102 3012 μέν

128 3020 300 3112 διαθήκην
318 3021 422 3093 αὑτοῦ
439 3023 501 3110 τήν
519 3025 648 3113 ῥάβδον
675 3033 801 3113 ἔφησεν
825 3024 992 3113 εἶναιτὴν
1010 3022 1104 3115 πρά·

127 3155 206 3217 την,
237 3124 299 3215 τήν
325 3126 361 3195 δέ
386 3126 547 3213 δευτέραν
575 3124 702 3216 ῥάβδον
725 3127 762 3196 τὸ
789 3134 982 3216 σχοίνισμα,
1013 3124 1103 3214 πλήν

127 3223 318 3318 ἀμφοτέρας
331 3223 388 3309 τάς
401 3224 548 3317 ῥάβδους
560 3225 761 3316 άπορρίψειν
774 3227 915 3316 ἀπειλεῖ,
930 3227 1102 3314 προειπών
1115 3253 1144 3295 σε

127 3327 292 3418 πρότερον
311 3324 388 3399 “nal
415 3327 562 3417 λήψομαι
594 3333 726 3422 ἐμαυτῷ
756 3327 818 3400 δύο
843 3327 1007 3421 ῥάβδους,
1038 3324 1102 3415 τήν

115 3435 211 3516 ,μίαν
221 3428 364 3501 ἐκάλεσα
375 3428 508 3520 κάλλος,
527 3433 582 3501 καὶ
596 3427 657 3520 τήν
671 3433 834 3519 δευτέραν
852 3428 991 3500 ἐκάλεσα
1010 3435 1101 3518 σχοί-
