2326 3818
309 145 493 197 υυιτοιεεε.
511 145 643 198 Εεευο.
661 145 737 200 v111.
755 148 780 200 ι.
974 144 1039 209 545

69 281 268 375 προρρήσεις
287 279 331 366 ῶς
349 290 503 372 ψευδεῖς,
521 281 557 354 τό
575 280 655 354 ὅσον
674 281 724 352 ἐπ’
747 280 877 372 αὐτοῖς,
898 283 1039 373 διαβάλ-

68 394 198 473 λοντας,
217 395 251 455 εἰ
265 414 304 473 γε
316 392 354 454 αι’
361 386 423 474 μέν
437 392 483 465 εἰς
499 382 729 474 ἑβδομήκοντα
747 383 935 474 ἑβδομάδας
955 390 1038 459 ἐτῶν

66 485 125 557 τόν
155 485 263 557 πάντα
293 492 517 578 περιορίζονσι
540 483 678 578 χρόνον,
707 483 748 556 τά
775 489 812 555 έν
845 491 892 578 τῶ
916 488 1038 577 μεταξὺ

66 587 305 677 συμβησόμενα
327 595 565 677 θεσπίζουσαι,
591 593 628 658 αἰ
648 589 687 658 δέ
704 585 825 677 σχεδόν
850 584 916 677 ῆδη
934 599 1064 678 χιλιοε

40 695 147 759 εστοῶ
173 696 266 772 ἔτους
291 686 356 761 ἀπό
380 696 440 778 τῆς
464 697 669 782 προφητείας
695 691 751 760 καὶ
770 696 817 770 εἰς
835 687 920 779 ῆμάς
939 689 1038 759 έλαύ-

65 819 182 874 νοντος
201 787 302 863 οὐδέν
326 795 394 862 τῶν
411 795 652 883 γεγραμμένων
669 789 807 881 γεγονός
826 794 1038 861 ἐπιδείκνυν-

65 921 139 982 ται,
170 899 277 964 καίτοι
302 896 603 986 ἐξολοθρευθέντος
627 892 739 964 αὐτῶν
761 897 823 964 τοῦ
848 901 1037 984 χρίσματος,

66 994 150 1065 κατά
167 993 229 1084 τῆν
247 1004 349 1067 θείαν
366 995 569 1088 πρόρρησιν,
593 998 648 1066 καὶ
672 1001 731 1067 τοῦ
755 990 956 1086 ἀγιάσματος
976 993 1039 1066 αό-

65 1101 151 1184 τῶν,
170 1099 226 1166 καὶ
243 1101 312 1169 τῶν
329 1099 410 1187 πρὶν
428 1095 612 1187 οἰκητόρων
631 1100 890 1187 διαφθαρέντων
909 1100 965 1167 καὶ
985 1102 1040 1168 ἐκ-
1073 1175 1075 1179 ,

29 1225 53 1264 ιο
67 1201 238 1268 κοπέντων
270 1204 306 1268 ἐν
336 1205 557 1291 κατακλυσμῷ
589 1202 736 1288 πολέμου
767 1203 1038 1289 συντετμημένου

24 1324 35 1334 “
67 1297 287 1388 ἀφανισμοῖς,
306 1301 362 1369 καί
379 1304 439 1370 τοῦ
456 1327 495 1387 γε
508 1297 645 1371 πάντων
655 1298 924 1389 παραδοξοτάτον
939 1304 1039 1371 εἰσέτι

66 1408 132 1470 νῦν
151 1395 272 1470 αῶτόθι
289 1398 473 1491 δρωμένου,
492 1403 578 1490 λέγω
597 1399 639 1490 δῆ
657 1406 716 1472 τοῦ
734 1399 963 1490 βδελάγματος
980 1407 1038 1491 τῆς

68 1499 263 1592 ἐρημώσεως
282 1509 329 1583 εἰς
348 1508 449 1593 δεῦρο
469 1505 608 1591 ἑστῶτος
627 1507 664 1573 ἐν
676 1509 722 1596 τῶ
736 1506 817 1593 πρὶν
830 1501 915 1596 ἀγίφ
934 1501 1037 1597 τόπφ,

67 1604 143 1693 περὶ
162 1593 204 1672 οὗ
221 1606 277 1673 καὶ
295 1602 313 1673 ὁ
332 1601 442 1695 σωτῆρ
456 1606 511 1674 καὶ
526 1602 641 1695 κύριος
654 1600 749 1693 ἡμῶν
766 1602 823 1686 τάς
843 1608 1038 1686 έκτεθείσας

28 1701 234 1794 ιιζπροῆκατο
260 1704 385 1793 φωνάς.
443 1711 513 1776 128.
544 1696 593 1776 ῶν
620 1713 735 1795 σαφῶς
756 1704 818 1775 ὑπ’
848 1703 1038 1796 ὀφθαλμοῖς

68 1803 250 1897 ὁρωμένων
279 1804 359 1896 ῆμῖν
384 1809 484 1878 εἰσέτι
509 1810 574 1879 νῶν
598 1807 772 1897 θαυμάσαι
804 1813 872 1877 ἔστι
895 1808 973 1889 τούς
1002 1813 1037 1878 ἐκ
1052 1839 1105 1887 (ιο-ιι

66 1913 245 1999 περιτομῆς
263 1908 324 1999 οὐχ
342 1906 449 1992 οὕτως
467 1907 680 1999 ἀντιβλέπειν
703 1926 771 1992 τοῖς
791 1913 945 2001 ἐναργέσι
961 1920 1038 1979 τολ-

67 2016 210 2100 μῶντας,
229 2005 310 2082 ὅσον
328 2009 574 2098 ἀβλεπτοῦντας
588 2016 644 2083 καὶ
657 2011 718 2100 τῆν
733 2010 886 2083 διάνοιαν
901 2016 1038 2083 ἐσκοτω-

66 2115 188 2198 μένους
213 2111 302 2206 πρὸςἱ
320 2111 356 2182 τό
380 2109 425 2201 μῆ
450 2108 534 2203 δρῶν
558 2112 599 2183 τά
617 2111 705 2184 οὕτω
729 2118 822 2203 σαφῆ
840 2116 895 2184 καὶ
915 2118 1038 2205 ἐναργῆ

29 2216 136 2288 ιοζτῶν
153 2219 260 2283 θείων
277 2219 419 2303 γραφῶν
432 2211 689 2303 ἀποτελέσματα.
718 2221 787 2285 129.
808 2211 827 2283 δ
844 2217 900 2283 καὶ
915 2215 1037 2285 πεπόν-

68 2326 150 2384 θασι
163 2306 245 2384 κατά
258 2312 320 2403 τῆν
335 2321 382 2396 εἰς
398 2311 520 2395 αὕτοδς
531 2325 771 2406 πληρωθεῖσαν
781 2314 845 2386 κάν
858 2314 963 2408 τούτῳ
978 2324 1037 2386 τοῦ

64 2414 204 2487 Ἡσαΐου
217 2408 347 2507 φωνῆν,
367 2414 411 2486 δι’
428 2406 468 2504 ῆς
483 2418 663 2487 ἐθέσπισεν
677 2414 791 2497 αὐτοῖς
810 2415 915 2486 εἰπῶν
928 2413 1037 2508 “ἀκοῆ

68 2513 246 2608 ἀκούσετε,
264 2515 379 2589 καὶού
396 2515 441 2607 μῆ
464 2525 603 2608 συνῆτε,
622 2521 678 2588 καὶ
692 2521 870 2606 βλέποντες
884 2520 1037 2607 βλέψετε,

69 2622 125 2688 καὶ
144 2616 184 2690 οά
207 2620 252 2711 μῆ
279 2627 379 2709 ἰδητε.
423 2617 598 2710 ἐπαχύνθη
616 2618 679 2712 γάρ
698 2619 719 2710 ἡ
737 2628 860 2712 καρδία
877 2625 936 2690 τοῦ
955 2629 1038 2692 λαοῦ

17 2719 206 2811 ιειτοάτον,
232 2726 287 2792 καὶ
314 2739 383 2805 τοῖς
408 2720 491 2794 ῶσὶυ
510 2719 622 2794 αὑτῶν
640 2726 767 2814 βαρέως
791 2721 956 2813 ῆκουσαν,
983 2728 1039 2794 καὶ

68 2821 124 2893 τοί
129 2852 145 2904 ς
157 2821 357 2913 ὀφθαλμοδς
371 2819 483 2894 αὐτῶν
498 2824 702 2914 ἐκάμμυσαν,
717 2824 844 2915 μῆποτε
859 2833 956 2896 ἰδωσι
969 2844 1038 2908 τοῖς
1053 2859 1066 2898 ι

67 2921 274 3014 ὀφθαλμοῖς,
299 2927 355 2995 καί
378 2940 447 3006 τοῖς
467 2921 551 2995 ῶσίυ
567 2922 753 3014 ἀκούσωσι,
778 2930 833 2996 καί
858 2931 897 3017 τῆ
916 2935 1039 3021 καρδίᾳ

69 3033 214 3114 συνῶσι,
234 3028 290 3096 καὶ
309 3028 547 3116 έπιστρέψωσι,
566 3028 622 3096 καὶ
642 3024 784 3117 ἰάσωμαι
803 3026 958 3108 αὐτοάς.”

148 3133 218 3198 130.
230 3123 319 3199 Ἀλλ’
337 3128 407 3198 ἐπεὶ
422 3130 476 3197 καί
485 3129 560 3219 περὶ
569 3130 638 3197 τῶν
646 3127 914 3200 πεπιστευκότων
925 3133 1037 3198 ἐθνῶν

29 3253 56 3294 το
71 3235 117 3311 εἰς
135 3228 194 3299 τὸν
212 3227 357 3320 Χριστόν
374 3233 434 3301 τοῦ
452 3233 538 3301 θεοῦ
551 3228 652 3299 πάλαι
666 3229 828 3321 πρότερον
842 3240 952 3319 εἰρητο
964 3226 1038 3312 “οίς

139 3465 171 3512 ιε
190 3465 276 3530 σει,
290 3465 314 3514 ο.
419 3466 451 3514 30
469 3463 515 3516 τοι,
529 3463 569 3526 τε,
585 3465 625 3514 ιε.

121 3562 262 3599 ευεεειυε
282 3564 327 3603 111.
440 3578 442 3581 ·
849 3548 899 3611 ‘55
