2326 3818
165 111 206 175 ηρ
569 109 718 162 Ευεευιι

164 257 350 339 κατηρτίσω
390 278 455 338 μοι.
513 247 771 340 ὁλοκαυτώματα
813 252 868 320 καί
906 252 982 340 περὶ
1024 244 1137 341 ἆμαρι

163 361 234 434 τίας
269 348 331 422 οῦκ
361 349 561 443 ηῦδόκησας.
614 350 688 423 τότε
711 352 824 439 εἶπον,
861 350 937 422 ίδοῦ
972 346 1060 441 ἥκω,
1096 358 1136 425 έν

164 460 320 542 κεφαλίδι
337 462 471 543 βιβλίον
494 456 675 544 γέγραπται
695 457 772 544 περὶ
796 456 888 543 ἐμοῦ,
901 458 960 524 τοῦ
983 457 1135 545 ποιῆσαι,

162 555 180 625 ὁ
207 554 303 643 θεὸς,
328 556 364 628 τό
393 555 525 646 θέλημά
551 578 614 627 σου
638 552 858 646 ἐβουλήθην.”
900 558 957 626 καὶ
989 559 1136 645 ἐπιλέγει

111 684 150 737 ιιι]
164 653 455 749 “εῦηγγελισοίμην
473 656 693 747 δικαιοσύνην
709 662 746 728 έν
764 664 923 751 ἐκκλησία
940 655 1099 749 μεγάλη.”

240 766 291 830 528.
311 758 488 847 Ἀντικρυς
512 758 586 830 ἀντὶ
604 763 673 830 των
696 758 798 830 πάλαι
821 763 956 830 θυσιῶν
978 762 1036 830 καὶ
1058 759 1135 835 ὁλο-

165 860 394 951 καυτωμάτων
411 860 474 948 τὴν
497 870 661 948 ἐυσαρκον
684 868 744 932 τοῦ
772 866 917 951 Χριστοῦ
942 872 1136 951 παρουσίαν

110 980 151 1031 (39)
167 965 222 1033 καὶ
241 962 277 1032 τὸ
296 964 518 1052 καταρτισθέν
542 960 646 1034 αῦτοῦ
674 967 769 1052 σοι’μα
792 967 1062 1054 προσενηνέχθαι
1086 974 1135 1060 τῷ

163 1069 234 1157 θεῷ
259 1064 412 1153 διδάξας,
444 1063 541 1135 τοῦτό
574 1093 609 1134 τε
639 1062 722 1135 αῦτδ
757 1069 797 1156 τῇ
833 1061 937 1136 αῦτοῦ
974 1069 1135 1161 ἐκκλησία

165 1162 426 1255 εὐαγγελίζεται,
453 1163 497 1247 ῦς
524 1162 566 1237 ῦν
590 1169 676 1256 μέγα
699 1164 883 1256 μυστήριον
908 1170 943 1237 έν
973 1174 1158 1257 κεφαλίδιι

163 1274 298 1356 βιβλίον
320 1275 361 1360 τῇ
385 1273 575 1360 προφητικῇ
611 1272 710 1359 φωνῇ
745 1271 1133 1359 προαναπεφωνημένον.

163 1367 283 1442 τοῦτου
303 1376 384 1461 δῆτα
402 1377 461 1441 τοῦ
480 1369 630 1460 θύματος
647 1369 709 1459 τὴν
733 1369 868 1459 μνήμην
894 1372 947 1440 ἐπὶ
970 1376 1134 1461 τραπέζης

164 1477 311 1545 ἐκτελεῖν
337 1475 392 1544 διὰ
417 1471 598 1561 συμβόλων
622 1477 682 1543 τοῦ
707 1502 743 1544 τε
773 1469 922 1560 σωματος
945 1471 1051 1542 αὐτοῦ
1075 1478 1135 1545 καὶ

162 1579 222 1645 τοῦ
242 1584 408 1662 σωτηρίου
426 1581 563 1663 αἳματος
581 1573 664 1643 κατὰ
677 1573 826 1663 θεσμοῦς
846 1577 904 1664 τῆς
922 1578 1038 1663 καινῆς
1057 1582 1136 1645 δια-

163 1673 272 1763 θήκης
291 1673 543 1763 παρειληφότες,
565 1674 667 1744 πόλιν
691 1674 758 1744 ὑπὸ
781 1679 840 1744 τοῦ
864 1674 1037 1765 προφήτου
1057 1690 1159 1747 Δα-ι

164 1779 223 1864 βὶδ
255 1774 486 1865 παιδευόμεθα
516 1779 626 1865 λέγειν
652 1772 860 1865 “ἡτοίμασας
893 1776 1036 1848 ἐνώπιόν
1065 1808 1135 1868 μου

163 1877 345 1966 τράπεζαν,
366 1882 397 1961 ἐξ
416 1882 569 1959 ἐναντίας
586 1884 654 1948 τῶν
677 1877 868 1967 θλιβόντων
891 1898 946 1966 με·
973 1883 1136 1963 ἐλίπανας

140 2010 154 2050 ο
170 1984 206 2048 ἐν
225 1984 323 2071 ἐλαίῳ
341 1978 402 2066 τὴν
420 1978 570 2068 κεφαλήν
585 2007 661 2069 μου,
680 1983 736 2051 καὶ
755 1980 792 2051 τό
810 1978 970 2070 ποτήριόν
987 2004 1050 2052 σου
1074 2012 1133 2072 με·

166 2079 297 2150 θῦσκον
314 2109 354 2169 με
374 2075 417 2160 ὡς
436 2078 643 2170 κρότιστου.”
928 2076 934 2085 ’

242 2183 297 2253 29,
317 2180 516 2272 Διαρρήδην
533 2188 618 2272 γοῦν
637 2187 674 2255 ἐν
691 2181 821 2264 τούτοις
840 2185 895 2252 καί
913 2183 951 2252 τὸ
968 2182 1134 2272 μυστικόν
1151 2223 1156 2245 1

167 2291 361 2374 σημαίνεται
379 2301 514 2375 χρῖσμα,
533 2283 647 2357 καὶτὰ
665 2283 770 2376 σεμνόι
794 2288 851 2373 της
878 2291 1025 2373 Χριστοῦ
1050 2315 1134 2377 τρα-

165 2390 261 2478 πέζης
279 2385 432 2478 θῦματα,
457 2385 503 2458 δι’
531 2379 580 2460 οῦν
603 2392 856 2478 καλλιεροῦντες
879 2387 937 2467 τὰς
969 2383 1135 2477 ἀναίμους

165 2495 221 2561 καὶ
245 2490 379 2581 λογικὰς
404 2488 494 2585 αὐτῷ
517 2521 552 2562 τε
576 2506 755 2580 προσηνεῖς
779 2496 903 2571 θυσίας
929 2487 985 2557 διῦ
1009 2488 1136 2572 παντός

165 2599 243 2679 βίον
261 2600 307 2684 τῷ
335 2595 389 2661 ἐπὶ
407 2591 544 2663 πάντων
558 2595 760 2681 προσφέρειν
785 2594 857 2684 θεῷ
882 2588 937 2660 διὰ
960 2594 1021 2659 τοῦ
1045 2590 1131 2660 ποίν-

164 2720 233 2761 των
244 2689 415 2763 όνωτοὲτου
428 2690 720 2781 ολρχιερέωςαῦτοῦ
727 2691 964 2782 δεδιδοίγμεθα.
976 2696 1133 2765 30.τοῦτο
1150 2728 1163 2750 2

166 2793 204 2862 δὲ
232 2790 313 2862 αὐτὸ
336 2792 427 2863 καὶὸ
452 2797 554 2883 μέγας
578 2792 750 2883 προφήτης
767 2791 905 2879 Ἡσαΐας
930 2801 1134 2883 θαυμασίως

165 2897 210 2986 τῷ
235 2901 320 2987 θείῳ
344 2894 508 2983 πνεύματι
533 2897 685 2986 προέγνω
709 2924 744 2965 τε
768 2897 823 2965 καί
855 2893 1132 2984 προανεφοόνησι.

141 2997 256 3084 ελέγει
280 2994 310 3065 δ’
338 2987 401 3067 οῦν
425 2987 492 3068 οἶδε
524 2999 580 3069 καί
610 2993 708 3078 αὐτὸς
747 2992 871 3087 “κῦριε
905 2996 923 3065 ό
952 2994 1033 3079 θεός
1054 3026 1134 3087 μου,

167 3097 295 3182 δοξάσω
314 3121 362 3187 σε,
380 3093 519 3188 ῦμνήσω
536 3098 573 3170 τό
586 3097 691 3189 όνομά
708 3121 782 3187 σου,
800 3096 852 3168 ότι
871 3101 1027 3188 ἐποίησας
1045 3110 1134 3170 θαυ-

93 3276 97 3285 ,
165 3199 272 3286 μαστοὶ
296 3199 481 3291 πράγματα.
524 3206 576 3272 31.
603 3205 659 3272 καὶ
681 3210 757 3274 τίνα
787 3205 891 3271 ταῦτα
922 3196 967 3282 ῦς
993 3200 1158 3291 ἀληθοῦς

165 3349 308 3358 —-—.-
312 3353 368 3359 --

235 3434 266 3482 16
284 3434 329 3486 Ρε.
348 3437 389 3495 22,
409 3435 433 3486 5.
535 3434 568 3484 28
586 3435 634 3488 Es.
654 3435 696 3497 25,
716 3437 739 3484 1.
