2326 3818
144 110 206 175 398
555 107 704 158 ευεειιιε

144 280 165 319 α
150 247 239 318 καὶ
257 246 454 336 πεπλήρωκε
472 243 508 316 ιδ
527 250 592 331 ζῶν
608 243 761 369 ὕδωρ
722 275 780 334 της
798 252 964 334 σωτηρίου
982 245 1095 316 ταδ’
1059 278 1113 320 ευ-

145 353 319 438 αμγελικης
313 355 509 418 ·ίδιδασκαλ
508 378 557 436 ας,
571 350 648 438 περὶ
661 377 701 418 ου
690 338 816 416 πάλιν
832 349 988 417 ἐπαίδευε
1003 353 1113 437 λέγων

139 447 198 533 “69
215 447 258 521 ῶν
281 458 341 542 πίη
365 479 425 520 του
410 447 581 538 ὕδατος,
605 440 647 519 οὗ
670 448 733 537 ἐγῶ
753 445 850 518 δῶσω
875 445 983 542 αὐτῶ,
1008 447 1048 522 οὐ
1066 451 1112 541 μὴ

144 552 328 641 διψήσειί
297 581 312 624 ε
328 582 344 633 ς
361 549 419 621 τὸν
433 582 453 621 α
456 551 559 623 ίῶναῖ
563 550 665 621 ’καὶ
678 548 800 621 πάλιν
803 544 956 640 ’ποταμοὶ
975 551 1111 675 (φησὶν)

143 658 235 725 ἐκ
197 683 254 743 της
272 661 398 734 κοιλίας
418 649 520 723 αὐτον
505 652 717 743 ῥεύσουσιν
729 648 850 733 ὕδατος
865 656 994 741 ζῶντος,
1013 650 1111 726 ἄλλο·
1125 685 1138 725 5

142 759 311 846 μένους
265 762 311 837 είς
330 752 416 841 ζωὴν
434 751 604 824 αίῶυιον.”
634 759 684 824 50.
701 756 756 823 καὶ
770 743 893 836 αυθις
896 749 943 823 εί
953 783 1002 837 τις
1018 761 1119 848 διψᾷ,

75 889 129 938 μοι)
145 860 294 947 ἐρχέσθω
313 853 394 944 πρός
411 883 469 942 με,
488 857 543 924 καὶ
561 852 717 926 πινέτω.”
753 883 834 943 μετα
822 853 985 942 γοῦν
952 884 988 925 το
1007 853 1113 946 ἄνομ-

142 961 274 1047 βρησαυ
291 960 328 1026 ἐκ
345 961 403 1042 τῆς
414 954 628 1047 Ἰερουσαλὴμ
647 959 701 1033 ἐπὶ
719 960 786 1026 πᾶν
804 960 899 1044 γένος
917 954 1112 1046 ἀνθρώπων

143 1055 307 1146 σωτήριον
320 1059 375 1126 καὶ
388 1056 522 1146 λογικὸν
533 1054 728 1148 νᾶμα,“δπερ
740 1061 946 1146 σαφέστερον
957 1061 993 1127 ἐν
1007 1058 1110 1150 ἐτίρῳ

143 1164 301 1247 δηλοῦται
326 1158 379 1228 διὰ
402 1163 462 1229 τοῦ
480 1155 540 1228 “gu
563 1157 627 1249 γδιρ
650 1158 745 1230 Σιῶν
770 1158 974 1242 ἐξελεύσεται
996 1155 1109 1248 νόμος,
1126 1190 1150 1230 ιο

143 1261 197 1329 καὶ
216 1257 311 1347 λόγος
329 1267 448 1349 κυρίου
467 1264 499 1343 ἐξ
513 1258 746 1349 Ἰερουσαλὴμ,
773 1263 829 1329 καὶ
847 1278 956 1349 κρινεῖ
971 1257 1035 1330 ιἰνά
1052 1264 1112 1350 με’-
1134 1267 1140 1276 ’

141 1385 201 1431 σον
218 1364 286 1430 τῶν
311 1364 432 1431 ἐθνῶν.
475 1367 564 1430 ἐσται
590 1360 704 1451 (φησὶ)
729 1359 844 1452 κύριος
871 1368 918 1442 είς
936 1359 1109 1449 βασιλέα.”

141 1467 191 1533 51.
212 1460 274 1532 οίικ
299 1468 389 1532 ἐσται
414 1463 450 1532 δέ
474 1458 511 1531 ἐν
529 1459 760 1552 Ἰερουσαλὴμ,
791 1460 872 1533 οὐδὲ
896 1460 951 1533 ἐπὶ
973 1463 1009 1533 τὸ
1031 1462 1110 1535 Ἰου-

142 1568 247 1634 δαίων
266 1572 383 1651 ἔθνος,
402 1561 486 1633 ἀλλὰ
499 1561 578 1633 “ἐπλ
596 1568 708 1634 πᾶσαν
731 1562 793 1652 τὴν
809 1568 874 1652 μην
893 1567 930 1634 ἐν
947 1569 986 1654 τῇ
1005 1560 1111 1657 ἡμέρα

142 1669 262 1755 ἐκείνη.
298 1667 355 1738 καὶ
372 1673 461 1734 ἐσται
480 1663 593 1755 κύριος
613 1663 671 1751 εἷς,
691 1665 796 1735 καὶτὸ
813 1661 919 1754 ὄνομα
937 1662 1041 1736 αὐτοῦ
1059 1672 1109 1754 ἓν,
1125 1693 1148 1735 ιε

141 1771 290 1837 κυκλοῶν
307 1771 418 1836 πῶσαν
435 1764 497 1853 την
515 1763 614 1854 γηυ.”
656 1762 678 1835 66
694 1769 750 1836 καὶ
775 1762 860 1836 αὐτοὶ
877 1765 1017 1858 συνᾴδει
1040 1786 1110 1849 τοῖς

140 1865 205 1938 εἰιιὸ
223 1862 291 1938 τῶν
302 1874 450 1957 Ψαλμῶν
463 1880 715 1959 παρατεθεξσιν,
735 1865 779 1937 δι’
801 1858 849 1937 ῶυ
867 1869 994 1952 ἐλέγετο
1008 1861 1107 1953 “gaa-

140 1976 296 2039 σίλευσεν
313 1967 330 2038 6
349 1966 428 2049 θεὸς
447 1971 500 2038 ἐπὶ
519 1969 557 2037 τὰ
577 1965 695 2056 ἒθνη.”
729 1972 785 2038 καὶ
802 1967 902 2038 πάλιν
913 1962 1051 2037 “είπατε
1072 1971 1108 2036 ἐυ

114 2102 126 2140 ι,
140 2085 208 2150 τοῖς
227 2076 380 2156 ἔθνεσιν,
398 2067 416 2138 6
435 2069 548 2161 κύριος
568 2067 795 2159 ἐβασίλευσε.”
841 2072 945 2140 ταῦτα
970 2069 1007 2139 δὲ
1025 2067 1109 2159 ὁμοῦ

141 2168 248 2240 πάντα
268 2174 304 2241 ἐν
321 2189 392 2253 ταῖς
406 2177 465 2242 τοῦ
483 2181 603 2261 κυρίου
615 2168 753 2262 ἡμέραις
768 2180 907 2242 ἔσεσθαι
917 2172 1109 2261 προφητεῶ-
1123 2199 1147 2240 ιο

141 2300 219 2342 εται.
260 2278 311 2342 52.
333 2277 369 2343 ἐν
392 2270 477 2364 ἀρχῇ
501 2277 585 2361 νοῶν
610 2277 668 2360 της
693 2270 772 2362 ὅλης
790 2280 995 2364 προφητείας
1009 2271 1110 2344 “ίδοδ

139 2369 257 2463 ἡμέραι
276 2374 409 2465 (φησὶν)
429 2382 581 2465 ἐρχουται
593 2378 654 2445 τοῶ
667 2382 799 2466 κυρίου,
817 2377 873 2445 καὶ
887 2381 978 2445 ἔσται
992 2371 1108 2445 τῶδε.”

139 2484 214 2546 τίνα
238 2475 279 2565 δὴ
302 2482 406 2546 ταῦτα
430 2473 504 2546 ἀλλ’
530 2473 551 2564 ἢ
574 2473 595 2564 ἡ
622 2483 795 2564 πολιορκία
817 2481 875 2564 τῆς
894 2475 1110 2565 Ἰερουσαλὴμ
1145 2552 1148 2558 ,

139 2581 195 2647 καὶ
212 2573 232 2666 ἡ
249 2581 311 2647 του
329 2586 447 2666 κυρίου
465 2577 659 2667 μετάστασις
679 2580 732 2648 ἐπὶ
745 2574 782 2647 τδ
795 2579 863 2647 τῶν
882 2581 1002 2647 ἐλαιῶν
1020 2575 1109 2666 ὅρος,

139 2677 274 2800 κατδετὸ
290 2673 473 2766 ’παρέσται
491 2676 637 2771 κύριος,”
659 2681 714 2750 καὶ
727 2675 767 2748 τῶ
784 2676 1017 2765 συμβεβηκότα
1031 2679 1108 2767 περὶ
1123 2703 1148 2744 ει

166 2778 174 2803 ἱ
276 2782 284 2805 Ι
411 2784 424 2797 ⁸
478 2778 486 2800 Ι
1098 2776 1105 2799 ἱ

140 2882 193 2950 ἐπὶ
212 2884 323 2950 πᾶσαν
340 2885 465 2971 ῥεύσαυ
483 2881 544 2970 τὴν
561 2885 779 2972 οἰκουμένην,
797 2882 853 2951 καὶ
869 2883 924 2951 ἐπὶ
937 2884 1017 2976 πᾶσι
1035 2879 1108 2951 τοί-

131 3011 206 3063 τοις
229 2981 249 3070 ἡ
273 2987 334 3053 τοῦ
357 2992 475 3073 κυρίου
500 2992 652 3072 βασιλεία
670 2982 806 3054 πάντων
829 2987 898 3055 τῶν
922 2987 1033 3054 ἐθνῶν
1050 2978 1107 3068 ἅρ-

109 3135 117 3157 11
138 3107 259 3173 χουσα,
275 3081 353 3155 “nal
371 3083 407 3155 τδ
424 3083 529 3174 ὄνομα
548 3084 651 3156 αὐτοῦ
670 3091 726 3173 ἓν,
747 3089 900 3176 πληροῦν
918 3088 1028 3154 πᾶσαν
1046 3080 1108 3171 τὴν

137 3183 235 3273 γῆν,”
254 3183 339 3276 δι’τιερ
357 3182 474 3257 ὁποίου
492 3190 606 3268 τέλους
625 3193 742 3276 ἔτυχεν
756 3185 800 3269 ῶς
816 3189 853 3257 ἐν
872 3191 1007 3275 ἐπιτομῇ
1027 3189 1107 3253 διει-
1121 3210 1146 3250 οι

206 3420 238 3467 10
255 3417 319 3468 Mic.
333 3420 358 3477 4,
372 3421 397 3467 2.
