2326 3818
137 123 201 187 230
547 121 698 173 Ευειιιιιι

111 267 194 334 ιέπὶ
219 266 277 350 γῆς
301 265 403 331 πᾶσιν
427 259 445 329 ό
470 262 636 349 δηλωθεὶς
653 259 816 349 θεομάχος
841 257 1016 350 εἰργάζετο.
1055 266 1109 333 12.

138 363 297 453 συνήργει
317 364 355 433 δὲ
373 358 464 456 αῦτςῦ
483 364 538 432 καὶ
557 366 623 432 πᾶν
641 359 678 433 τό
695 366 762 432 τῶν
771 358 973 451 ἀκαθάρτων
992 361 1111 450 δαιμό-

140 494 209 537 νων
222 471 340 553 φῦλον.
365 461 464 544 αῦτός
475 491 514 552 γε
531 461 599 552 μὴν
617 461 705 550 ότῆς
717 471 834 545 κακίας
847 460 994 553 ἐξάρχων
1006 461 1109 536 ταῦτ’

138 575 315 658 ἔπραττεν,
334 573 438 657 μανίᾳ
456 562 666 655 φρονήματος
686 563 826 635 ἐκτόπου
844 562 902 645 τάς
919 562 1002 635 κατά
1020 563 1111 634 πάν-

137 698 205 739 των
223 665 417 759 ἀνθρώπων
435 674 521 760 ἕργφ
540 668 677 755 πληροῦν
690 663 843 752 ἀπειλάς,
863 667 918 735 καὶ
936 663 998 754 τὴν
1010 663 1137 745 “Boo-5

137 801 195 859 μαι
213 768 324 858 ὅμοιος
341 770 388 860 τῷ
404 763 557 860 ῦψίστφ”
576 763 681 837 όιθεον
699 770 874 838 ἐπιτείνων
885 764 1015 857 φωνην,
1035 785 1111 853 ταῖς

129 899 173 941 τε
191 875 258 940 τῦν
271 866 473 958 ἀκαθάρτων
486 871 542 938 καλ
556 873 714 956 πονηρῶν
729 867 899 957 δαιμόνων
910 867 1110 959 ὑπηρεσίαις

138 966 305 1060 χρησμοὺς
323 971 378 1039 καὶ
396 976 578 1060 θεραπείας
597 972 651 1039 καὶ
670 966 710 1040 τά
723 976 857 1040 τοιαῦτα
870 987 942 1052 ταῖς
960 974 1027 1039 των
1045 966 1111 1042 άν-

141 1068 293 1162 θριόπωυ
310 1078 474 1159 γοητείαις
492 1068 740 1161 προϊσχόμενος.

71 1202 124 1253 μω]
216 1171 256 1242 X.
273 1167 327 1243 ’Ev
343 1170 487 1264 τοσαύτη
507 1179 590 1260 δῆτα
608 1180 724 1255 κακίας
748 1178 836 1264 φορᾷ
854 1173 960 1261 μηδὲν
979 1171 1109 1262 ἐπαμῦ-
1122 1205 1149 1247 ιο

139 1302 211 1344 υειν
234 1281 301 1344 τῶν
327 1278 407 1364 πρὶν
426 1272 621 1364 ἐφεστώτων
639 1272 790 1363 ἀγγέλων
816 1290 884 1355 τοῖς
902 1271 1109 1364 ὑποχειρίοις

139 1384 254 1446 ε”θνεσι
279 1379 536 1465 δεδυνημένων,
559 1372 644 1445 ἀλλά
667 1381 725 1463 τῆς
750 1376 811 1464 μὲν
835 1379 951 1462 λοιπῆς
968 1381 1109 1459 κτίσεως

74 1507 126 1560 [103]
141 1479 403 1567 ἐπιμελομένων,
430 1491 499 1558 τοῖς
523 1504 559 1547 τε
583 1483 642 1546 τοῦ
668 1475 794 1566 κόσμου
817 1479 952 1568 μέρεσιν
972 1480 1111 1557 ἐπιστα-

111 1577 307 1666 ιτοῦντων,
326 1581 445 1671 καὶτῷ
469 1584 528 1647 τοῦ
547 1575 683 1648 πάντων
702 1582 906 1668 δημιουργοῦ
924 1581 1008 1649 θεοῦ
1026 1577 1111 1650 νεῦ-

138 1709 215 1768 ματι
239 1676 399 1767 συνήθως
424 1682 712 1768 διακονουμένων,
735 1687 792 1767 τῆς
818 1680 856 1749 δὲ
880 1685 949 1748 τῶν
969 1686 1149 1768 θνητῶνω

138 1780 294 1862 πτώσεως
321 1776 361 1849 οῦ
388 1782 704 1871 περιδρασσομίνων
732 1779 786 1850 διά
813 1776 874 1869 τὴν
899 1786 967 1850 τῶν
993 1788 1110 1853 κακῶν

139 1879 365 1953 αόθεκοῦσιον
382 1888 449 1951 τῶν
474 1877 667 1971 ἀνθρώπων
686 1887 832 1971 α’ίρεσιν,
857 1879 967 1971 μακρά
984 1909 1033 1962 τις
1050 1886 1110 1953 καὶ

140 1980 412 2073 δυσθεράπευτος
429 1987 497 2052 τῶν
515 1984 569 2051 ἐπὶ
586 1989 646 2071 γῆς
664 1980 821 2053 ἁπάντων
839 1980 1031 2072 κατεκράτει
1048 1981 1110 2054 νό-

138 2105 211 2170 σος,
243 2081 356 2152 ἀλλων
386 2079 493 2166 άλλως
523 2090 591 2154 τοῦν
623 2087 737 2155 ε’θνιῦν
759 2082 825 2154 ῦπό
848 2090 917 2155 τῦν
949 2092 1109 2173 πονηρῶν

138 2182 338 2273 πνευμάτων
359 2186 640 2274 ἐξοιστρουμίνων
658 2187 713 2254 καί
731 2193 778 2267 είς
798 2183 981 2274 ἀνήκεστον
994 2182 1108 2274 βυθόν
1122 2216 1149 2257 το

137 2293 253 2367 κακίας
280 2281 544 2358 ἀποπιπτόντων.
589 2291 619 2358 2.
639 2283 704 2375 ἤδη
730 2293 814 2375 γοῦν
838 2283 1028 2376 οόμοφάγων
1051 2290 1108 2358 καὶ

137 2384 412 2478 ἀνθρωποβόρων
425 2394 558 2479 θηρίων
571 2386 696 2476 τρόπον
709 2386 935 2478 σάρκαςτινὲς
948 2394 1015 2458 τῦν
1029 2398 1108 2477 φιλ-

111 2533 122 2560 c
138 2487 244 2560 τάτων
260 2496 443 2561 θοινᾶσθαι
456 2487 559 2560 καλόν
573 2487 725 2577 ἡγοῦντο,
740 2491 796 2559 καὶ
808 2487 971 2579 μητράσιν
981 2485 1109 2579 ἀνέδην

137 2593 192 2659 καὶ
217 2589 378 2678 ἀδελφαῖς
402 2594 458 2659 καὶ
481 2587 670 2679 θυγατράσι
694 2597 897 2679 μίγνυσθαι,
922 2589 1047 2682 ἀγχόνη
1070 2619 1116 2663 τε-

137 2690 352 2778 περιβάλλειν
369 2683 447 2771 τοῦς
464 2689 688 2779 γεγηρακότας
713 2695 768 2761 καὶ
792 2695 870 2762 κυσὶ
893 2693 949 2761 καὶ
972 2699 1106 2774 οίωνοῖς
1120 2719 1148 2761 τι

137 2788 215 2870 τοῦς
233 2788 382 2879 νεκροάς.
425 2797 454 2860 3.
474 2799 509 2861 τί
525 2789 567 2879 δή
586 2814 638 2862 σοι
655 2800 952 2882 μυημονευσαίμην
978 2789 1022 2860 ἀν
1038 2799 1108 2865 των

138 2897 246 2978 δῆθεν
264 2897 373 2980 θεων,
398 2889 509 2963 αὐτῶν
534 2890 575 2981 δὴ
598 2900 667 2963 τῦν
683 2892 825 2982 φαύλων
844 2892 1031 2984 δαιμόνων,
1048 2893 1109 2975 τὰς

137 2987 227 3081 ιάμάς
254 2996 309 3063 καὶ
335 2992 493 3078 ἐκτόπονς
516 2991 820 3085 ἀνθρωποθυσίας,
852 3002 899 3079 είς
923 2992 962 3076 ἀς
984 2992 1021 3064 τό
1045 2993 1106 3062 ἀν-

137 3093 308 3184 θρώπειον
325 3097 421 3184 γένος
439 3098 618 3185 ἐξίμηναυ;
635 3100 665 3167 4.
685 3099 741 3167 καὶ
759 3104 863 3168 ταῦτα
881 3102 965 3186 γοῦν
984 3097 1019 3163 ἐν
1035 3109 1106 3174 τοῖς

137 3199 399 3286 προηγουμένοις
416 3201 473 3285 τῆς
490 3193 572 3287 μετά
596 3213 708 3288 χεῖρας
725 3196 921 3282 ὑποθέσεως
937 3220 1107 3287 προπαρε-
1120 3225 1149 3267 οι

137 3341 338 3353 ᾖ.-

205 3427 220 3475 ο
239 3426 286 3482 Es.
301 3429 341 3493 14,
357 3430 397 3476 ει.
