2326 3818
148 121 190 185 80
553 122 705 174 EUSEBII

150 265 381 344 κατοικοῦντες
400 264 437 331 ἐν
453 259 545 354 χῶρηι
563 263 618 330 καὶ
637 264 715 353 σκιῆ
726 258 890 349 θανάτου,
909 267 980 351 φῶς
993 260 1116 350 λοίμυει

152 361 204 451 ἐφ’
226 358 349 451 ῦμοὶς.”

443 513 500 586 ια’.
533 511 613 586 Ἀπὸ
631 517 692 583 τοῦ
709 510 821 585 αὐτοῦ.

373 645 433 711 Τῆς
445 645 502 697 τῶν
513 637 610 696 ἐθνῶν
622 639 746 711 κλήσεως
759 638 889 711 δήλωσις.

227 774 278 838 24.
301 765 508 839 “Ἀκοῦσατέ
528 795 592 857 μου
617 770 714 855 νῆσοι
721 821 730 856 ,
750 769 806 836 καὶ
824 770 1003 858 προσέχετε
1022 775 1144 856 ἔθνηο

154 870 208 940 διῶ
228 868 350 960 χρόνου
369 873 494 938 πολλοῦ
513 867 678 956 στήσεται,
698 871 786 956 λέγει
805 865 955 956 κῦριος.”
975 867 1025 952 οἷς
1045 874 1118 958 ἑξῆς

151 971 237 1061 ὁμοῦ
253 973 330 1059 περί
348 976 416 1040 τῶν
434 973 547 1040 ἐθνῶν
567 973 622 1040 καί
640 972 716 1059 περὶ
734 975 793 1040 τοῦ
811 974 958 1058 Χριστοῦ
976 974 1119 1060 ἐπιλέγει

127 1070 248 1143 ι”ίδοῦ
273 1068 405 1141 δέδωκά
429 1094 467 1141 σε
487 1078 534 1153 είς
553 1070 723 1160 διαθήκην
740 1075 875 1161 γένους,
902 1081 950 1155 είς
973 1078 1044 1161 φῶς
1064 1078 1119 1142 έθ-

152 1177 223 1244 νῶν
241 1181 300 1242 τοῦ
319 1173 409 1243 εἷναί
424 1194 462 1242 σε
481 1180 528 1254 είς
542 1182 709 1262 σωτηρίαν
723 1177 783 1254 ἕως
798 1172 937 1264 ἐσχάτου
955 1181 1012 1261 τῆς
1030 1172 1118 1262 γῆς.”

229 1279 279 1346 25.
301 1282 420 1362 Μυρία
440 1272 470 1344 δ’
499 1269 542 1345 ῦυ
560 1272 670 1365 εὕροις
688 1279 744 1344 καὶ
763 1273 861 1358 αῦτός
880 1274 925 1347 δι’
947 1274 1036 1347 ὅλων
1052 1278 1120 1344 τῶν
1135 1303 1159 1343 ιο

75 1446 85 1452 ,
154 1381 336 1466 προφητῶν
354 1378 608 1466 κατεσπαρμένοι
626 1382 663 1448 ἐν
682 1381 892 1466 ἐπαγγελίαις
910 1383 978 1448 τῶν
997 1380 1121 1465 ἐθνῶν,

154 1476 238 1568 ἅπερ
263 1481 318 1549 ἐπὶ
340 1479 402 1547 τοῦ
423 1476 587 1568 παρόντος
611 1477 688 1550 οῦτε
711 1476 887 1568 ῦναλέγειυ
915 1478 992 1551 οῦτε
1020 1482 1122 1569 ἑρμη-

154 1580 267 1650 νεύειν
291 1580 423 1669 καιρός,
448 1579 537 1669 πλῆυ
562 1579 660 1652 ἱκανοὶ
684 1581 841 1672 τυγχάνει
865 1584 922 1653 καὶ
945 1580 985 1652 τόι
1003 1609 1123 1669 προτε-

155 1686 260 1753 θέντα
278 1685 488 1772 παραστῆσαι
510 1681 547 1754 τό
566 1692 796 1774 προκείμενον.
837 1689 888 1753 26.
908 1687 1006 1753 τοῦτο
1026 1681 1057 1751 δ’
1080 1674 1122 1771 ῆν

155 1801 223 1863 τοῖς
242 1788 278 1853 ἐκ
302 1790 479 1874 περιτομῆς
502 1789 585 1874 μέγα
610 1784 663 1875 ἐφ’
685 1788 816 1865 ἑαυτοῖς
834 1781 974 1871 αῦχοῦσι
992 1785 1047 1851 καί
1067 1806 1122 1852 σε·
1138 1807 1161 1850 ιε

155 1887 386 1974 μνυνομέυοις,
407 1885 450 1970 ῶς
463 1890 524 1957 τοῦ
532 1891 617 1957 θεοῦ
630 1884 754 1975 μόνους
773 1882 894 1964 αὐτοῦς
911 1890 979 1952 τῶν
998 1887 1125 1954 λοιπῶν

158 1981 269 2056 ἐθνῶν
288 1986 550 2077 προτιμήσαντος
568 1990 623 2056 καὶ
641 1985 765 2075 μόνους
780 1991 847 2054 τῶν
861 1992 968 2055 θείων
987 1986 1125 2073 ἐπαγγε-

129 2112 143 2152 d
158 2091 239 2158 λιῶν
253 2086 501 2177 κατηξιωκότος,
520 2092 680 2170 ἐπιδείξαι
695 2085 739 2168 ῶς
754 2083 855 2156 οῦδὲν
868 2101 1017 2176 κρεῖττον
1035 2086 1125 2177 παρῆ

158 2188 234 2269 τοὺς
260 2186 395 2269 λοιποῦς
418 2185 566 2270 ἅπαντας
597 2195 691 2270 ίδίως
720 2184 834 2268 αὐτοῖς
858 2192 894 2257 έν
918 2205 989 2270 ταῖς
1014 2197 1125 2270 θείαις

159 2288 357 2379 ἐπήγγελται
373 2286 605 2380 ὑποσχέσεσιν.
641 2286 697 2361 ὅτε
714 2296 830 2360 τοίνυν
854 2285 1039 2378 ἀπεδείχθη
1056 2295 1126 2360 τῶν
1138 2314 1161 2354 20

158 2400 266 2464 θείων
284 2398 491 2482 ἐπαγγελιῶν
513 2390 554 2461 τῦ
578 2398 663 2481 έθυη
686 2394 929 2481 κατηξιωμένα,
955 2396 1037 2481 φέρε
1055 2400 1125 2461 λοι-

159 2492 223 2567 πόν
241 2493 307 2584 ήδη
325 2497 380 2565 καὶ
398 2493 435 2563 τὸ
455 2491 499 2562 δι’
521 2483 563 2562 οῦ
580 2493 619 2562 τῦ
638 2503 722 2583 ἔθνη
738 2497 794 2581 τῆς
808 2499 867 2563 τοῦ
880 2496 966 2564 θεοῦ
979 2490 1126 2583 κλήσεως

160 2600 215 2665 καὶ
238 2601 305 2665 τῶν
328 2603 435 2665 θείων
459 2598 666 2683 ἐπαγγελιῶν
688 2592 868 2678 τεῦξεσθαι
892 2600 1022 2683 λέγεται
1047 2606 1125 2665 θεα·

160 2695 314 2786 σῶμεθα·
341 2694 446 2766 καλόν
458 2694 587 2786 γὰρκαὶ
602 2696 665 2785 τῆν
679 2705 790 2766 αίτίαυ
809 2703 961 2767 συνιδεῖν
978 2692 1040 2784 τῆν
1057 2711 1128 2778 τοῖς

161 2806 276 2867 ἔθνεσι
294 2794 334 2866 τοὶ
351 2795 464 2886 ἀγαθὰ
482 2797 698 2888 προξενήσειν
722 2801 916 2888 λεγομένην.
953 2803 1005 2868 27.
1025 2804 1074 2879 τίς
1094 2795 1124 2866 δ’
1141 2818 1161 2859 2!

161 2892 205 2969 ῶν
223 2909 274 2988 είη
292 2894 415 2988 αῦτηῆ
438 2904 496 2970 τοῦ
514 2908 661 2991 Χριστοῦ
680 2907 864 2990 παρουσία,
890 2897 935 2968 δι’
957 2890 998 2968 οῦ
1023 2901 1079 2968 καὶ
1098 2903 1134 2968 οί

163 3003 199 3069 ἐκ
213 3004 391 3090 περιτομῆς
403 2999 466 3089 τῆν
478 3005 608 3073 ἑαυτῶν
621 2999 821 3093 ὁμολογοῦσι
831 2998 1037 3089 γενήσεσθαι
1045 2997 1131 3070 ιἰπο-

163 3100 346 3191 λῦτρωσιν;
373 3105 520 3174 δεικτέον
537 3113 654 3176 τοίνυν
672 3099 717 3186 ῶς
740 3106 795 3174 καί
818 3099 838 3192 ή
856 3107 914 3192 τῆς
932 3104 1000 3172 τῶν
1019 3104 1132 3173 έθυῶν

108 3226 147 3278 λυ]
162 3202 310 3292 κλήσεως
328 3210 512 3293 προσδοκία
530 3203 606 3276 οὐδ’
633 3209 728 3296 ἑτέρα
752 3234 801 3288 τις
824 3203 977 3294 ὑπῆρχεν
993 3198 1013 3293 ῆ
1032 3200 1132 3284 αῦτός

233 3442 248 3488 5
268 3441 312 3490 Es.
325 3442 365 3502 49,
383 3443 395 3489 l
411 3445 439 3490 et
452 3442 476 3490 6.
