2326 3818
330 131 516 185 υυιιοκευ.
534 131 666 182 Ενιιια.
685 132 719 182 Χ.
739 136 762 183 ι.
964 131 1026 195 637

58 276 114 345 καὶ
140 277 177 343 ἐν
200 274 339 364 εἰκοστῷ
361 269 481 365 πρύτρι
503 275 649 363 Ψαλμςό,
674 275 712 340 ἐν
735 261 762 362 ᾦ
785 269 887 341 πάλιν
914 276 951 342 ἐκ
967 276 1053 343 τούο

59 373 164 447 αὐτού
185 375 335 444 λέλεκται
353 395 450 463 προσι
459 372 534 443 ’που
548 367 844 463 “περιεκύκλωσάν
856 401 898 461 με
910 372 1028 463 μόσχοι

59 478 193 564 πολλοὶ,
219 482 337 564 ταῦροι
364 485 477 556 πίονες
505 476 680 562 περιέσχον
709 501 758 563 με.
806 470 943 562 ἤνοιξαν
974 475 1024 544 ἐπ’

60 579 116 668 ἐμὲ
134 575 170 647 τὸ
190 575 293 666 στόμα
311 571 442 665 αύτύν,
469 574 513 656 ὡς
532 579 618 646 λέον
634 569 652 644 ὁ
670 573 826 664 ἁρπάζων
844 577 899 644 καί
920 571 1029 661 ω’ρυό-

30 675 191 770 εμενος.”
230 685 278 750 17.
301 680 356 748 καὶ
375 675 477 748 πάλιν
488 675 562 748 “ὅτι
582 675 774 747 ἐκύκλωσάν
786 705 827 766 με
839 676 937 758 κύνες
950 687 1028 747 πολ-

60 783 130 868 λοὶ,
154 778 335 869 συναγωγὴ
358 782 638 868 πονηρευομένων
662 782 838 869 περιέσχον
861 776 936 868 με.”
973 781 1029 847 καὶ

60 874 300 970 αύθις·“ῥῦοαι
321 880 388 951 άπό
416 887 582 970 ῥομφαίας
600 877 662 969 τὴν
680 881 794 971 ψυχήν
810 909 894 970 μου,
920 883 975 949 καὶ
994 883 1029 949 ἐκ

60 981 168 1074 χειρός
195 981 295 1064 κυνός
319 980 381 1072 τὴν
403 991 568 1072 μονογενῆ
592 1011 666 1070 μου.
712 982 823 1054 σῶσόν
840 1013 880 1074 με
899 986 935 1052 ἐκ
953 980 1031 1052 στό-

60 1114 161 1174 ματος
188 1086 337 1171 λέοντος,
363 1087 420 1154 καὶ
447 1082 513 1153 άπὸ
539 1081 689 1173 κεράτιον
706 1083 946 1175 μονοκερύτων
970 1083 1032 1172 τὴν

23 1214 48 1254 ιο
60 1193 266 1257 ταπείνωσίν
283 1182 381 1275 μου.”
427 1190 476 1254 18.
496 1188 611 1274 σαφῶς
634 1183 698 1274 γὰρ
717 1188 754 1254 ἐν
777 1184 908 1268 τούτοις
928 1184 1033 1257 δυνά-

60 1314 133 1377 μεις
158 1285 306 1377 πονηράς
327 1284 472 1376 ταύρους
494 1287 552 1355 καί
574 1282 718 1375 μόσχους
742 1289 799 1355 καὶ
822 1288 957 1366 λέοντας
976 1290 1031 1356 καὶ

61 1388 166 1470 κύνας
191 1392 247 1459 καλ
270 1388 499 1477 μονοκίρωτας
516 1385 697 1474 ἀποκαλεῖ,
720 1394 757 1456 αἳ
777 1391 954 1475 περιέσχον
971 1388 1033 1474 μὲν

62 1485 167 1560 αύτὸν
184 1491 240 1558 καί
254 1486 529 1579 περιεκύκλωσαν
542 1485 624 1557 κατά
638 1485 696 1557 τόν
709 1491 770 1558 τού
782 1486 914 1567 πάθους
928 1484 1032 1558 αύτού

62 1589 189 1679 καιρὸν,
208 1583 249 1659 ού
265 1587 334 1677 μὴν
352 1590 407 1658 καὶ
418 1590 599 1678 ἐνεργῆσαί
613 1617 644 1658 τι
657 1585 731 1658 κατ’
748 1587 851 1659 αύτού
871 1587 1031 1676 όεὸύνην·
1046 1616 1099 1669 (ιιι)

23 1718 48 1760 ιι
61 1718 123 1759 ται.
162 1693 210 1757 19.
226 1692 283 1760 καὶ
300 1693 404 1760 ταῦτα
421 1690 494 1779 μὲν,
514 1697 545 1759 εί
560 1725 603 1764 α*
624 1692 680 1759 καί
698 1693 804 1759 ταύτα
821 1695 881 1762 τού
891 1693 1033 1777 Ψαλμού

61 1789 101 1861 τά
119 1791 203 1881 με’ρη
224 1793 278 1861 ἐπὶ
295 1789 355 1861 τὸν
372 1795 504 1882 σωτῆρα
528 1792 584 1861 καὶ
602 1789 721 1880 κύριον
747 1786 842 1880 ἡμῶν
860 1788 1031 1879 άνάγοιτο·

64 1900 96 1963 εἰ
113 1894 149 1962 δὲ
166 1889 211 1982 μὴ
231 1892 282 1965 ἐπ’
305 1891 424 1984 αὐτόν,
444 1891 520 1965 ἀλλ’
541 1891 594 1983 ἐφ’
614 1897 727 1983 ἕτερον
750 1891 941 1983 πρόσωπον,
961 1897 1033 1962 ἐπι-

63 1993 193 2084 στήσεις
212 2000 267 2066 καὶ
291 1994 390 2078 αὐτὸς
409 1992 453 2079 ὦς
470 1993 514 2068 άν
539 1998 798 2088 ἐξομαλισθέντα
816 1994 856 2066 τά
874 1992 957 2066 κατά
974 1995 1033 2068 τὸν

62 2094 174 2167 τόπον.
198 2098 286 2184 πλὴν
304 2097 389 2168 ἀλλὰ
407 2102 462 2169 καλ
480 2101 556 2187 περὶ
574 2105 632 2189 τῆς
651 2103 719 2169 τοῖν
728 2096 902 2170 Ἰουδαίων
915 2129 1034 2190 μητρο-

24 2225 51 2265 ιο
66 2196 193 2279 πόλεως
200 2251 209 2284 ,
234 2194 335 2286 αὐτῆς
354 2197 396 2286 δὴ
419 2205 476 2288 τῆς
496 2198 721 2288 Ἰερουσαλὴμ,
740 2197 936 2280 ἀκολούθως
953 2200 1035 2288 μετά

62 2298 124 2387 τὴν
142 2296 225 2383 κατά
237 2303 306 2370 τῶν
324 2297 637 2386 ἐπιβουλευσάντων
655 2297 745 2390 αύτῷ
764 2298 949 2389 πρόρρησιν
964 2305 1035 2368 ἐπι-

65 2404 153 2488 λέγει
168 2402 241 2487 ἕξὴς
252 2395 368 2470 “είδον
381 2396 524 2487 ἀνομίαν
537 2403 593 2469 καὶ
607 2396 892 2488 άντιλογίανέντῇ
904 2397 1032 2487 πόλει,”

64 2503 120 2569 καὶ
138 2499 178 2570 τά
203 2501 332 2584 τούτοις
356 2497 543 2590 άκόλουθα,
568 2496 662 2570 άκαλ
685 2498 802 2594 ὁποίας
828 2507 934 2590 ἔχεται
961 2507 1063 2570 δια-ι

64 2609 158 2683 νοίας
181 2599 221 2672 ού
239 2607 305 2674 νύν
323 2602 423 2693 σχολὴ
444 2610 644 2692 διηγεῖσθαι.

27 2897 52 2938 ιτ
342 2869 421 2940 Ἀπό
444 2879 505 2941 τού
528 2877 670 2962 Ψαλμοῦ
688 2871 753 2961 ρη’.
1049 2917 1101 2970 [295]

142 3015 188 3075 ΙΙΙ.
209 2995 269 3071 “‘0
287 3001 368 3085 θεός
385 3004 447 3093 τὴν
465 3014 597 3076 αίυεσίν
614 3034 679 3094 μου
696 3005 742 3094 μὴ
761 3007 1035 3096 παρασιωπήσχγς,
1056 3048 1066 3074 0

65 3099 116 3175 ότι
134 3102 236 3193 στόμα
255 3101 454 3194 άμαρτωλού
473 3108 529 3176 καί
542 3106 646 3196 στόμα
665 3113 780 3178 δολίου
794 3104 847 3177 ἐπ’
868 3109 923 3194 ἐμὲ
941 3105 1035 3193 ι’γνοί-

66 3219 143 3297 χθη.
181 3205 345 3295 ἐλάλησαν
369 3202 444 3276 κατ’
465 3210 547 3296 ἐμοῦ
564 3205 699 3297 γλώσσῃ
719 3213 832 3299 δολία,
852 3210 907 3276 καὶ
927 3205 1036 3294 λόγοις

136 3441 325 3507 21³s.21‚12.
430 3442 463 3490 νο
482 3440 600 3504 Ps.108‚
616 3445 638 3492 1.
