<?xml version="1.0" encoding="UTF-8"?>
<!DOCTYPE html PUBLIC "-//W3C//DTD XHTML 1.0 Transitional//EN"
    "http://www.w3.org/TR/xhtml1/DTD/xhtml1-transitional.dtd">
<html xmlns="http://www.w3.org/1999/xhtml" xml:lang="en" lang="en">
 <head>
  <title>
</title>
<meta http-equiv="Content-Type" content="text/html;charset=utf-8" />
  <meta name='ocr-system' content='tesseract 3.04.00' />
  <meta name='ocr-capabilities' content='ocr_page ocr_carea ocr_par ocr_line ocrx_word'/>
</head>
<body>
  <div class='ocr_page' id='page_1' title='image "./eusebiicaesarie01dindgoog_0025.png"; bbox 0 0 2326 3818; ppageno 0'>
   <div class='ocr_carea' id='block_1_1' title="bbox 107 74 640 136">
    <p class='ocr_par' dir='ltr' id='par_1_1' title="bbox 107 74 640 136">
     <span class='ocr_line' id='line_1_1' title="bbox 107 74 640 136; baseline -0.004 -12"><span class='ocrx_word' id='word_1_1' title='bbox 107 74 129 136; x_wconf 78' lang='lat'><em>2</em></span> <span class='ocrx_word' id='word_1_2' title='bbox 492 74 640 125; x_wconf 77' lang='grc' dir='ltr'><strong><em>εοεεοα</em></strong></span> 
     </span>
    </p>
   </div>
   <div class='ocr_carea' id='block_1_2' title="bbox 68 208 1159 1922">
    <p class='ocr_par' dir='ltr' id='par_1_2' title="bbox 68 208 1159 1922">
     <span class='ocr_line' id='line_1_2' title="bbox 109 208 1078 303; baseline -0.003 -19"><span class='ocrx_word' id='word_1_3' title='bbox 109 215 300 303; x_wconf 84' lang='grc' dir='ltr'><strong><em>βοωμένονς</em></strong></span> <span class='ocrx_word' id='word_1_4' title='bbox 325 209 414 302; x_wconf 87' lang='grc' dir='ltr'><strong><em>παρά</em></strong></span> <span class='ocrx_word' id='word_1_5' title='bbox 438 227 507 293; x_wconf 77' lang='grc' dir='ltr'><strong><em>τοῖς</em></strong></span> <span class='ocrx_word' id='word_1_6' title='bbox 525 208 685 302; x_wconf 90' lang='grc' dir='ltr'><strong><em>ἀνδράσι,</em></strong></span> <span class='ocrx_word' id='word_1_7' title='bbox 711 213 840 282; x_wconf 88' lang='grc' dir='ltr'><strong><em>Μωσέα</em></strong></span> <span class='ocrx_word' id='word_1_8' title='bbox 859 209 900 300; x_wconf 87' lang='grc' dir='ltr'><strong><em>δή</em></strong></span> <span class='ocrx_word' id='word_1_9' title='bbox 919 213 1004 300; x_wconf 91' lang='grc' dir='ltr'><strong><em>λέγω</em></strong></span> <span class='ocrx_word' id='word_1_10' title='bbox 1023 213 1078 281; x_wconf 85' lang='grc' dir='ltr'><strong><em>καί</em></strong></span> 
     </span>
     <span class='ocr_line' id='line_1_3' title="bbox 109 311 1078 404; baseline -0.001 -20"><span class='ocrx_word' id='word_1_11' title='bbox 109 312 186 399; x_wconf 84' lang='grc' dir='ltr'><strong><em>τοδς</em></strong></span> <span class='ocrx_word' id='word_1_12' title='bbox 210 312 280 403; x_wconf 89' lang='grc' dir='ltr'><strong><em>μετ’</em></strong></span> <span class='ocrx_word' id='word_1_13' title='bbox 310 312 413 385; x_wconf 80' lang='grc' dir='ltr'><strong><em>αὐτὸν</em></strong></span> <span class='ocrx_word' id='word_1_14' title='bbox 437 311 669 402; x_wconf 84' lang='grc' dir='ltr'><strong><em>ἐκλάμψαντας</em></strong></span> <span class='ocrx_word' id='word_1_15' title='bbox 692 325 892 404; x_wconf 79' lang='grc' dir='ltr'><strong><em>θεοπρετελς</em></strong></span> <span class='ocrx_word' id='word_1_16' title='bbox 921 315 977 382; x_wconf 81' lang='grc' dir='ltr'><strong><em>καὶ</em></strong></span> <span class='ocrx_word' id='word_1_17' title='bbox 1000 311 1078 393; x_wconf 82' lang='grc' dir='ltr'><strong><em>τούς</em></strong></span> 
     </span>
     <span class='ocr_line' id='line_1_4' title="bbox 109 411 1078 506; baseline 0 -22"><span class='ocrx_word' id='word_1_18' title='bbox 109 421 292 505; x_wconf 79' lang='grc' dir='ltr'><strong><em>μακαρίους</em></strong></span> <span class='ocrx_word' id='word_1_19' title='bbox 325 413 498 506; x_wconf 78' lang='grc' dir='ltr'><strong><em>προφήτας</em></strong></span> <span class='ocrx_word' id='word_1_20' title='bbox 523 444 559 485; x_wconf 91' lang='grc' dir='ltr'><strong><em>τε</em></strong></span> <span class='ocrx_word' id='word_1_21' title='bbox 589 418 645 484; x_wconf 81' lang='grc' dir='ltr'><strong><em>καὶ</em></strong></span> <span class='ocrx_word' id='word_1_22' title='bbox 675 413 889 504; x_wconf 73' lang='grc' dir='ltr'><strong><em>ἱεροφάντας,</em></strong></span> <span class='ocrx_word' id='word_1_23' title='bbox 914 411 1078 503; x_wconf 89' lang='grc' dir='ltr'><strong><em>μάρτυσιν</em></strong></span> 
     </span>
     <span class='ocr_line' id='line_1_5' title="bbox 109 514 1077 607; baseline -0.002 -21"><span class='ocrx_word' id='word_1_24' title='bbox 109 514 355 607; x_wconf 75' lang='grc' dir='ltr'><strong><em>ἀποχρώμενοι,</em></strong></span> <span class='ocrx_word' id='word_1_25' title='bbox 376 519 408 600; x_wconf 84' lang='grc' dir='ltr'><strong><em>ἐξ</em></strong></span> <span class='ocrx_word' id='word_1_26' title='bbox 426 514 538 587; x_wconf 84' lang='grc' dir='ltr'><strong><em>αὐτῶν</em></strong></span> <span class='ocrx_word' id='word_1_27' title='bbox 556 515 585 585; x_wconf 90' lang='grc' dir='ltr'><strong><em>τ’</em></strong></span> <span class='ocrx_word' id='word_1_28' title='bbox 609 514 837 586; x_wconf 75' lang='grc' dir='ltr'><strong><em>ἐπιδεικνύναι</em></strong></span> <span class='ocrx_word' id='word_1_29' title='bbox 852 518 1077 606; x_wconf 71' lang='grc' dir='ltr'><strong><em>προῃρημένοι</em></strong></span> 
     </span>
     <span class='ocr_line' id='line_1_6' title="bbox 108 614 1104 708; baseline -0.007 -19"><span class='ocrx_word' id='word_1_30' title='bbox 108 616 149 689; x_wconf 86' lang='grc' dir='ltr'><strong><em>τδι</em></strong></span> <span class='ocrx_word' id='word_1_31' title='bbox 166 636 304 708; x_wconf 78' lang='grc' dir='ltr'><strong><em>μακροῖς</em></strong></span> <span class='ocrx_word' id='word_1_32' title='bbox 321 615 463 708; x_wconf 79' lang='grc' dir='ltr'><strong><em>ὕστερον</em></strong></span> <span class='ocrx_word' id='word_1_33' title='bbox 481 620 600 687; x_wconf 88' lang='grc' dir='ltr'><strong><em>αίῶσιν</em></strong></span> <span class='ocrx_word' id='word_1_34' title='bbox 619 623 665 698; x_wconf 88' lang='grc' dir='ltr'><strong><em>είς</em></strong></span> <span class='ocrx_word' id='word_1_35' title='bbox 684 619 755 703; x_wconf 86' lang='grc' dir='ltr'><strong><em>φῶς</em></strong></span> <span class='ocrx_word' id='word_1_36' title='bbox 776 614 929 704; x_wconf 75' lang='grc' dir='ltr'><strong><em>ἐλθόντα,</em></strong></span> <span class='ocrx_word' id='word_1_37' title='bbox 949 619 1004 686; x_wconf 83' lang='grc' dir='ltr'><strong><em>καὶ</em></strong></span> <span class='ocrx_word' id='word_1_38' title='bbox 1023 614 1104 687; x_wconf 76' lang='grc' dir='ltr'><strong><em>διάε</em></strong></span> 
     </span>
     <span class='ocr_line' id='line_1_7' title="bbox 108 714 1077 808; baseline -0.004 -18"><span class='ocrx_word' id='word_1_39' title='bbox 108 726 166 808; x_wconf 80' lang='grc' dir='ltr'><strong><em>τῆς</em></strong></span> <span class='ocrx_word' id='word_1_40' title='bbox 184 723 246 791; x_wconf 83' lang='grc' dir='ltr'><strong><em>τοῶ</em></strong></span> <span class='ocrx_word' id='word_1_41' title='bbox 261 723 408 807; x_wconf 81' lang='grc' dir='ltr'><strong><em>σωτῆρος</em></strong></span> <span class='ocrx_word' id='word_1_42' title='bbox 422 715 636 807; x_wconf 78' lang='grc' dir='ltr'><strong><em>εὐαγγελικῆς</em></strong></span> <span class='ocrx_word' id='word_1_43' title='bbox 651 714 851 800; x_wconf 84' lang='grc' dir='ltr'><strong><em>ἀποδείξεως</em></strong></span> <span class='ocrx_word' id='word_1_44' title='bbox 869 745 1077 808; x_wconf 88' lang='grc' dir='ltr'><strong><em>πραγματευ-</em></strong></span> 
     </span>
     <span class='ocr_line' id='line_1_8' title="bbox 109 816 1077 909; baseline -0.005 -16"><span class='ocrx_word' id='word_1_45' title='bbox 109 824 225 908; x_wconf 86' lang='grc' dir='ltr'><strong><em>θέντα,</em></strong></span> <span class='ocrx_word' id='word_1_46' title='bbox 243 818 283 891; x_wconf 91' lang='grc' dir='ltr'><strong><em>τά</em></strong></span> <span class='ocrx_word' id='word_1_47' title='bbox 297 847 332 889; x_wconf 93' lang='grc' dir='ltr'><strong><em>τε</em></strong></span> <span class='ocrx_word' id='word_1_48' title='bbox 342 817 423 890; x_wconf 87' lang='grc' dir='ltr'><strong><em>καθ’</em></strong></span> <span class='ocrx_word' id='word_1_49' title='bbox 444 817 529 909; x_wconf 88' lang='grc' dir='ltr'><strong><em>ήμάς</em></strong></span> <span class='ocrx_word' id='word_1_50' title='bbox 543 817 664 901; x_wconf 80' lang='grc' dir='ltr'><strong><em>αὐτοὺς</em></strong></span> <span class='ocrx_word' id='word_1_51' title='bbox 679 821 779 890; x_wconf 78' lang='grc' dir='ltr'><strong><em>εἰσέτι</em></strong></span> <span class='ocrx_word' id='word_1_52' title='bbox 792 823 858 889; x_wconf 85' lang='grc' dir='ltr'><strong><em>νῦν</em></strong></span> <span class='ocrx_word' id='word_1_53' title='bbox 871 817 935 909; x_wconf 87' lang='grc' dir='ltr'><strong><em>πρὸ</em></strong></span> <span class='ocrx_word' id='word_1_54' title='bbox 949 816 1077 906; x_wconf 86' lang='grc' dir='ltr'><strong><em>ὀφθαλ-</em></strong></span> 
     </span>
     <span class='ocr_line' id='line_1_9' title="bbox 111 917 1077 1014; baseline -0.003 -22"><span class='ocrx_word' id='word_1_55' title='bbox 111 926 184 1012; x_wconf 90' lang='grc' dir='ltr'><strong><em>μῶν</em></strong></span> <span class='ocrx_word' id='word_1_56' title='bbox 203 919 450 1009; x_wconf 79' lang='grc' dir='ltr'><strong><em>συντελούμενα</em></strong></span> <span class='ocrx_word' id='word_1_57' title='bbox 468 927 553 1014; x_wconf 83' lang='grc' dir='ltr'><strong><em>θείφ</em></strong></span> <span class='ocrx_word' id='word_1_58' title='bbox 571 919 735 1010; x_wconf 82' lang='grc' dir='ltr'><strong><em>πνεύματι</em></strong></span> <span class='ocrx_word' id='word_1_59' title='bbox 753 917 1013 1010; x_wconf 83' lang='grc' dir='ltr'><strong><em>προειληφότας,</em></strong></span> <span class='ocrx_word' id='word_1_60' title='bbox 1033 917 1077 1001; x_wconf 85' lang='grc' dir='ltr'><strong><em>ῶς</em></strong></span> 
     </span>
     <span class='ocr_line' id='line_1_10' title="bbox 110 1019 1077 1112; baseline -0.002 -20"><span class='ocrx_word' id='word_1_61' title='bbox 110 1020 152 1093; x_wconf 86' lang='grc' dir='ltr'><strong><em>ἀν</em></strong></span> <span class='ocrx_word' id='word_1_62' title='bbox 171 1021 319 1110; x_wconf 90' lang='grc' dir='ltr'><strong><em>παρόντα</em></strong></span> <span class='ocrx_word' id='word_1_63' title='bbox 337 1019 377 1091; x_wconf 90' lang='grc' dir='ltr'><strong><em>τά</em></strong></span> <span class='ocrx_word' id='word_1_64' title='bbox 395 1021 439 1112; x_wconf 89' lang='grc' dir='ltr'><strong><em>μή</em></strong></span> <span class='ocrx_word' id='word_1_65' title='bbox 454 1020 603 1112; x_wconf 89' lang='grc' dir='ltr'><strong><em>παρόντα</em></strong></span> <span class='ocrx_word' id='word_1_66' title='bbox 627 1024 683 1092; x_wconf 82' lang='grc' dir='ltr'><strong><em>καὶ</em></strong></span> <span class='ocrx_word' id='word_1_67' title='bbox 702 1021 741 1092; x_wconf 88' lang='grc' dir='ltr'><strong><em>τά</em></strong></span> <span class='ocrx_word' id='word_1_68' title='bbox 765 1024 903 1111; x_wconf 84' lang='grc' dir='ltr'><strong><em>μηδέπω</em></strong></span> <span class='ocrx_word' id='word_1_69' title='bbox 917 1023 1077 1112; x_wconf 88' lang='grc' dir='ltr'><strong><em>μηδαμῶς</em></strong></span> 
     </span>
     <span class='ocr_line' id='line_1_11' title="bbox 109 1118 1117 1213; baseline -0.001 -19"><span class='ocrx_word' id='word_1_70' title='bbox 109 1121 189 1194; x_wconf 85' lang='grc' dir='ltr'><strong><em>όντα</em></strong></span> <span class='ocrx_word' id='word_1_71' title='bbox 208 1118 252 1205; x_wconf 86' lang='grc' dir='ltr'><strong><em>ῶς</em></strong></span> <span class='ocrx_word' id='word_1_72' title='bbox 271 1127 417 1213; x_wconf 79' lang='grc' dir='ltr'><strong><em>ἐναργῶς</em></strong></span> <span class='ocrx_word' id='word_1_73' title='bbox 435 1121 515 1194; x_wconf 89' lang='grc' dir='ltr'><strong><em>όντα</em></strong></span> <span class='ocrx_word' id='word_1_74' title='bbox 533 1121 820 1212; x_wconf 88' lang='grc' dir='ltr'><strong><em>κατωπτευκότας,</em></strong></span> <span class='ocrx_word' id='word_1_75' title='bbox 845 1126 899 1193; x_wconf 83' lang='grc' dir='ltr'><strong><em>καὶ</em></strong></span> <span class='ocrx_word' id='word_1_76' title='bbox 922 1119 963 1193; x_wconf 86' lang='grc' dir='ltr'><strong><em>οό</em></strong></span> <span class='ocrx_word' id='word_1_77' title='bbox 981 1127 1077 1193; x_wconf 83' lang='grc' dir='ltr'><strong><em>τοῦτο</em></strong></span> <span class='ocrx_word' id='word_1_78' title='bbox 1092 1148 1117 1187; x_wconf 87' lang='lat'><strong><em>10</em></strong></span> 
     </span>
     <span class='ocr_line' id='line_1_12' title="bbox 110 1221 1078 1316; baseline 0 -21"><span class='ocrx_word' id='word_1_79' title='bbox 110 1223 231 1315; x_wconf 91' lang='grc' dir='ltr'><strong><em>μόνον,</em></strong></span> <span class='ocrx_word' id='word_1_80' title='bbox 251 1221 334 1294; x_wconf 89' lang='grc' dir='ltr'><strong><em>ἀλλά</em></strong></span> <span class='ocrx_word' id='word_1_81' title='bbox 352 1229 407 1296; x_wconf 82' lang='grc' dir='ltr'><strong><em>καὶ</em></strong></span> <span class='ocrx_word' id='word_1_82' title='bbox 425 1243 493 1307; x_wconf 80' lang='grc' dir='ltr'><strong><em>τοῖς</em></strong></span> <span class='ocrx_word' id='word_1_83' title='bbox 511 1228 684 1316; x_wconf 83' lang='grc' dir='ltr'><strong><em>μετέπειτα</em></strong></span> <span class='ocrx_word' id='word_1_84' title='bbox 707 1222 763 1296; x_wconf 89' lang='grc' dir='ltr'><strong><em>διά</em></strong></span> <span class='ocrx_word' id='word_1_85' title='bbox 789 1230 919 1316; x_wconf 80' lang='grc' dir='ltr'><strong><em>γραφῆς</em></strong></span> <span class='ocrx_word' id='word_1_86' title='bbox 941 1223 981 1295; x_wconf 89' lang='grc' dir='ltr'><strong><em>τά</em></strong></span> <span class='ocrx_word' id='word_1_87' title='bbox 1000 1227 1078 1314; x_wconf 90' lang='grc' dir='ltr'><strong><em>με’λ-</em></strong></span> 
     </span>
     <span class='ocr_line' id='line_1_13' title="bbox 112 1323 1078 1418; baseline 0.001 -23"><span class='ocrx_word' id='word_1_88' title='bbox 112 1326 211 1396; x_wconf 85' lang='grc' dir='ltr'><strong><em>λοντά</em></strong></span> <span class='ocrx_word' id='word_1_89' title='bbox 235 1354 314 1397; x_wconf 89' lang='grc' dir='ltr'><strong><em>ποτε</em></strong></span> <span class='ocrx_word' id='word_1_90' title='bbox 338 1335 475 1398; x_wconf 83' lang='grc' dir='ltr'><strong><em>ἔσεσθαι</em></strong></span> <span class='ocrx_word' id='word_1_91' title='bbox 500 1325 813 1418; x_wconf 88' lang='grc' dir='ltr'><strong><em>προμεμηνυκότας,</em></strong></span> <span class='ocrx_word' id='word_1_92' title='bbox 839 1323 922 1397; x_wconf 88' lang='grc' dir='ltr'><strong><em>ῶστε</em></strong></span> <span class='ocrx_word' id='word_1_93' title='bbox 939 1323 1004 1415; x_wconf 91' lang='grc' dir='ltr'><strong><em>ήδη</em></strong></span> <span class='ocrx_word' id='word_1_94' title='bbox 1022 1328 1078 1396; x_wconf 83' lang='grc' dir='ltr'><strong><em>καὶ</em></strong></span> 
     </span>
     <span class='ocr_line' id='line_1_14' title="bbox 110 1427 1078 1518; baseline -0.001 -19"><span class='ocrx_word' id='word_1_95' title='bbox 110 1431 241 1518; x_wconf 82' lang='grc' dir='ltr'><strong><em>ἑτέρους</em></strong></span> <span class='ocrx_word' id='word_1_96' title='bbox 261 1433 293 1513; x_wconf 81' lang='grc' dir='ltr'><strong><em>ἐξ</em></strong></span> <span class='ocrx_word' id='word_1_97' title='bbox 312 1427 425 1501; x_wconf 85' lang='grc' dir='ltr'><strong><em>αὐτῶν</em></strong></span> <span class='ocrx_word' id='word_1_98' title='bbox 443 1432 569 1501; x_wconf 84' lang='grc' dir='ltr'><strong><em>είδέναι</em></strong></span> <span class='ocrx_word' id='word_1_99' title='bbox 586 1458 622 1501; x_wconf 94' lang='grc' dir='ltr'><strong><em>τε</em></strong></span> <span class='ocrx_word' id='word_1_100' title='bbox 643 1431 695 1500; x_wconf 81' lang='grc' dir='ltr'><strong><em>καὶ</em></strong></span> <span class='ocrx_word' id='word_1_101' title='bbox 711 1435 884 1518; x_wconf 74' lang='grc' dir='ltr'><strong><em>γνωρίζειν</em></strong></span> <span class='ocrx_word' id='word_1_102' title='bbox 901 1430 937 1498; x_wconf 85' lang='grc' dir='ltr'><strong><em>τό</em></strong></span> <span class='ocrx_word' id='word_1_103' title='bbox 955 1431 1078 1518; x_wconf 88' lang='grc' dir='ltr'><strong><em>με’λλον</em></strong></span> 
     </span>
     <span class='ocr_line' id='line_1_15' title="bbox 68 1527 1077 1620; baseline -0.001 -21"><span class='ocrx_word' id='word_1_104' title='bbox 68 1551 97 1601; x_wconf 75' lang='grc'><strong><em>(3)</em></strong></span> <span class='ocrx_word' id='word_1_105' title='bbox 115 1529 301 1618; x_wconf 82' lang='grc' dir='ltr'><strong><em>δύνασθαι,</em></strong></span> <span class='ocrx_word' id='word_1_106' title='bbox 334 1529 493 1620; x_wconf 82' lang='grc' dir='ltr'><strong><em>ὁσημέραι</em></strong></span> <span class='ocrx_word' id='word_1_107' title='bbox 518 1559 554 1600; x_wconf 92' lang='grc' dir='ltr'><strong><em>τε</em></strong></span> <span class='ocrx_word' id='word_1_108' title='bbox 578 1538 770 1619; x_wconf 86' lang='grc' dir='ltr'><strong><em>προσδοκᾶν</em></strong></span> <span class='ocrx_word' id='word_1_109' title='bbox 800 1534 868 1600; x_wconf 89' lang='grc' dir='ltr'><strong><em>τῶν</em></strong></span> <span class='ocrx_word' id='word_1_110' title='bbox 892 1539 1015 1619; x_wconf 82' lang='grc' dir='ltr'><strong><em>λογίων</em></strong></span> <span class='ocrx_word' id='word_1_111' title='bbox 1037 1527 1077 1600; x_wconf 88' lang='grc' dir='ltr'><strong><em>τά</em></strong></span> 
     </span>
     <span class='ocr_line' id='line_1_16' title="bbox 110 1627 1115 1720; baseline 0 -20"><span class='ocrx_word' id='word_1_112' title='bbox 110 1629 367 1720; x_wconf 81' lang='grc' dir='ltr'><strong><em>ἀποτελέσματα,</em></strong></span> <span class='ocrx_word' id='word_1_113' title='bbox 404 1637 433 1701; x_wconf 85' lang='lat'><strong><em>3.</em></strong></span> <span class='ocrx_word' id='word_1_114' title='bbox 453 1648 533 1701; x_wconf 78' lang='grc' dir='ltr'><strong><em>ποῖα</em></strong></span> <span class='ocrx_word' id='word_1_115' title='bbox 553 1631 590 1700; x_wconf 71' lang='grc' dir='ltr'><strong><em>δὲ</em></strong></span> <span class='ocrx_word' id='word_1_116' title='bbox 609 1636 728 1715; x_wconf 83' lang='grc' dir='ltr'><strong><em>ταῦτα;</em></strong></span> <span class='ocrx_word' id='word_1_117' title='bbox 752 1639 855 1719; x_wconf 88' lang='grc' dir='ltr'><strong><em>μυρία</em></strong></span> <span class='ocrx_word' id='word_1_118' title='bbox 873 1632 934 1718; x_wconf 72' lang='grc' dir='ltr'><strong><em>μὲν</em></strong></span> <span class='ocrx_word' id='word_1_119' title='bbox 952 1627 994 1702; x_wconf 85' lang='grc' dir='ltr'><strong><em>ἀν</em></strong></span> <span class='ocrx_word' id='word_1_120' title='bbox 1012 1642 1075 1719; x_wconf 86' lang='grc' dir='ltr'><strong><em>είη,</em></strong></span> <span class='ocrx_word' id='word_1_121' title='bbox 1091 1654 1115 1693; x_wconf 81' lang='lat'><strong><em>1⁵</em></strong></span> 
     </span>
     <span class='ocr_line' id='line_1_17' title="bbox 112 1729 1159 1822; baseline 0.004 -21"><span class='ocrx_word' id='word_1_122' title='bbox 112 1735 166 1802; x_wconf 79' lang='grc' dir='ltr'><strong><em>καὶ</em></strong></span> <span class='ocrx_word' id='word_1_123' title='bbox 184 1729 268 1801; x_wconf 83' lang='grc' dir='ltr'><strong><em>ἀλλα</em></strong></span> <span class='ocrx_word' id='word_1_124' title='bbox 286 1730 426 1802; x_wconf 82' lang='grc' dir='ltr'><strong><em>παντοῖά</em></strong></span> <span class='ocrx_word' id='word_1_125' title='bbox 444 1760 480 1803; x_wconf 89' lang='grc' dir='ltr'><strong><em>τε</em></strong></span> <span class='ocrx_word' id='word_1_126' title='bbox 498 1734 552 1802; x_wconf 83' lang='grc' dir='ltr'><strong><em>καὶ</em></strong></span> <span class='ocrx_word' id='word_1_127' title='bbox 571 1734 648 1822; x_wconf 83' lang='grc' dir='ltr'><strong><em>περὶ</em></strong></span> <span class='ocrx_word' id='word_1_128' title='bbox 666 1729 814 1820; x_wconf 88' lang='grc' dir='ltr'><strong><em>πάντων,</em></strong></span> <span class='ocrx_word' id='word_1_129' title='bbox 833 1738 955 1802; x_wconf 89' lang='grc' dir='ltr'><strong><em>κοινῶν</em></strong></span> <span class='ocrx_word' id='word_1_130' title='bbox 968 1760 1003 1802; x_wconf 94' lang='grc' dir='ltr'><strong><em>τε</em></strong></span> <span class='ocrx_word' id='word_1_131' title='bbox 1021 1732 1159 1805; x_wconf 55' lang='grc' dir='ltr'><strong><em>καί-ν.</em></strong></span> 
     </span>
     <span class='ocr_line' id='line_1_18' title="bbox 110 1830 1078 1922; baseline 0 -18"><span class='ocrx_word' id='word_1_132' title='bbox 110 1837 178 1904; x_wconf 93' lang='grc' dir='ltr'><strong><em>τῶν</em></strong></span> <span class='ocrx_word' id='word_1_133' title='bbox 196 1831 259 1903; x_wconf 83' lang='grc' dir='ltr'><strong><em>ἀνά</em></strong></span> <span class='ocrx_word' id='word_1_134' title='bbox 278 1837 394 1922; x_wconf 89' lang='grc' dir='ltr'><strong><em>μέρος,</em></strong></span> <span class='ocrx_word' id='word_1_135' title='bbox 413 1831 492 1904; x_wconf 86' lang='grc' dir='ltr'><strong><em>καθ’</em></strong></span> <span class='ocrx_word' id='word_1_136' title='bbox 516 1831 654 1903; x_wconf 81' lang='grc' dir='ltr'><strong><em>ἕκαστόν</em></strong></span> <span class='ocrx_word' id='word_1_137' title='bbox 671 1861 707 1903; x_wconf 94' lang='grc' dir='ltr'><strong><em>τε</em></strong></span> <span class='ocrx_word' id='word_1_138' title='bbox 725 1830 833 1922; x_wconf 84' lang='grc' dir='ltr'><strong><em>ἀνδρα</em></strong></span> <span class='ocrx_word' id='word_1_139' title='bbox 847 1836 903 1902; x_wconf 85' lang='grc' dir='ltr'><strong><em>καὶ</em></strong></span> <span class='ocrx_word' id='word_1_140' title='bbox 916 1835 992 1922; x_wconf 86' lang='grc' dir='ltr'><strong><em>περὶ</em></strong></span> <span class='ocrx_word' id='word_1_141' title='bbox 1010 1836 1078 1904; x_wconf 90' lang='grc' dir='ltr'><strong><em>τῶν</em></strong></span> 
     </span>
    </p>
   </div>
   <div class='ocr_carea' id='block_1_3' title="bbox 111 1929 1115 2434">
    <p class='ocr_par' dir='ltr' id='par_1_3' title="bbox 111 1929 1115 2434">
     <span class='ocr_line' id='line_1_19' title="bbox 112 1929 1077 2024; baseline -0.001 -20"><span class='ocrx_word' id='word_1_142' title='bbox 112 1932 280 2020; x_wconf 87' lang='grc' dir='ltr'><strong><em>καθόλου,</em></strong></span> <span class='ocrx_word' id='word_1_143' title='bbox 308 1940 401 2014; x_wconf 78' lang='grc' dir='ltr'><strong><em>ἰδίως</em></strong></span> <span class='ocrx_word' id='word_1_144' title='bbox 424 1964 459 2006; x_wconf 87' lang='grc' dir='ltr'><strong><em>τε</em></strong></span> <span class='ocrx_word' id='word_1_145' title='bbox 484 1932 569 2022; x_wconf 83' lang='grc' dir='ltr'><strong><em>ἀμφὶ</em></strong></span> <span class='ocrx_word' id='word_1_146' title='bbox 592 1938 661 2005; x_wconf 92' lang='grc' dir='ltr'><strong><em>τῶν</em></strong></span> <span class='ocrx_word' id='word_1_147' title='bbox 678 1932 757 2005; x_wconf 85' lang='grc' dir='ltr'><strong><em>καθ’</em></strong></span> <span class='ocrx_word' id='word_1_148' title='bbox 775 1929 949 2024; x_wconf 71' lang='grc' dir='ltr'><strong><em>Ἐβραίους</em></strong></span> <span class='ocrx_word' id='word_1_149' title='bbox 974 1960 1077 2024; x_wconf 91' lang='grc' dir='ltr'><strong><em>πραγ-</em></strong></span> 
     </span>
     <span class='ocr_line' id='line_1_20' title="bbox 111 2026 1078 2126; baseline 0.002 -22"><span class='ocrx_word' id='word_1_150' title='bbox 111 2032 240 2123; x_wconf 89' lang='grc' dir='ltr'><strong><em>μάτων,</em></strong></span> <span class='ocrx_word' id='word_1_151' title='bbox 261 2038 315 2105; x_wconf 82' lang='grc' dir='ltr'><strong><em>καὶ</em></strong></span> <span class='ocrx_word' id='word_1_152' title='bbox 336 2026 377 2106; x_wconf 83' lang='grc' dir='ltr'><strong><em>αὖ</em></strong></span> <span class='ocrx_word' id='word_1_153' title='bbox 395 2034 497 2106; x_wconf 88' lang='grc' dir='ltr'><strong><em>πάλιν</em></strong></span> <span class='ocrx_word' id='word_1_154' title='bbox 521 2038 599 2126; x_wconf 83' lang='grc' dir='ltr'><strong><em>περὶ</em></strong></span> <span class='ocrx_word' id='word_1_155' title='bbox 622 2039 689 2107; x_wconf 89' lang='grc' dir='ltr'><strong><em>τῶν</em></strong></span> <span class='ocrx_word' id='word_1_156' title='bbox 713 2040 840 2119; x_wconf 79' lang='grc' dir='ltr'><strong><em>ἔξωθεν</em></strong></span> <span class='ocrx_word' id='word_1_157' title='bbox 859 2039 987 2124; x_wconf 89' lang='grc' dir='ltr'><strong><em>ἐθνῶν,</em></strong></span> <span class='ocrx_word' id='word_1_158' title='bbox 1006 2033 1078 2106; x_wconf 83' lang='grc' dir='ltr'><strong><em>οἷον</em></strong></span> 
     </span>
     <span class='ocr_line' id='line_1_21' title="bbox 113 2133 1115 2228; baseline -0.004 -23"><span class='ocrx_word' id='word_1_159' title='bbox 113 2135 154 2226; x_wconf 86' lang='grc' dir='ltr'><strong><em>δή</em></strong></span> <span class='ocrx_word' id='word_1_160' title='bbox 172 2134 301 2207; x_wconf 91' lang='grc' dir='ltr'><strong><em>πόλεων</em></strong></span> <span class='ocrx_word' id='word_1_161' title='bbox 319 2133 532 2225; x_wconf 88' lang='grc' dir='ltr'><strong><em>ἀναστάσεις,</em></strong></span> <span class='ocrx_word' id='word_1_162' title='bbox 551 2144 676 2228; x_wconf 91' lang='grc' dir='ltr'><strong><em>καιρῶν</em></strong></span> <span class='ocrx_word' id='word_1_163' title='bbox 690 2166 726 2208; x_wconf 89' lang='grc' dir='ltr'><strong><em>τε</em></strong></span> <span class='ocrx_word' id='word_1_164' title='bbox 741 2135 886 2226; x_wconf 88' lang='grc' dir='ltr'><strong><em>ἀλλαγάς</em></strong></span> <span class='ocrx_word' id='word_1_165' title='bbox 904 2141 959 2208; x_wconf 84' lang='grc' dir='ltr'><strong><em>καὶ</em></strong></span> <span class='ocrx_word' id='word_1_166' title='bbox 974 2165 1076 2226; x_wconf 89' lang='grc' dir='ltr'><strong><em>πραγ-</em></strong></span> <span class='ocrx_word' id='word_1_167' title='bbox 1090 2163 1115 2202; x_wconf 76' lang='grc' dir='ltr'><strong><em>κο</em></strong></span> 
     </span>
     <span class='ocr_line' id='line_1_22' title="bbox 111 2234 1077 2330; baseline 0.002 -22"><span class='ocrx_word' id='word_1_168' title='bbox 111 2234 224 2328; x_wconf 90' lang='grc' dir='ltr'><strong><em>μάτων</em></strong></span> <span class='ocrx_word' id='word_1_169' title='bbox 242 2237 443 2328; x_wconf 84' lang='grc' dir='ltr'><strong><em>μεταβολάς,</em></strong></span> <span class='ocrx_word' id='word_1_170' title='bbox 462 2237 652 2329; x_wconf 85' lang='grc' dir='ltr'><strong><em>μελλόντων</em></strong></span> <span class='ocrx_word' id='word_1_171' title='bbox 669 2268 705 2310; x_wconf 89' lang='grc' dir='ltr'><strong><em>τε</em></strong></span> <span class='ocrx_word' id='word_1_172' title='bbox 722 2237 863 2328; x_wconf 80' lang='grc' dir='ltr'><strong><em>ἀγαθῶν</em></strong></span> <span class='ocrx_word' id='word_1_173' title='bbox 881 2246 1077 2330; x_wconf 86' lang='grc' dir='ltr'><strong><em>παρουσίας,</em></strong></span> 
     </span>
     <span class='ocr_line' id='line_1_23' title="bbox 112 2338 1076 2434; baseline -0.001 -24"><span class='ocrx_word' id='word_1_174' title='bbox 112 2342 252 2412; x_wconf 83' lang='grc' dir='ltr'><strong><em>καὶτῶν</em></strong></span> <span class='ocrx_word' id='word_1_175' title='bbox 271 2343 432 2412; x_wconf 89' lang='grc' dir='ltr'><strong><em>ἐναντίων</em></strong></span> <span class='ocrx_word' id='word_1_176' title='bbox 451 2341 622 2432; x_wconf 82' lang='grc' dir='ltr'><strong><em>ἐπιφοράς,</em></strong></span> <span class='ocrx_word' id='word_1_177' title='bbox 641 2338 933 2434; x_wconf 78' lang='grc' dir='ltr'><strong><em>ἀνδραποδισμοὺς</em></strong></span> <span class='ocrx_word' id='word_1_178' title='bbox 953 2344 1076 2428; x_wconf 81' lang='grc' dir='ltr'><strong><em>ἐθνῶν,</em></strong></span> 
     </span>
    </p>
   </div>
   <div class='ocr_carea' id='block_1_4' title="bbox 111 2439 1117 3449">
    <p class='ocr_par' dir='ltr' id='par_1_4' title="bbox 111 2439 1117 3449">
     <span class='ocr_line' id='line_1_24' title="bbox 112 2439 1078 2533; baseline -0.003 -20"><span class='ocrx_word' id='word_1_179' title='bbox 112 2440 242 2514; x_wconf 91' lang='grc' dir='ltr'><strong><em>πόλεων</em></strong></span> <span class='ocrx_word' id='word_1_180' title='bbox 257 2451 459 2533; x_wconf 87' lang='grc' dir='ltr'><strong><em>πολιορκίας,</em></strong></span> <span class='ocrx_word' id='word_1_181' title='bbox 478 2450 545 2514; x_wconf 91' lang='grc' dir='ltr'><strong><em>τῶν</em></strong></span> <span class='ocrx_word' id='word_1_182' title='bbox 560 2442 708 2514; x_wconf 92' lang='grc' dir='ltr'><strong><em>καθόλου</em></strong></span> <span class='ocrx_word' id='word_1_183' title='bbox 723 2451 903 2531; x_wconf 85' lang='grc' dir='ltr'><strong><em>βασιλείων</em></strong></span> <span class='ocrx_word' id='word_1_184' title='bbox 917 2439 1078 2532; x_wconf 88' lang='grc' dir='ltr'><strong><em>μεταστά-</em></strong></span> 
     </span>
     <span class='ocr_line' id='line_1_25' title="bbox 112 2542 1078 2633; baseline 0.001 -21"><span class='ocrx_word' id='word_1_185' title='bbox 112 2564 181 2624; x_wconf 87' lang='grc' dir='ltr'><strong><em>σεις</em></strong></span> <span class='ocrx_word' id='word_1_186' title='bbox 199 2571 233 2612; x_wconf 89' lang='grc' dir='ltr'><strong><em>τε</em></strong></span> <span class='ocrx_word' id='word_1_187' title='bbox 252 2547 307 2613; x_wconf 83' lang='grc' dir='ltr'><strong><em>καὶ</em></strong></span> <span class='ocrx_word' id='word_1_188' title='bbox 326 2544 562 2632; x_wconf 78' lang='grc' dir='ltr'><strong><em>καταστάσεις,</em></strong></span> <span class='ocrx_word' id='word_1_189' title='bbox 595 2547 650 2614; x_wconf 79' lang='grc' dir='ltr'><strong><em>καὶ</em></strong></span> <span class='ocrx_word' id='word_1_190' title='bbox 674 2542 757 2614; x_wconf 86' lang='grc' dir='ltr'><strong><em>ἀλλα</em></strong></span> <span class='ocrx_word' id='word_1_191' title='bbox 781 2550 885 2632; x_wconf 89' lang='grc' dir='ltr'><strong><em>μυρία</em></strong></span> <span class='ocrx_word' id='word_1_192' title='bbox 909 2546 985 2633; x_wconf 84' lang='grc' dir='ltr'><strong><em>περὶ</em></strong></span> <span class='ocrx_word' id='word_1_193' title='bbox 1010 2545 1078 2613; x_wconf 89' lang='grc' dir='ltr'><strong><em>τῶν</em></strong></span> 
     </span>
     <span class='ocr_line' id='line_1_26' title="bbox 113 2642 1116 2735; baseline 0.003 -22"><span class='ocrx_word' id='word_1_194' title='bbox 113 2651 250 2715; x_wconf 82' lang='grc' dir='ltr'><strong><em>ἔσεσθαι</em></strong></span> <span class='ocrx_word' id='word_1_195' title='bbox 268 2662 405 2734; x_wconf 74' lang='grc' dir='ltr'><strong><em>μακροῖς</em></strong></span> <span class='ocrx_word' id='word_1_196' title='bbox 423 2643 565 2734; x_wconf 82' lang='grc' dir='ltr'><strong><em>ὕστερον</em></strong></span> <span class='ocrx_word' id='word_1_197' title='bbox 582 2643 712 2735; x_wconf 88' lang='grc' dir='ltr'><strong><em>χρόνοις</em></strong></span> <span class='ocrx_word' id='word_1_198' title='bbox 730 2643 920 2734; x_wconf 90' lang='grc' dir='ltr'><strong><em>μελλόντων</em></strong></span> <span class='ocrx_word' id='word_1_199' title='bbox 938 2642 1076 2732; x_wconf 88' lang='grc' dir='ltr'><strong><em>προεκή-</em></strong></span> <span class='ocrx_word' id='word_1_200' title='bbox 1090 2669 1116 2708; x_wconf 79' lang='lat'><strong><em>2⁵</em></strong></span> 
     </span>
     <span class='ocr_line' id='line_1_27' title="bbox 113 2742 1077 2837; baseline 0.001 -21"><span class='ocrx_word' id='word_1_201' title='bbox 113 2775 241 2836; x_wconf 90' lang='grc' dir='ltr'><strong><em>ρυττον.</em></strong></span> <span class='ocrx_word' id='word_1_202' title='bbox 287 2750 316 2816; x_wconf 79' lang='grc'><strong><em>4.</em></strong></span> <span class='ocrx_word' id='word_1_203' title='bbox 337 2742 412 2816; x_wconf 86' lang='grc' dir='ltr'><strong><em>ἀλλ’</em></strong></span> <span class='ocrx_word' id='word_1_204' title='bbox 440 2742 481 2816; x_wconf 84' lang='grc' dir='ltr'><strong><em>οά</em></strong></span> <span class='ocrx_word' id='word_1_205' title='bbox 505 2743 633 2817; x_wconf 81' lang='grc' dir='ltr'><strong><em>τούτων</em></strong></span> <span class='ocrx_word' id='word_1_206' title='bbox 657 2743 675 2816; x_wconf 80' lang='grc' dir='ltr'><em>ὃ</em></span> <span class='ocrx_word' id='word_1_207' title='bbox 699 2776 737 2836; x_wconf 92' lang='grc' dir='ltr'><strong><em>γε</em></strong></span> <span class='ocrx_word' id='word_1_208' title='bbox 755 2746 871 2834; x_wconf 86' lang='grc' dir='ltr'><strong><em>παρῶν</em></strong></span> <span class='ocrx_word' id='word_1_209' title='bbox 889 2745 1001 2837; x_wconf 88' lang='grc' dir='ltr'><strong><em>καιρός</em></strong></span> <span class='ocrx_word' id='word_1_210' title='bbox 1018 2745 1077 2818; x_wconf 90' lang='grc' dir='ltr'><strong><em>τδν</em></strong></span> 
     </span>
     <span class='ocr_line' id='line_1_28' title="bbox 112 2844 1076 2939; baseline 0.001 -21"><span class='ocrx_word' id='word_1_211' title='bbox 112 2856 247 2937; x_wconf 80' lang='grc' dir='ltr'><strong><em>ἔλεγχον</em></strong></span> <span class='ocrx_word' id='word_1_212' title='bbox 273 2846 357 2938; x_wconf 84' lang='grc' dir='ltr'><strong><em>ήμάς</em></strong></span> <span class='ocrx_word' id='word_1_213' title='bbox 381 2844 517 2920; x_wconf 83' lang='grc' dir='ltr'><strong><em>ἀπαιτεῖ</em></strong></span> <span class='ocrx_word' id='word_1_214' title='bbox 532 2847 828 2939; x_wconf 80' lang='grc' dir='ltr'><strong><em>παραστήσασθαι,</em></strong></span> <span class='ocrx_word' id='word_1_215' title='bbox 853 2848 892 2918; x_wconf 82' lang='grc' dir='ltr'><strong><em>τά</em></strong></span> <span class='ocrx_word' id='word_1_216' title='bbox 916 2848 1021 2920; x_wconf 89' lang='grc' dir='ltr'><strong><em>πολλά</em></strong></span> <span class='ocrx_word' id='word_1_217' title='bbox 1040 2850 1076 2920; x_wconf 81' lang='grc' dir='ltr'><strong><em>δέ</em></strong></span> 
     </span>
     <span class='ocr_line' id='line_1_29' title="bbox 112 2950 1077 3040; baseline 0 -19"><span class='ocrx_word' id='word_1_218' title='bbox 112 2957 264 3030; x_wconf 79' lang='grc' dir='ltr'><strong><em>εἰσαῦθις</em></strong></span> <span class='ocrx_word' id='word_1_219' title='bbox 287 2950 554 3040; x_wconf 81' lang='grc' dir='ltr'><strong><em>ὑπερθεμένους,</em></strong></span> <span class='ocrx_word' id='word_1_220' title='bbox 582 2953 618 3020; x_wconf 93' lang='grc' dir='ltr'><strong><em>ἐκ</em></strong></span> <span class='ocrx_word' id='word_1_221' title='bbox 641 2955 699 3040; x_wconf 86' lang='grc' dir='ltr'><strong><em>τής</em></strong></span> <span class='ocrx_word' id='word_1_222' title='bbox 722 2954 790 3022; x_wconf 91' lang='grc' dir='ltr'><strong><em>τῶν</em></strong></span> <span class='ocrx_word' id='word_1_223' title='bbox 807 2955 1077 3040; x_wconf 83' lang='grc' dir='ltr'><strong><em>παρατεθησομέ-</em></strong></span> 
     </span>
     <span class='ocr_line' id='line_1_30' title="bbox 112 3049 1078 3142; baseline 0.001 -21"><span class='ocrx_word' id='word_1_224' title='bbox 112 3081 181 3124; x_wconf 91' lang='grc' dir='ltr'><strong><em>νων</em></strong></span> <span class='ocrx_word' id='word_1_225' title='bbox 198 3049 360 3140; x_wconf 82' lang='grc' dir='ltr'><strong><em>ἀληθείας</em></strong></span> <span class='ocrx_word' id='word_1_226' title='bbox 379 3050 483 3142; x_wconf 81' lang='grc' dir='ltr'><strong><em>ήρέμα</em></strong></span> <span class='ocrx_word' id='word_1_227' title='bbox 502 3055 557 3124; x_wconf 82' lang='grc' dir='ltr'><strong><em>καὶ</em></strong></span> <span class='ocrx_word' id='word_1_228' title='bbox 581 3057 649 3124; x_wconf 92' lang='grc' dir='ltr'><strong><em>τῶν</em></strong></span> <span class='ocrx_word' id='word_1_229' title='bbox 671 3051 999 3142; x_wconf 85' lang='grc' dir='ltr'><strong><em>ἀποσεσιωπημένων</em></strong></span> <span class='ocrx_word' id='word_1_230' title='bbox 1016 3049 1078 3141; x_wconf 90' lang='grc' dir='ltr'><strong><em>τήν</em></strong></span> 
     </span>
     <span class='ocr_line' id='line_1_31' title="bbox 111 3150 1117 3239; baseline 0.003 -17"><span class='ocrx_word' id='word_1_231' title='bbox 111 3150 285 3239; x_wconf 81' lang='grc' dir='ltr'><strong><em>ἀπόδειξιν</em></strong></span> <span class='ocrx_word' id='word_1_232' title='bbox 302 3152 509 3226; x_wconf 88' lang='grc' dir='ltr'><strong><em>πιστῶσεται.</em></strong></span> <span class='ocrx_word' id='word_1_233' title='bbox 1090 3177 1117 3216; x_wconf 81' lang='lat'><strong><em>³0</em></strong></span> 
     </span>
     <span class='ocr_line' id='line_1_32' title="bbox 187 3253 1077 3348; baseline -0.006 -18"><span class='ocrx_word' id='word_1_234' title='bbox 187 3270 208 3330; x_wconf 91' lang='grc' dir='ltr'><strong><em>Ι,</em></strong></span> <span class='ocrx_word' id='word_1_235' title='bbox 245 3265 327 3328; x_wconf 88' lang='grc' dir='ltr'><strong><em>Τίνα</em></strong></span> <span class='ocrx_word' id='word_1_236' title='bbox 358 3264 475 3328; x_wconf 89' lang='grc' dir='ltr'><strong><em>τοίνυν</em></strong></span> <span class='ocrx_word' id='word_1_237' title='bbox 497 3255 579 3348; x_wconf 85' lang='grc' dir='ltr'><strong><em>ήμῖν</em></strong></span> <span class='ocrx_word' id='word_1_238' title='bbox 602 3259 655 3328; x_wconf 81' lang='grc' dir='ltr'><strong><em>ἐπὶ</em></strong></span> <span class='ocrx_word' id='word_1_239' title='bbox 679 3260 740 3328; x_wconf 77' lang='grc' dir='ltr'><strong><em>τοῦ</em></strong></span> <span class='ocrx_word' id='word_1_240' title='bbox 761 3253 924 3347; x_wconf 90' lang='grc' dir='ltr'><strong><em>παρόντος</em></strong></span> <span class='ocrx_word' id='word_1_241' title='bbox 949 3259 985 3325; x_wconf 90' lang='grc' dir='ltr'><strong><em>ἐκ</em></strong></span> <span class='ocrx_word' id='word_1_242' title='bbox 1009 3259 1077 3325; x_wconf 91' lang='grc' dir='ltr'><strong><em>τῶν</em></strong></span> 
     </span>
     <span class='ocr_line' id='line_1_33' title="bbox 111 3353 1076 3449; baseline -0.001 -21"><span class='ocrx_word' id='word_1_243' title='bbox 111 3364 328 3449; x_wconf 87' lang='grc' dir='ltr'><strong><em>προφητικῶν</em></strong></span> <span class='ocrx_word' id='word_1_244' title='bbox 352 3357 570 3449; x_wconf 86' lang='grc' dir='ltr'><strong><em>προρρήσεων</em></strong></span> <span class='ocrx_word' id='word_1_245' title='bbox 594 3367 641 3442; x_wconf 87' lang='grc' dir='ltr'><strong><em>είς</em></strong></span> <span class='ocrx_word' id='word_1_246' title='bbox 666 3358 728 3449; x_wconf 86' lang='grc' dir='ltr'><strong><em>τήν</em></strong></span> <span class='ocrx_word' id='word_1_247' title='bbox 752 3354 970 3446; x_wconf 79' lang='grc' dir='ltr'><strong><em>εὖαγγελικήν</em></strong></span> <span class='ocrx_word' id='word_1_248' title='bbox 993 3353 1076 3427; x_wconf 88' lang='grc' dir='ltr'><strong><em>ἀτό-</em></strong></span> 
     </span>
    </p>
   </div>
   <div class='ocr_carea' id='block_1_5' title="bbox 0 0 1170 3818">
    <p class='ocr_par' dir='ltr' id='par_1_5' title="bbox 0 0 1170 3818">
     <span class='ocr_line' id='line_1_34' title="bbox 0 0 1170 3818; baseline 0 0"><span class='ocrx_word' id='word_1_249' title='bbox 0 0 1170 3818; x_wconf 95' lang='lat' dir='ltr'><strong><em> </em></strong></span> 
     </span>
    </p>
   </div>
  </div>
 </body>
</html>
