2326 3818
310 155 496 208 DEMONST.
516 154 650 207 EVANG.
663 155 736 205 VIII.
750 157 774 204 2.
964 154 1028 218 519

59 305 119 365 λου
145 297 341 384 ἑρμηνείαν,
369 293 453 363 κατδι
480 294 517 364 δὲ
543 291 620 374 τοῦς
649 291 878 383 ἑβδομήκοντα
899 290 1055 384 “ἐδέθηι

59 395 172 519 66666
197 399 253 466 καὶ
277 399 489 485 ἕσφραγίσθη
516 389 730 516 ήάμαρτία.”
773 401 824 466 22.
844 393 929 465 ἀλλά
956 400 1028 467 ἐπεὶ

58 496 103 585 μή
121 496 226 586 μόνον
252 504 299 579 είς
323 501 468 585 πτῶσιν,
493 493 577 566 ἀλλά
602 499 708 566 καὶί
677 504 724 578 είς
747 493 931 568 ἀνάστασιν
949 508 1027 568 πολ-

59 604 127 669 λῶν
146 598 313 687 ἐλήλυθεν
332 602 369 669 ἐν
386 628 432 692 τρι
422 597 594 688 Ἰσραήλ,
619 597 710 668 καθά
727 621 809 687 φησι
828 597 963 686 περὶ’
924 603 1029 669 αυτοῦ

32 691 212 771 ι“ίδοῦ
171 730 266 783 ουτος
284 718 391 771 κεῖται
410 707 457 783 είς
476 707 603 771 πτῶσιν
619 696 712 771 καὶ’
694 699 877 771 ανάστασιν
894 707 1027 770 πολλῶν

59 805 158 872 ἐν
113 831 159 895 τφ
173 799 374 893 Ἰσραήλ,”ε
358 801 492 885 εἰκότως
509 820 578 883 τοῖς
596 805 781 893 εἰρημένοις
798 804 871 890 ἒξής
886 805 1028 890 ἐπιλέγει

58 902 76 973 6
96 901 227 993 Δανιήλ
255 904 291 975 τὸ
312 900 392 975 “nal
413 911 474 975 τοῦ
497 899 679 987 ἀπαλεῖψαι
702 903 864 993 ἁμαρτίας
887 907 943 973 καὶ
966 911 1026 973 τοῦ

59 1005 275 1089 ἐξιλάσασθαι
294 1003 460 1088 ἀδικίας.”
485 1011 536 1077 23.
559 1003 614 1075 διά
626 1005 690 1102 γάρ
703 1004 741 1074 τὸ
755 1004 923 1076 ἀδύνατον
943 1006 1029 1076 εἶναι
1127 1070 1138 1082 „

59 1105 140 1196 αἷμα
157 1107 291 1196 ταύρων
309 1111 364 1178 καί
382 1106 515 1197 τράγων
528 1104 686 1197 ἀφαιρεῖν
700 1102 873 1196 ἀμαρτιάς,
893 1113 1028 1177 δεῖσθαι

19 1240 44 1279 ιο
60 1211 96 1278 δὲ
114 1217 182 1280 πάν
199 1208 236 1279 τὸ
253 1217 320 1280 τῶν
338 1207 532 1298 ἀνθρώπων
555 1211 650 1297 γένος
674 1212 816 1298 ἱλασμοῦ
834 1213 953 1293 ζῶντος
971 1211 1028 1278 καὶ
1046 1251 1056 1277 0

58 1308 236 1398 ἀληθινοῦ,
255 1302 297 1380 οῦ
314 1308 422 1381 τύπον
440 1318 539 1400 ἔφερε
556 1309 592 1380 τὸ
607 1309 828 1400 παράΜωσεῖ
842 1333 1027 1380 κατασκευ-

58 1412 165 1481 ασθὲν
191 1411 399 1503 ἱλαστήριον,
424 1402 521 1493 οῦτος
547 1411 585 1482 δδ
607 1403 685 1500 ήνὸ
711 1410 820 1499 σωτήρ
839 1415 896 1481 καὶ
913 1408 1026 1499 κύριος

56 1510 163 1634 ήμῶν,
182 1508 199 1583 ὸ
212 1511 321 1610 ἀμνὸς
329 1518 388 1584 τοῦ
402 1518 498 1603 θεοῦ,
517 1516 594 1605 περὶ
607 1504 648 1584 οῦ
662 1525 789 1601 εἴρηται
802 1511 878 1582 “ίδὸ
891 1507 908 1582 ὸ
922 1510 1026 1636 ἀμνὸς

56 1621 117 1684 τοῦ
141 1618 227 1684 θεοῦ
248 1613 265 1686 6
290 1625 397 1704 αἱρων
419 1614 481 1704 τήν
503 1611 668 1705 άμαρτίαν
690 1618 751 1685 τοῦ
776 1611 929 1705 κόσμον·
933 1611 1025 1684 ’.24

19 1744 43 1784 ιε
57 1718 112 1785 καὶ
136 1714 276 1789 πάλιν“
281 1713 380 1799 αὐτὸς
405 1715 542 1807 ἱλασμός
573 1721 642 1787 ἐστι
665 1719 742 1806 περὶ
765 1721 834 1787 τῶν
857 1711 1028 1805 άμαρτιῶν

56 1817 237 1907 ήμῶν,οῦ
266 1822 344 1907 περὶ
370 1823 438 1889 τῶν
461 1816 661 1945 ήμετέρων
656 1819 693 1888 δε
716 1817 836 1947 μόνην,
862 1816 945 1887 ἀλλά
970 1819 1026 1886 καὶ

57 1924 133 2008 περὶ
151 1918 231 1992 ὅλου
249 1929 308 1992 τοῦ
326 1916 488 2010 κόσμου,”
515 1916 614 2002 αὐτὸς
642 1915 689 1991 ῶν
712 1922 767 1990 καὶ
786 1918 1026 2010 ἀπολύτρωσις,
1059 1936 1061 1945 ⁴

57 2050 140 2092 κατα
127 2020 217 2093 τὸν
235 2028 375 2093 Παῦλον
393 2021 566 2112 φάσκοντα
578 2019 638 2103 ‘69
658 2020 808 2110 ἐγενήθη
826 2028 927 2110 σοφία
946 2016 1027 2109 ήμῖν

56 2120 122 2191 ἀπὸ
146 2129 247 2210 θεοῦ,
275 2122 473 2211 δικαιοσύνη
497 2153 532 2193 τε
556 2126 611 2192 καὶ
637 2123 797 2211 ἁγιασμὸς
821 2126 876 2193 καὶ
904 2119 1027 2192 ἀπολύ-

18 2223 214 2313 ιοτρωσις“”
251 2223 390 2304 είκότως
413 2223 475 2311 τήν
500 2233 689 2312 παρουσίαν
716 2222 822 2294 αὐτοῦ
851 2220 935 2311 ὸμοῦ
965 2226 1027 2313 μὸν

56 2323 298 2414 συμπλήρωσιν
315 2326 371 2394 καὶ
388 2330 561 2394 τελείωσιν
578 2323 739 2415 ἁμαρτίας
768 2324 854 2394 εἶναι
875 2323 1025 2394 διδάσκει

55 2429 124 2495 τῶν
148 2433 194 2506 είς
219 2422 323 2496 αύτὸν
348 2423 579 2514 ἠσεβηκότων,
604 2421 687 2514 ὸμοῦ
715 2427 752 2494 δὲ
770 2423 951 2500 άπάλειυιν
969 2427 1055 2494 καὶα

56 2525 267 2617 καθαρισμὸν
285 2525 474 2616 ἁμαρτιῶν,
499 2529 556 2597 καὶ
573 2523 714 2597 ἀδικιῶν
733 2526 874 2616 ἱλασμὸν
891 2530 960 2596 τῶν
979 2533 1026 2607 είς

57 2626 161 2701 αὐτὸν
168 2626 447 2700 πεπιστευκότων.
471 2632 588 2700 25.καὶ
603 2627 620 2700 6
635 2627 775 2709 Ἀκύλας
791 2623 919 2698 δὲ”τοῦ
937 2632 1025 2699 τελέ·

17 2759 42 2799 ιε
57 2753 112 2800 σαι
135 2731 197 2821 τήν
222 2726 367 2804 ἀθεσίαν
393 2735 448 2806 καὶ
474 2736 534 2802 τοῦ
561 2735 732 2802 τελειῶσαι
757 2727 818 2818 τήν
836 2725 1023 2820 άμαρτίαν”

57 2830 162 2902 εἱπῶν
180 2831 325 2957 ἐπήγαγε
343 2829 455 2904 τὸτοῦ
475 2833 692 2916 ἐξιλάσασθαι
712 2831 888 2953 άνομίαν,”
910 2837 1026 2921 σαφῶς

57 2930 198 3022 ἱλασμὸν
221 2931 324 3005 αὐτὸν
349 2934 435 3005 εἶναι
453 2934 560 3024 πάσης
583 2931 721 3022 ἀνομίας
747 2940 805 3021 τής
823 2933 926 3003 πάλαι
944 2932 1027 3004 κατά

55 3031 195 3124 άγνοιαν
212 3040 393 3126 γενομένης
410 3036 660 3125 ὑποτιθέμενος.
699 3038 772 3124 ἑξής
790 3033 917 3116 τούτοις
938 3048 1025 3124 είρη-

55 3166 109 3207 ται
123 3132 204 3207 “τοῦ
221 3135 361 3227 ἀγαγεῖν
377 3136 595 3226 δικαιοσύνην
609 3134 780 3208 αίῶνιον.”
813 3143 864 3205 26
881 3145 949 3206 ἔστι
963 3136 1025 3224 μὲν
1039 3176 1092 3229 [240]

124 3284 389 3463 ουσανίυῖὸ
429 3403 528 3456 Ἠιι.
544 3405 583 3466 ιο,
597 3404 622 3457 ι.
729 3406 760 3454 13
781 3402 937 3467 οσανν.

57 3473 89 3522 18
108 3473 131 3522 1.
145 3470 207 3524 Cor.
222 3473 243 3532 1,
257 3475 298 3523 30.
