2326 3818
335 123 519 175 DEMONST.
536 123 670 176 ονεαο.
688 124 750 176 v11.
769 127 793 173 1.
977 122 1038 189 457

73 262 186 352 ὥσπερ
204 258 269 349 ἀπὸ
287 267 347 350 γῆς
361 264 417 332 καλ
431 259 604 349 πτώματος
618 220 825 344 ἀνανεωθείς
840 260 938 346 αὐτὸς
958 268 1039 336 ἐκεῖ·

73 393 129 445 νος
147 359 165 433 ὁ
183 361 307 452 θρόνος
324 365 440 449 Δαβίδ
465 359 520 431 διά
542 366 600 450 τῆς
622 365 683 432 τον
706 366 852 451 σωτῆρος
875 362 971 454 ἡμῶν
990 371 1040 436 ἐν·

72 468 157 535 θέον
175 471 346 551 βασιλείας
364 459 583 552 ἀνωρθωται,
602 465 658 532 καὶ
677 469 830 552 διαμενεῖ
845 472 892 546 είς
910 464 969 535 τὸν
987 477 1039 538 υί-
1055 496 1066 534 ι

73 573 161 656 ῶνα,
181 567 236 636 καλ
256 566 356 635 εἰσέτι
374 591 412 653 γε
430 558 474 645 ἀς
491 561 509 633 δ
526 561 619 653 ἥλιος
637 567 860 636 έναντίοντοῦ
876 573 962 637 θεοῦ
979 567 1042 657 τὴν
1073 624 1081 637 .

47 669 185 737 επᾶσαν
202 664 427 755 καταλάμπων
450 672 652 756 οἰκουμένην
674 683 746 748 ταῖς
764 663 873 739 ἀκτῖσι
891 670 952 738 του
968 699 1041 757 φω-

71 767 124 850 τός
148 773 206 858 τῆς
231 774 448 849 διδασκαλίας
473 763 597 856 αὐτοῦ,
624 763 819 850 ἀκολούθως
844 776 884 861 τῇ
911 797 946 838 τε
976 767 1041 840 ἀπὸ

71 875 130 940 τοῦ
158 877 300 959 Ψαλμοῦ
323 876 490 962 μαρτυρία
513 871 652 940 καὶτοῦ
675 867 757 959 μετά
780 886 892 961 χεῖρας
910 870 1042 961 προφή-

71 999 143 1059 του,
162 974 239 1061 περὶ
257 974 317 1043 τοῦ
334 973 631 1060 γεννηθησομένου
641 977 779 1049 παιδίου
797 973 950 1060 λέγοντος
963 967 1040 1043 “ἐαὶ

70 1070 130 1142 τόν
147 1068 429 1163 θρόνονΔαβίδ,”
457 1070 584 1159 δηλαδὴ
597 1071 657 1142 τὸν
674 1069 813 1143 αίωνιον
834 1077 890 1143 καί
909 1080 1040 1164 διαρκῆ,

34 1201 59 1241 10
72 1172 130 1243 τδν
149 1173 191 1261 δὴ
210 1176 266 1243 καὶ
285 1175 532 1262 ἐπηγγελμένον
544 1179 590 1266 τῷ
598 1174 723 1260 Δαβίδ,
738 1170 1041 1263 “καθεσθὴσεσθαι

73 1271 176 1344 αὐτὸν
195 1276 249 1345 ἐπὶ
266 1272 329 1362 τὴν
353 1281 529 1361 βασιλείαν
551 1269 671 1360 αὐτοῦ,
697 1279 911 1361 κατορθῶσαι
936 1272 1042 1365 αὐτὴν

72 1377 127 1465 καὶ
145 1372 386 1462 ἀντιλαβέσθαι
407 1379 443 1444 έν
460 1381 593 1464 κρίματι
612 1377 666 1445 καὶ
681 1375 880 1466 δικαιοσύνη
898 1374 963 1446 ἀπδ
982 1383 1041 1448 τοῦ

72 1479 139 1546 νῦν
156 1478 212 1545 καὶ
231 1483 278 1558 είς
295 1473 355 1546 τδυ
372 1473 512 1546 αίῶνα.”
560 1481 630 1546 149.
649 1474 739 1558 ὅπως
765 1477 922 1547 δὲταῦτα
941 1481 1042 1566 ἐπλη-

72 1583 172 1664 ροῦτο
197 1575 397 1660 διδάσκαλος
425 1572 547 1665 γένοιτ’
573 1572 617 1647 ἀν
646 1573 824 1667 ἀξιόχρεως
847 1577 1000 1666 Γαβριὴλ,
1023 1579 1069 1648 ὁε

35 1705 60 1746 ιι
73 1675 212 1766 ἅγγελος
237 1681 275 1749 έν
298 1685 345 1771 τῷ
369 1675 451 1767 πρὸς
468 1674 531 1766 τὴν
548 1680 724 1764 παρθένον
746 1683 962 1772 χρηματισμῷ
978 1680 1041 1769 φά·

73 1804 163 1850 οκων
178 1774 244 1870 ’μὴ
262 1786 372 1869 φοβοῦ
395 1776 553 1869 Μαριάμ,
574 1769 671 1871 εὗρες
688 1776 752 1869 γάρ
770 1780 868 1870 χάριν
888 1778 978 1869 παρά
994 1787 1041 1874 τῷ

72 1888 159 1975 θεῷ·
186 1884 243 1952 καί
264 1879 339 1952 ίδοδ
356 1879 511 1973 συλλήψη
522 1885 559 1951 ἐν
568 1885 699 1971 γαστρὶ,
716 1883 772 1952 καὶ
790 1884 865 1974 τέξη
879 1881 967 1970 υίδυ,
986 1887 1042 1952 καὶ

73 1987 223 2064 καλέσεις
241 1982 278 2053 τὸ
295 1981 401 2072 ὄνομα
419 1980 522 2054 αὐτοῦ
537 1977 675 2071 Ἰησοῦν
706 1972 802 2063 οὗτος
820 1991 910 2053 ἔσται
928 1985 1040 2072 μέγας,

73 2085 129 2152 καὶ
147 2083 221 2163 υίὸς
238 2079 383 2165 ὑψίστου
396 2082 613 2172 κληθήσεται,
632 2088 689 2154 καὶ
703 2082 802 2155 δώσει
825 2082 915 2180 αὐτῷ
928 2084 1043 2174 κύριος

35 2181 91 2252 ωδ
108 2183 189 2266 θεὸς
206 2181 265 2254 τδν
282 2182 411 2273 θρόνου
428 2187 542 2271 Λαβλδ
559 2189 620 2254 τοῦ
638 2182 762 2273 πατρὸς
775 2184 890 2272 αὐτοῦ,
910 2189 965 2256 καὶ
984 2193 1042 2273 βα-

73 2283 222 2354 σιλεύσει
241 2287 295 2354 ἐπί
312 2281 372 2355 τδν
389 2285 484 2355 οίκον
497 2282 615 2372 ’Ῑακδβ
635 2293 681 2366 είς
697 2282 759 2356 τδυ
776 2290 893 2373 αίοῐνα,
912 2289 968 2357 καὶ
985 2295 1043 2374 τῆς

74 2392 244 2472 βασιλείας
269 2380 374 2455 αὐτοῦ
397 2381 461 2455 οάκ
484 2392 575 2454 ἔσται
598 2382 723 2466 τέλος.”
767 2390 837 2455 150.
856 2384 981 2473 ταύτην
1006 2392 1043 2456 ἐν

73 2491 120 2579 τῷ
138 2489 367 2580 προειρημένῳ
389 2489 518 2578 Ψαλμῷ
540 2484 631 2555 καὶὸ
655 2483 826 2575 προφήτης
844 2491 1068 2574 προσδοκῶνᾱ

73 2586 135 2676 τὴν
161 2591 221 2659 τοῦ
244 2591 393 2675 Χριστοῦ
414 2592 566 2676 γένεσιν,
592 2585 654 2676 τήν
676 2615 713 2658 τε
735 2585 922 2673 ὑπέρθεσιν
939 2585 1042 2675 αὐτῆς

36 2715 61 2754 ιε
74 2691 131 2759 καὶ
149 2685 321 2778 ἀναβολὴν
338 2687 450 2777 ὥσπερ
469 2696 580 2761 αίτίαυ
597 2693 753 2779 συνορῶν
766 2696 823 2777 τῆς
841 2694 900 2758 τοῦ
913 2686 1041 2778 θρόνου

74 2793 189 2878 Δαβλδ
201 2788 425 2873 ἀποπτάσεως
438 2790 667 2862 ἀποδυσπετεί
677 2793 785 2878 λέγων
793 2785 860 2861 “σῦ
871 2789 908 2859 δὲ
917 2787 1041 2860 ἀποίσω

74 2893 129 2959 καλ
149 2893 392 2979 ἐξουδένωσας,
409 2889 577 2979 ἀυεβάλον
594 2889 657 2962 τδν
671 2890 817 2981 Χριστόν
839 2887 937 2962 σου.”
972 2897 1040 2960 151,

76 2988 206 3081 εὔχεται
226 2992 263 3061 δὲ·
281 2989 395 3081 ὥσπερ
414 2996 584 3062 δυσωπῶν
600 2991 637 3062 τὸ
650 2982 784 3082 θελονῇ
800 2989 897 3082 τάχος
911 3003 1041 3081 πληρω-

74 3100 178 3181 θῆναι
195 3091 235 3163 τά
253 3096 311 3181 τῆς
329 3097 545 3181 ἐπαγγελίας,
563 3089 704 3182 φάσκωυ
716 3091 805 3164 “noi
824 3097 892 3163 ἐστι
909 3090 948 3163 τά
968 3094 1041 3180 ἐλέη

37 3217 62 3258 ιο
76 3214 138 3265 σου
162 3192 203 3264 τά
226 3190 364 3285 ἀρχαία,
394 3193 509 3285 κύριε,
540 3188 563 3264 ἀ
585 3191 717 3283 ὤμοσας
739 3201 786 3288 τῷ
804 3195 919 3283 Δαβίδ
941 3197 979 3263 ἐν
1001 3197 1041 3283 τῇ

144 3428 175 3476 16
194 3427 260 3480 Luc.
276 3430 300 3492 1,
313 3429 354 3480 30.
