2326 3818
147 114 208 177 100
551 116 646 167 Em:
651 116 670 163 ι
673 115 700 163 11

247 249 362 302 Μοῦνοι
376 251 522 303 Χαλδαῖοι
536 250 643 317 σοφίην
658 242 755 325 λάχον,
769 240 818 315 ἠδ’
834 238 870 328 άη
873 239 1021 317 ’Ἑβραῖοι

247 309 493 385 αὐτογένεθλον”
474 338 566 371 ανακτ
569 337 596 383 α,
617 309 802 383 σεβαζόμενοι
815 312 889 368 θεὸν
902 315 1004 383 αηνώς.

223 414 470 490 λΧαλδαίους
496 411 532 479 δε
555 406 632 489 τούς
656 402 776 486 αὐτοῦς
801 402 857 476 διά
885 403 944 475 τὸν
964 399 1114 495 Ἁβραάμ

90 529 131 580 ῖοολ
148 507 331 600 ὠνόμασεν,
352 514 422 580 ἐπεὶ
441 517 608 589 Χαλδαῖος
628 498 669 596 ήν
682 507 718 576 τὸ
733 510 840 596 γένος,
860 502 904 589 ῶς
923 512 1111 591 ίστορεῖται.

146 620 178 681 εἰ
190 612 230 701 δή
250 603 313 683 οὖν
331 616 386 681 καὶ
405 611 573 700 πρόπαλαι
591 614 708 690 παῖδες
723 606 887 698 Ἐβραίων
904 615 971 678 τῶν
991 606 1033 697 δή
1051 607 1137 697 fui-5

145 724 239 785 λιστα
258 718 314 783 καὶ
333 712 414 802 πρὸς
428 717 496 782 τῶν
514 714 671 802 χρησμῶν
696 714 750 781 ἐπὶ
775 718 878 803 σοφίᾳ
902 738 1113 801 μεμαρτυρη-

118 819 257 905 ομένων
277 816 330 883 ἐπὶ
348 812 452 902 μόνον
476 812 534 883 τόν
552 812 687 883 πάντων
707 810 911 901 δημιουργόν
929 808 1013 883 θεὸν
1032 807 1112 899 ἀνή-

144 946 205 1004 γον
223 914 259 985 τό
278 919 390 1003 σέβας,
408 922 443 984 τί
458 921 513 985 δεῖ
523 912 661 1002 πλάνον,
670 912 744 1004 οὐχὶ
763 906 1007 1003 δὲθαυμαστδν
1020 911 1112 984 εὐσε-

145 1024 238 1103 βείας
258 1016 460 1086 διδάσκαλον
477 1016 651 1106 ὁμολογεῖν
667 1022 801 1104 τοῦτον,
826 1013 862 1096 ὃς
885 1013 925 1085 τά
944 1014 1112 1103 πρόπαλαι

143 1116 258 1206 μόνοις
275 1135 343 1198 τοῖς
361 1121 558 1207 θεοφιλέσιν
569 1117 767 1205 Εβραίοιςέ
768 1119 943 1207 γνωσμένα
961 1124 1008 1200 είς
1026 1114 1113 1187 πάν·
1123 1148 1146 1187 ιο

145 1249 203 1301 τας
221 1218 459 1311 ἀνθρῶπους’
442 1219 573 1315 αοράτηι
591 1249 647 1290 και
636 1221 772 1312 ἐνθὲω
798 1217 939 1307 δυνάμει
963 1246 1113 1309 προαγα-

145 1320 215 1409 γῶν
203 1314 488 1410 ἐξήπλωσευ,”
461 1344 547 1392 ωστε
570 1324 685 1411 μηκέτι
708 1318 791 1391 κατά
808 1318 845 1390 τό
869 1330 931 1390 παλ
927 1320 1014 1391 αιὸν
1032 1328 1111 1410 βρα-

144 1441 213 1513 χεῖς
231 1454 323 1506 τινας
342 1427 397 1493 καὶ
416 1420 551 1518 ἀριθμῷ
570 1422 713 1511 ληπτούς
731 1419 836 1510 ὀρθάς
855 1425 931 1511 περὶ
950 1428 1036 1494 θεοῦ
1055 1426 1112 1512 φί-

144 1554 217 1612 ρειυ
237 1525 345 1612 δόξας,
365 1524 448 1594 ἀλλά
466 1533 569 1615 μυρία
588 1526 702 1614 πλήθη
720 1523 901 1613 βαρβάρων
925 1532 994 1596 τῶν
1011 1525 1112 1595 πάλαι

144 1624 438 1716 θηριωδεστάτωυ,
456 1635 580 1715 λογίων
598 1656 633 1697 τε
651 1631 707 1697 καὶ
720 1624 888 1715 Ἑλλήνων
905 1623 1062 1715 ἀνδρῶν,
1080 1634 1146 1697 οἳω

145 1744 212 1807 τοῖς
231 1737 332 1797 παλαι
350 1726 535 1816 προφήταις
553 1731 609 1799 καὶ
628 1735 768 1810 δικαίοις
781 1725 946 1815 ἀνδράσιν
959 1726 1113 1817 εὐσεβεῖν

119 1826 267 1918 οὸμοίως
299 1828 355 1899 διά
389 1828 492 1919 μόνης
520 1836 578 1918 τῆς
608 1825 711 1900 αὐτοῦ
751 1828 924 1918 δυνάμεως
960 1828 1114 1901 ἐπαιδεύ-

144 1943 274 2018 θησαν;
299 1938 328 2000 8.
340 1927 424 1999 ἀλλά
442 1930 484 2019 δή
498 1931 534 1999 τὸ
547 1938 658 2019 τρίτον
672 1928 886 2018 σκεψόμεθα,
899 1929 944 2021 μή
958 1928 1035 2002 ποτ’
1048 1928 1115 2022 ἀρα

145 2027 235 2100 τοῦτ’
255 2022 298 2118 ήν
317 2029 360 2100 δι’
382 2027 401 2101 6
418 2029 547 2102 πλάνον
565 2028 668 2103 αὐτόν
699 2053 821 2121 φασιν,
845 2029 896 2102 ὅτι
918 2030 963 2122 μή
982 2041 1113 2121 βουθυ-

145 2139 232 2213 σίαις
256 2133 341 2222 μηδὲ
365 2130 458 2226 ζῴων
481 2131 613 2222 ἀλόγων
641 2151 786 2223 σφαγαῖς
811 2134 891 2223 μηδ’
918 2140 1033 2225 αἵμασι
1057 2137 1146 2205 καὶαι

144 2236 227 2322 πυρὶ
249 2235 334 2322 μηδὲ
358 2252 427 2317 τοῖς
450 2231 515 2304 ἀπό
539 2241 600 2326 γῆς
631 2234 922 2325 ἀναθυμιωμένοις
946 2237 982 2305 τὸ
1012 2249 1113 2309 θεῖον

143 2339 242 2424 τιμάν
256 2334 437 2426 διετάξατο,
450 2336 589 2409 ταπεινά
602 2339 663 2427 μὲν
677 2341 732 2408 καὶ
744 2336 855 2426 γεῶδη
872 2342 977 2408 ταῦτα
991 2342 1112 2426 καὶτῆς

143 2437 317 2510 ἀθανάτου
335 2438 474 2528 φάσεως
491 2438 646 2530 οὐδαμῶς
664 2448 771 2510 οἰκεῖα
789 2438 1018 2530 λογισάμενος,
1037 2448 1113 2529 κρί-

143 2569 204 2620 νας
223 2541 260 2610 δλ
279 2542 385 2630 πάσης
403 2550 527 2622 θυσίας
546 2539 818 2630 προσηνεστάτην
837 2544 893 2612 καὶ
917 2537 997 2631 ηδεῖ
997 2571 1040 2612 αν
1067 2542 1111 2613 εί·

143 2670 199 2709 ναι
216 2669 261 2763 τῳ
252 2644 351 2734 θεῷ
375 2641 522 2730 τὴντῶν
546 2649 681 2712 οἰκείων
707 2646 850 2712 ἐντολῶν
883 2641 1146 2734 κατόρθωσιν,ω

145 2733 260 2810 δίων
278 2737 367 2835 αὐτῷ
386 2742 512 2830 σάματι
531 2746 587 2812 καὶ
604 2747 990 2835 ψυχήκεκαθαρμέυους,
1008 2750 1058 2815 νῶ
1075 2773 1112 2816 τε

146 2846 279 2930 διαυγεῖ
294 2819 352 2913 καλ
369 2842 532 2932 δόγμασιν
551 2843 726 2933 εὐσεβέων
744 2849 1028 2937 κεκοσμημένους,
1048 2844 1112 2937 τήν

115 2943 226 3033 ιπρός
250 2941 415 3016 τὸνθεόν
441 2950 635 3037 ἐξομοίωσιν
659 2945 900 3036 ἀπομιμεῖσθαι
920 2952 1111 3037 ἐδίδασκεν,

145 3042 331 3136 διαρρήδην
360 3045 502 3135 φάσκων
527 3047 671 3120 Ι(ἔσεσθε
706 3053 841 3137 τέλειοι,
878 3045 922 3131 ῶς
953 3045 970 3119 6
1001 3048 1110 3140 πατήρ

143 3143 239 3238 ὑμῶν
252 3145 374 3228 τέλειός
390 3146 508 3220 ἐστιν.”
541 3156 569 3220 9.
587 3157 617 3221 εί
635 3150 676 3239 δή
689 3149 793 3220 ταῦτά
807 3181 856 3233 τις
869 3147 1037 3239 Ἑλλήνων
1056 3160 1108 3222 αί-
1123 3179 1147 3221 ω

142 3254 250 3342 τιηὸτο,
271 3261 349 3320 ῖστω
373 3249 417 3340 μή
437 3260 519 3341 φίλα
541 3268 610 3334 τοῖς
628 3259 762 3333 οἰκείοις
781 3252 993 3335 διδασκάλοις
1024 3282 1111 3344 φρο-

212 3417 225 3462 1
240 3414 300 3469 vid.
313 3416 412 3482 Praep.
425 3419 533 3483 Evang.
546 3421 570 3469 9.
585 3435 610 3483 p.
624 3421 674 3468 413
688 3434 710 3468 c.
815 3421 847 3470 28
865 3419 965 3471 Matth.
985 3422 1014 3478 ὅ,
1027 3418 1070 3470 48.
