2326 3818
303 136 488 187 DEMONST.
507 135 641 189 Βαίου.
659 138 706 188 vl.
721 139 761 189 ιε.
966 135 1027 199 371

58 274 223 366 σωμάτων
252 271 455 363 κωλύμασιν
484 273 721 364 ἐνδιατρίβειν)
753 269 797 356 ῦς
827 273 927 364 κηρός
960 274 1024 346 ἀπό

59 375 241 466 προσώπου
258 373 363 464 πυρός
380 373 573 464 τηκόμενοι,
591 381 632 465 τῇ
649 382 708 445 τοῦ
726 382 826 446 θείου
843 374 946 465 λόγου
965 386 1023 448 δυ-

58 477 157 568 νάμει
175 481 207 562 ἐξ
226 474 420 568 ἀνθρώπων
436 474 657 565 ἀποφύγοιεν,
675 478 731 546 καί
746 479 841 566 ἑτέρα
860 476 892 545 δ’
914 474 956 548 ἀν
975 492 1053 568 είηι,

19 639 22 646 «
58 578 148 669 παρὰ
171 577 293 660 τούτοις
316 585 406 648 αίτία
429 573 490 667 ούχ
514 572 535 665 ἡ
558 581 705 666 τυχοῦσα
727 579 786 666 τῆς
811 581 843 660 ἐξ
870 577 1026 668 οὐρανῶν

30 711 44 752 ε
58 679 210 752 καθόδου
227 684 287 751 τοῦ
304 686 436 770 κυρίου,
454 674 498 767 ἣν
514 674 532 748 ὁ
547 676 643 768 λόγος
658 683 919 768 ἐπισημαίνεται,
937 677 1026 762 ὅπως

58 783 167 854 πάντα
184 781 225 852 τά
246 784 300 853 ἐπὶ
326 787 387 870 γῆς
411 787 514 870 ἐθνη,
538 787 607 851 τῦν
626 778 796 870 δαιμόνων
819 781 1027 852 ἀπελασθέν·

57 914 126 956 των
143 888 199 955 καὶ
216 891 285 954 τῶν
298 882 505 972 ἀρχοντικῦν
518 879 720 972 πνευμάτων
733 886 951 971 σεισθέντων,
969 889 1027 971 της

57 984 159 1056 πάλαι
169 981 282 1055 αῦτῦν
291 989 436 1075 σκληροῖς
446 987 502 1055 καὶ
512 977 671 1072 ἀκινήτου
681 991 881 1074 τυραννίδος
894 983 1027 1055 ῦπανα-

58 1087 269 1175 πνεύσαντα,
288 1088 350 1174 τὴν
369 1090 550 1173 ἐπίγνωσιν
568 1089 629 1155 τοῦ
646 1087 700 1154 ἐπὶ
718 1084 855 1157 πάντων
873 1082 1025 1177 ἀναλάβῃ

19 1219 44 1257 10
57 1194 151 1259 θεοῦ.
190 1193 238 1256 19.
258 1189 314 1256 καί
340 1183 425 1256 αῦτά
451 1177 519 1255 ῦδέ
540 1214 611 1266 πως
635 1191 672 1254 αί
693 1189 751 1273 τῆς
777 1183 879 1275 αὐτῆς
897 1215 1026 1278 προφη-

57 1296 146 1369 τείας
165 1289 276 1377 φωναλ
300 1290 373 1376 ἑξῆς
397 1290 452 1357 καὶ
470 1284 553 1356 κατά
576 1285 612 1356 τὸ
637 1283 718 1355 αὐτὸ
741 1281 807 1356 ύπό
825 1296 906 1376 μίαν
924 1288 1025 1360 συνά-

58 1416 161 1476 φειαν
185 1394 336 1468 διανοίας
359 1385 560 1477 κηρύττουσι
578 1385 659 1457 “καλ
683 1394 774 1456 ἐσται
801 1384 853 1456 ἐπ’
880 1388 1026 1478 ἐσχάτων

57 1494 126 1561 τῦν
142 1488 278 1578 ἡμεροῦν
296 1489 440 1577 ἐμφανὲς
457 1486 495 1558 τὸ
512 1486 587 1579 όρος
601 1495 733 1577 κυρίου,
753 1491 883 1578 ἕτοιμον
899 1493 951 1558 ἐπὶ
969 1488 1026 1571 τάς

59 1589 209 1680 κορυφάς
226 1594 294 1660 νῦν
311 1591 435 1678 ὀρέων,
460 1592 516 1658 καί
540 1587 844 1678 μετεωρισθήσεται
867 1585 1025 1679 ὑπεράνω

20 1718 45 1759 ιε
59 1696 126 1761 των
153 1697 307 1780 βουνῦν,
338 1692 394 1760 καί
425 1688 630 1761 σπεύσουσιν
661 1685 715 1759 ἐπ’
742 1688 825 1760 αύτό
852 1695 943 1781 λαοὶ,
970 1695 1050 1768 καὶ,

57 1791 280 1883 πορεύσονται
306 1799 391 1880 ἔθνη
415 1789 538 1881 πολλοὶ,
563 1793 617 1894 uqi
643 1794 772 1883 ἐροῦσι,
805 1796 916 1882 δεῦτε,
942 1792 1026 1864 ἀνα-

58 1899 171 1984 βῦμεν
189 1901 236 1978 είς
260 1893 297 1965 τὸ
318 1892 394 1983 ὅρος
412 1901 472 1965 τοῦ
495 1901 616 1983 κυρίου
639 1897 695 1962 καὶ
714 1901 761 1975 είς
779 1892 838 1965 τὸν
855 1896 948 1965 οἷκον
966 1900 1025 1964 τοῦ

57 2000 141 2066 θεοῦ
154 1993 289 2083 Ἰακωβ,
308 1998 364 2065 καί
378 2000 547 2078 δείξουσιν
560 1993 641 2085 ἡμῖν
654 1992 714 2085 την
732 1989 814 2066 ὁδόν
832 1994 949 2084 αὐτοῦ,
968 2000 1021 2066 καὶ
1038 2033 1091 2085 μη),

57 2095 293 2185 πορευσόμεθα
321 2101 358 2166 ἐν
379 2113 451 2178 ταῖς
475 2104 602 2185 τρίβοις
627 2095 740 2166 αὐτοῦ.
784 2102 820 2167 ἐκ
843 2096 905 2188 γάρ
931 2097 1025 2169 Σιών

19 2225 45 2264 εο
59 2194 262 2278 ἐξελεύσεται
280 2194 398 2285 νόμος,
416 2199 473 2266 καὶ
499 2194 596 2283 λόγος
613 2205 733 2284 κυρίου
752 2200 785 2279 ἐξ
799 2195 1025 2289 Ἰερουσαλὴμ,

57 2298 114 2366 καὶ
132 2311 242 2384 κρινεῖ
257 2291 322 2363 ἀνά
338 2300 441 2384 μέσον
457 2300 525 2367 τῶν
544 2294 689 2367 ἐθνῦν.”

133 2402 185 2465 20.
211 2399 354 2465 Τοιαῦτα
379 2398 434 2464 καί
459 2399 611 2485 περὶτῆς
633 2404 701 2466 τῶν
726 2400 838 2466 ἐθνῦν
863 2398 1024 2487 κλήσεως,

57 2495 78 2566 ἀ
97 2500 153 2566 καὶ
170 2495 287 2578 ὁποίας
305 2504 412 2586 ἔχεται
432 2504 593 2585 διανοίας,
611 2494 702 2578 ὅπως
719 2498 824 2566 τεκαὶ
842 2494 926 2567 αῦτά
943 2498 1025 2587 μετά

56 2598 118 2688 τὴν
135 2601 195 2668 τοῦ
212 2601 359 2689 σωτῆρος
376 2596 475 2688 ἡμων
484 2607 673 2690 παρουσίαν
691 2601 782 2679 τέλος
802 2608 951 2690 είληφεν,
972 2605 1025 2670 ἐπὶ

18 2727 43 2767 τε
57 2704 176 2790 σχολῆς
193 2697 236 2770 ἀν
253 2729 302 2781 τις
320 2698 516 2790 καταμάθοι.
549 2699 744 2783 ἀκολούθως
761 2730 800 2790 γε
813 2700 880 2791 μην
897 2702 1025 2785 τούτοις

56 2800 237 2891 ἀρχόμενος
254 2797 271 2871 ὁ
291 2806 349 2889 τῆς
367 2812 570 2893 προφητείας
588 2800 700 2891 λόγος,
720 2798 765 2883 ὥς
783 2797 826 2874 ἀν
848 2806 902 2874 ἐπὶ
920 2829 1024 2894 σωτη-
1041 2841 1055 2880 d

56 2911 113 2994 ρίηι
130 2899 170 2972 ού
180 2901 284 2992 μόνον
297 2906 360 2973 τοῦ
372 2901 546 2973 Ἰουδαίων
559 2913 693 2991 ἔθνους,
706 2901 791 2974 ἀλλά
807 2901 940 2996 γάρκαὶ
957 2911 1025 2977 τεόν

57 3007 169 3074 ἐθνῶν
186 3002 345 3075 ἁπάντων
361 3008 419 3093 της
432 3008 494 3075 τοῦ
502 3012 622 3096 κυρίου
637 3013 684 3087 είς
701 3001 905 3095 ἀνθρώπους
922 3007 1025 3077 καθό-

56 3113 119 3175 δου
148 3108 391 3195 γενησομένης,
421 3123 490 3187 τοῖς
518 3115 610 3188 λαοίς
634 3109 781 3188 καὶτοῖς
804 3109 859 3177 ἐπὶ
882 3113 939 3195 τῆς
963 3112 1024 3194 γῆς

17 3232 42 3273 ιο
55 3203 179 3277 άπασιν
198 3212 380 3295 ἐπιφωνελ,
398 3209 507 3295 λέγων
519 3204 707 3278 “ἀκοῦσατε
725 3210 799 3278 λαοὶ
816 3207 949 3295 πάντες,
967 3208 1023 3276 καὶ

126 3441 155 3488 12
176 3440 222 3488 Εε.
236 3443 260 3501 2,
275 3442 298 3490 2.

784 3521 855 3586 24*
