2326 3818
346 106 532 159 υαωοιιεν.
551 106 687 160 ννιιιο.
705 109 753 161 1x.
773 111 796 161 1.
982 105 1044 170 567
1078 91 1080 96 ’

77 273 137 328 σας
161 243 322 337 νἰορότους
346 247 402 317 καὶ
426 244 598 336 μοχθηρὰς
624 244 782 335 δυνάμεις
807 256 962 336 καθεῖλε,
989 249 1045 317 καί

76 349 116 418 τόι
134 345 342 437 πνευματικὰ
359 349 416 437 τῆς
441 355 620 435 πονηρίας,
646 345 684 417 τό
706 376 742 417 τε
766 363 884 437 στῖφος
908 347 944 419 τό
971 355 1046 419 θαι-

74 448 231 575 μονικὸν,
263 444 429 570 α’·ρχηγούς
446 446 559 536 Μωόιβ
583 449 638 518 καὶ
657 445 738 538 Σηθ
767 451 823 519 καὶ
851 445 959 539 Ἐὃωμ
989 453 1046 520 καὶ

74 547 179 621 Ἠσαύ
210 547 455 672 τροπικοότερον
488 553 524 619 ἐν
549 565 619 632 τοῖς
647 547 729 651 μετὰ
760 566 872 639 χεῖρας
911 580 1042 641 ωνομα-
1058 581 1114 632 (ιιι)

52 647 493 742 εσμένα.19.οἰσαφωςθὲ
517 659 671 741 κείμενον
695 652 785 742 παρὰ
807 667 876 733 τοϊς
902 652 1044 742 ἑβδομη-

76 782 177 824 κοντα
194 751 231 823 τὸ
245 748 435 836 “δείξω’
394 756 502 846 αυτῷ,
522 754 579 823 καὶ
597 750 735 843 ούχλ
692 782 775 842 νυν,
801 761 969 844 μακαρίζω
988 757 1044 823 καί

76 851 139 925 ούκ
164 849 327 943 ἕγγίζει,”
353 852 600 945 σαφέστερον’
585 884 603 925 ο
626 855 689 944 μὲν
716 853 858 940 Ἀκύλας
883 858 1044 937 ἐξέδωκεν

71 953 90 979 “
102 953 226 1046 ὄψομαι
244 953 362 1044 αὐτὸν,
381 958 437 1026 καὶ
454 953 497 1025 ού
513 958 595 1044 νῦν,
619 959 800 1047 προσκοπω
825 953 945 1045 αύτόν,
965 952 1042 1026 ἄλλ’

76 1054 139 1128 ούκ
158 1055 294 1147 ἐγγύς”’
315 1052 332 1127 ό
348 1057 385 1127 δὲ
399 1054 581 1146 Σύμμαχος
595 1055 811 1148 λευκότερον,
831 1057 940 1149 φήσας
953 1056 1045 1148 “ὁριό

38 1185 62 1224 10
77 1158 199 1247 αὐτὸν,
230 1154 305 1227 ἀλλ’
324 1154 387 1228 οὐκ
406 1154 536 1246 ἐγγύς.”
583 1163 635 1229 20,
667 1160 795 1247 λέγοιτο
821 1157 854 1230 δ’
880 1157 923 1230 όιν
940 1163 1045 1230 ταῦτα

75 1255 141 1329 ύπό
172 1262 231 1329 τοῦ
255 1255 394 1348 Βαλαύιμ
426 1253 471 1340 ύς
494 1274 634 1350 μακροῖς
664 1256 809 1350 ὕστερον
834 1258 907 1350 μετ’
941 1259 1045 1333 αὐτόν

76 1358 207 1450 χρόνοις
245 1358 438 1449 μελλόντων
470 1359 791 1449 ἐπιτελεσθήσεσθαι
823 1366 889 1432 τοῖν
922 1369 1042 1483 θηλον-

75 1463 202 1551 μένων
220 1489 303 1551 μετα
321 1467 405 1581 γοῦν
423 1461 648 1552 θισχιλιοστὸν
666 1470 738 1545 ἔτος
754 1465 813 1551 τῆς
826 1460 1042 1588 προρρήσεως

76 1568 260 1685 ἐπληροῦτο
278 1568 382 1642 ταῦτα
400 1565 513 1633 ἐπὶ
472 1591 530 1652 της
547 1565 608 1634 τού
625 1568 774 1664 σωτῆρος
799 1594 895 1655 ημων
914 1563 996 1646 εἰς’
979 1594 1043 1634 αν-

37 1687 62 1728 15
76 1662 234 1757 θρωπονς
254 1668 438 1754 ἐπιδημιᾜας

401 1931 479 2006 Ἀπὸ
497 1938 556 2006 τοῦ
570 1930 717 2006 Ἡσαΐου.

151 2071 187 2140 ΙΙ.
211 2066 323 2141 “’1δού
346 2069 460 2160 κύριος
485 2068 629 2160 κάθηται
655 2073 709 2141 ἐπὶ
733 2072 877 2161 νεφέλης
901 2068 1043 2162 κούφης,

75 2173 131 2239 καὶ
148 2168 219 2259 ἥξει
251 2178 297 2251 είς
316 2180 509 2259 Αίγνπτον,
540 2175 596 2241 καλ
625 2170 839 2260 σεισθήσεται
869 2169 910 2243 τό
938 2202 1043 2262 χειρο-

74 2278 193 2359 ποίητα
214 2268 388 2358 Αἰγύπτου
406 2268 471 2340 ἀπὸ
490 2271 672 2361 προσιόπον
697 2269 817 2360 αὐτοῦ,
844 2275 900 2342 καὶ
919 2272 938 2359 ἡ
964 2302 1042 2365 καρ-

36 2393 61 2432 20
77 2378 133 2440 δία
157 2367 269 2442 αὐτῶν
289 2369 513 2459 ἡττηθήσεται
533 2376 569 2442 ἐν
587 2369 736 2453 αύτοῑς.”

156 2470 199 2543 Τό
219 2468 251 2542 δ’
272 2482 379 2542 αίτιον
396 2477 455 2543 τού
473 2473 532 2542 τὸν
555 2473 673 2564 κύριον
690 2472 782 2562 ἥξειν
801 2481 848 2556 εἰς
866 2485 1042 2561 Αίγνπτον

74 2582 295 2658 θεσπίζεσθαι
313 2572 389 2645 τόδε
407 2603 462 2664 μοι
481 2573 568 2646 εἶναι
594 2581 696 2646 δοκεῖ.
734 2577 859 2665 πριότοι
877 2576 939 2663 μὲν
956 2572 1041 2645 πόν-

73 2706 141 2748 των
160 2673 338 2764 Αίγύπτιοι
355 2683 413 2765 της
431 2679 602 2748 πολυθέου
626 2679 681 2747 καλ
701 2683 894 2766 δαιμονικῆς
912 2675 1069 2765 πλόνηςε

74 2774 288 2902 ἀπάρξασθαι
314 2779 484 2867 λέγονται,
514 2780 569 2848 καλ
599 2794 669 2859 τοϊς
700 2787 828 2861 λοιποῖς
853 2780 956 2848 πᾶσιν
979 2774 1042 2848 όιν-

34 2895 60 2938 25
73 2877 224 2996 θρώποις
244 2889 342 2949 αίτιοι
361 2901 565 2967 καταστηναι
584 2886 863 2969 δεισιδαιμονίας,
882 2877 1040 2949 ἀλλὰκαὶ

74 2981 211 3050 παντων
234 2985 361 3068 μᾶλλον
386 2982 462 3069 περὶ
493 3009 551 3060 τας
583 2980 778 3069 θαιμονικὰς
811 2985 980 3112 ἐνεργείας
1004 3009 1040 3049 τε

74 3085 129 3153 καλ
148 3088 338 3173 περιεργίας
356 3077 574 3200 ησχολησθαι..
610 3087 639 3151 2.
659 3073 751 3153 οὗτοι
770 3083 807 3152 δὲ
825 3085 880 3152 καὶ
898 3080 964 3152 ὑπό
983 3110 1040 3169 της

76 3186 196 3254 ἐνθέου
220 3210 350 3273 γραφης
377 3186 492 3273 ἐχθροὶ
514 3186 574 3253 τού
604 3189 687 3254 λαοῦ
711 3188 770 3254 τοῦ
794 3188 879 3254 θεοῦ
903 3180 1041 3252 όῖνωθεν

144 3419 175 3466 ιι
193 3418 240 3471 Es.
255 3419 294 3480 ιο,
309 3418 332 3466 ι,
