2326 3818
329 140 514 192 οοΜοΝεΤ.
534 139 666 192 ονιαα.
685 141 718 191 v.
736 144 760 191 9.
780 143 818 194 ιο.
988 138 1051 202 325

83 285 237 370 σέβουσι,
262 277 302 350 τοὶ
326 293 405 352 θεῖα
430 276 524 367 λόγια
548 277 770 366 πιστούμενοι.
813 269 910 359 οὗτος
930 278 971 367 θη
990 272 1052 349 οὖν

84 380 183 464 αὐτὸς
203 385 234 465 ἐξ
254 385 386 452 ἐκείνου
408 380 448 450 τὰ
472 385 530 468 τῆς
549 379 719 468 εὐσεβείας
737 383 908 469 σπέρματα
928 388 973 462 εἰς
991 380 1052 450 ὄιν-

83 483 244 574 θρώτιονς
261 481 567 571 καταβαλλόμενος,
586 480 800 570 ἀνθρώπειον
817 477 945 562 ὑποδὺς
965 481 1052 562 εἶδός

84 615 119 655 τε
138 586 192 654 καὶ
211 591 339 673 σχῆμα,
357 587 405 677 τῷ
421 593 579 671 θεοφιλεῖ
594 581 779 672 προπάτορι
792 581 941 670 Ἀβρααμ
963 580 1052 662 ὅστις

58 698 136 774 τελη
155 682 257 754 αὑτὸν
282 688 420 774 ἐξέφηνε
442 687 499 754 καὶ
522 682 584 771 την
601 691 661 754 τοῦ
687 682 809 774 πατρὸς
828 679 933 753 αὑτοῦ
951 711 1050 772 παρε-

86 793 185 856 δίδου
202 784 349 875 γνώμην.

425 1000 503 1074 ’And
521 1010 578 1091 τῆς
597 1000 707 1091 αὐτῆς.
1067 996 1120 1098 [ἓξὲξ

80 1128 155 1194 “529
142 1153 157 1186 ο
171 1129 257 1194 αντός
270 1129 429 1214 προφήτης
434 1129 480 1184 ἐπὶ
493 1149 543 1184 τον
531 1125 653 1211 Ἰακώβ
665 1129 842 1211 σαφέστερον
855 1126 991 1214 ἐμφαίνει
1004 1127 1053 1183 τὸν

85 1198 265 1268 δηλούμενον
281 1197 396 1266 κύριον,
414 1191 447 1251 ὃν
466 1197 503 1280 δὴ
522 1198 572 1250 καλ
595 1201 668 1251 θεον
688 1199 741 1251 καὶ
763 1194 885 1278 ἅηγελον
902 1194 1052 1265 οῗποκαλεῖ,

46 1285 72 1322 10
314 1285 365 1321 τον
353 1238 426 1320 ἐπὶ
439 1263 556 1319 πάντων
569 1268 643 1320 θεοῦ
656 1267 827 1332 προσειπών

161 1404 196 1463 X.
219 1385 309 1459 ’Καὶ
342 1387 511 1478 ἐπορεύθη
544 1397 590 1470 εἰς
615 1389 770 1480 Χαρρὰν,
802 1387 901 1459 καλ’
882 1389 1080 1478 αιτήντησεο

85 1489 194 1584 τόκῳ
213 1493 269 1560 καὶ
287 1488 450 1579 ἐκοιμήθη
470 1494 553 1560 ἐκεῖ·
574 1496 635 1560 ἐὸν
652 1490 716 1580 γὰρ
734 1487 752 1560 ὁ
770 1487 872 1578 ἥλιος.
907 1494 963 1560 καὶ
982 1499 1054 1560 ἐλα-

84 1590 180 1679 βεν’
164 1592 228 1660 απὸ
246 1595 315 1661 τῶν
333 1600 458 1679 λνθων,
477 1593 567 1661 καλέ
552 1599 657 1679 ἔθηκε
673 1593 756 1682 πρὸς
773 1597 921 1681 κεφαλης
939 1588 1054 1680 αὑτοῦ,

84 1696 141 1762 καὶ
165 1691 326 1782 ἐκοιμηθη
352 1696 389 1762 ἐν
412 1722 458 1785 τοι
483 1691 574 1786 τόπῳ
593 1698 664 1762 ἐκεί
649 1701 727 1786 ίνῳ,
752 1697 808 1763 καὶ
827 1692 1053 1781 ἐνυπνιασθη

46 1819 71 1860 15
85 1797 142 1863 καὶ
167 1792 242 1864 ι’ὃού
266 1797 384 1883 κλῖμαξ
409 1766 676 1919 ἐστηριγμένηί
646 1822 692 1874 ες
709 1825 771 1884 την
788 1800 870 1885 γῆν,
894 1785 934 1883 ἧς
960 1795 979 1883 ἡ
999 1823 1054 1864 κε-

84 1893 174 1984 φαλη
192 1891 364 1984 ἀφικνεῖτο
383 1895 480 1977 εἰς
447 1924 507 1965 τον
524 1892 688 1984 οὐρανὸν,
713 1900 823 1967 καὶί
788 1903 823 1966 ολ
842 1894 977 1984 αγγελοι
995 1903 1054 1964 τοῦ

83 2002 168 2092 θεοῦ
186 1993 366 2085 ἆνέβαινον
383 1999 439 2066 καὶ
458 2001 656 2085 κατέβαινον
675 1994 729 2068 ἐντ’
750 1995 865 2085 αὐτην.
903 1994 1039 2067 ὁθέ’
997 2026 1054 2066 κν-

84 2124 154 2184 ριος
179 2097 392 2186 ἐνεστήρικτο
418 2094 473 2167 ἐπ’
495 2095 613 2187 αὐτῆς,
639 2102 696 2168 καὶ
722 2101 830 2187 εἶπεν,
856 2096 919 2186 ἐμοὶ
939 2097 1077 2188 κύριοςο

85 2195 102 2265 ὁ
125 2195 205 2276 θεὸς
221 2193 368 2287 Ἀβραολμ
392 2202 451 2268 τοῦ
476 2198 598 2288 πατρός
617 2221 698 2287 σου,
722 2199 814 2270 καὶὸ
839 2198 918 2279 θεὸς
935 2197 1054 2285 Ἰσαὰκ,

47 2324 72 2363 20
85 2295 130 2386 μὴ
148 2302 272 2386 φοβοῦ·
300 2295 320 2386 ἡ
339 2301 382 2386 γῆ
401 2297 455 2387 ἐφ’
476 2295 520 2386 ἣν
538 2299 581 2369 σύ
598 2298 778 2383 καθεύδεις
793 2297 845 2369 ἐντ’
866 2299 984 2387 αὐτὴν,
1003 2305 1055 2369 σοὶ

86 2396 184 2467 δώσω
203 2395 308 2487 αὐτὴν
333 2401 389 2468 καὶ
413 2405 458 2490 τῷ
478 2402 644 2488 στιέρματί
665 2422 735 2469 σου.
781 2406 810 2469 2.
831 2404 886 2469 καὶ
911 2408 1003 2470 ἐσται
1019 2400 1055 2468 τὸ

84 2503 216 2589 σιτέρμα
233 2520 295 2569 σον
313 2495 358 2580 ὣς
376 2495 396 2587 ἡ
413 2496 520 2588 ἅμμος
537 2504 595 2588 της
612 2499 804 2588 θαλάσσης,
829 2505 884 2569 καὶ
907 2511 1056 2571 πλατυν-

83 2600 225 2687 θήσεται
245 2603 299 2670 ἐπὶ
316 2599 497 2672 θάλασσαν
520 2604 576 2671 καὶ
594 2598 757 2683 ιἰνατολάς
776 2604 831 2672 καὶ
857 2605 910 2671 ε’τιλ
928 2607 1056 2691 βορρᾶν

84 2704 140 2770 καὶ
158 2710 253 2789 λίβα·
282 2706 337 2772 καλ
357 2701 682 2792 ἐνενλογηθήσονται
694 2707 730 2775 ἐν
743 2707 796 2775 σοὶ
814 2709 918 2773 παῖσαι
935 2711 973 2773 αλ
988 2733 1056 2792 φν-

46 2806 196 2870 λαὶ
156 2831 215 2888 της
232 2831 293 2891 γης
316 2805 373 2873 καὶ
401 2808 438 2873 ἐν
461 2809 507 2897 τῷ
526 2808 692 2895 σπέρματί
707 2828 777 2876 σον.
822 2808 878 2875 καὶ
898 2803 973 2875 ἐδον
992 2804 1056 2893 ἐγώ

85 2908 152 2989 εἰμι
170 2901 251 2989 μετὰ
269 2909 331 2972 σοῦ
339 2874 611 2992 ,διαφυλασσων
630 2928 668 2976 σε
687 2911 780 2976 ἐν
741 2936 781 2998 τη
800 2903 871 3000 ὁδῷ
888 2909 996 2997 τιαση,
1015 2935 1056 2975 ον
1116 2913 1125 2928 ’

83 3032 126 3072 αν
144 3008 331 3094 πορενθης,
351 3006 407 3074 καὶ
424 3000 624 3095 ἆτιοστρέψω
643 3027 680 3078 σε
699 3014 731 3076 ε
730 3036 746 3088 ς
763 3007 825 3098 τὴν
838 3038 902 3097 νην
919 3007 1055 3095 ταύτην,

82 3102 132 3174 ὅτι
151 3100 192 3173 οὐ
210 3102 256 3194 μή
273 3125 311 3176 σε
330 3109 555 3195 ἐγκαταλίπω,
576 3110 637 3188 ἕως
657 3137 718 3178 του
707 3112 872 3196 ποιησαί
889 3138 930 3198 με
948 3107 1056 3179 πάντα

80 3227 143 3275 οσα
169 3205 311 3294 ἐλαλησα
335 3229 396 3278 σοι.
439 3212 468 3277 3.
494 3210 550 3277 καὶ
576 3211 739 3302 ἐξηγέρθη
760 3207 923 3298 Ἰακώβ’
904 3208 969 3279 αιτὸ
992 3216 1082 3278 τοῦο

56 3483 62 3492 .
154 3441 182 3488 11
204 3439 274 3494 Gen.
288 3442 329 3504 28,
346 3443 385 3491 10.
