2326 3818
152 110 213 172 194
554 109 706 162 ευεΕΒΠ

150 247 420 336 άνατεθείκασιν,
434 244 575 336 ἁγνείαν
588 252 733 337 παντελῆ
747 250 802 318 καὶ
815 255 1005 338 παρθενίαν
1014 247 1116 338 ἀσκή-

151 372 259 420 σασαι.
296 356 347 420 22.
367 354 427 420 ἕνα
444 349 506 439 μὲν
525 341 586 420 οὖν
609 348 795 438 μηλόβοτον
813 348 1034 420 καταλιπόντα
1053 348 1117 440 τὴν

150 455 270 521 ἑαυτοῦ
287 450 400 541 χάραν
417 449 583 542 προφάσει
601 458 800 539 φιλοσοφίας
818 448 958 536 άγουσιν
977 442 1044 520 ὦδε
1058 449 1115 521 κά·

121 569 239 623 εκείσε
271 558 507 641 περιφέροντες
534 548 701 640 Ἑλλήνων
731 558 866 633 παῖδες·
907 550 1114 644 Δημόκριτος

150 653 262 735 αὐτοῖς
280 644 375 735 οὗτος
393 645 445 743 ἦν.
491 655 546 722 καὶ
564 653 698 742 Κράτης
724 649 771 734 εἷς
789 649 869 743 παρ’
896 652 1008 736 αὐτοῖς
1025 666 1142 725 &av-5

149 755 299 845 μάζεται,
318 753 368 825 ὅτι
393 753 434 842 δὴ
453 752 516 841 τὴν
533 749 654 824 οόσίαν
672 752 864 824 καταλιποδν
882 772 951 836 τοῖς
966 762 1117 838 πολίταις

149 855 248 937 αὐτὸς
269 855 388 925 ἑαυτὸν
406 853 539 944 Κράτης
557 854 712 944 Κράτητα
726 854 914 947 ἠλευθέρου
928 855 1114 945 κομπάζων.

149 964 199 1026 23.
220 962 254 1027 οί
278 959 314 1026 δὲ
338 961 406 1026 τοῖν
421 953 528 1043 Ἰησου
544 954 654 1043 λόγων
680 958 819 1044 ζηλωταὶ
837 964 950 1045 μυρίοι
968 955 1027 1028 τόν
1043 956 1115 1046 άρι-

149 1057 256 1145 θμδν,
280 1054 355 1126 ἀλλ’
382 1054 444 1146 οόχ
463 1053 510 1138 εἷς
534 1054 615 1127 οὐδὲ
634 1056 711 1146 δύο,
735 1055 793 1138 τάς
811 1056 941 1147 κτήσεις
965 1055 1114 1148 άπεμτιο-

150 1158 310 1245 λήσαντες
333 1162 452 1246 πένησι
472 1161 527 1228 καί
542 1163 670 1229 ἐνδεέσι
683 1156 972 1248 μεταδεδώκασιν,
992 1149 1040 1229 άν
1058 1163 1114 1230 καί
1130 1191 1155 1230 ιο

133 1257 245 1329 ἀὐτοὶ
262 1259 470 1350 τυγχάνομεν
492 1258 656 1349 μάρτυρες
681 1259 919 1348 συγγενόμενοι
942 1258 1115 1351 τοιούτοις,

150 1365 205 1432 καί
224 1360 336 1443 αὐτοῖς
355 1369 475 1451 έργοις,
495 1357 568 1429 ἄλλ’
590 1359 630 1430 06
649 1359 758 1449 λόγοις
775 1360 889 1449 μόνοις
908 1365 964 1450 της
976 1366 1037 1432 τοῦ
1051 1360 1115 1452 Ἰη-

149 1467 212 1534 <506
228 1471 411 1552 μαθητείας
438 1461 632 1543 συνιδόντες
655 1460 694 1532 τά
718 1462 968 1553 κατορθώματα.
1012 1468 1063 1534 24.
1083 1473 1119 1534 τί

121 1598 133 1636 ο
149 1564 211 1653 χρὴ
238 1568 348 1653 λέγειν
373 1562 493 1634 ὁπόσαι
519 1562 680 1653 μυριάδες
706 1568 762 1633 καὶ
785 1562 896 1634 αὐτῶν
920 1562 1114 1654 βαρβάρων,

149 1663 223 1753 οὐχὶ
243 1667 279 1735 δὲ
296 1663 400 1755 μόνον
413 1663 597 1753 Ἑλλήνων,
618 1668 653 1733 έκ
670 1668 738 1734 τῶν
751 1663 860 1753 Ἰησοῦ
876 1663 986 1753 λόγων
1003 1671 1116 1736 πᾶσαν
1130 1695 1154 1736 ιε

148 1767 210 1854 μὲν
232 1765 463 1855 ὑπερεκκῦφαι
487 1765 656 1835 πολύθεον
674 1764 821 1853 πλάνην,
845 1767 903 1836 τόν
927 1769 964 1836 δδ
989 1770 1116 1856 πατέρα

149 1869 204 1937 καὶ
224 1865 429 1957 δημιουργὸν
441 1872 541 1936 τοῦδε
554 1871 613 1935 του
631 1865 753 1948 παντὸς
766 1865 870 1955 μόνον
887 1870 1014 1938 εἰδέναι
1031 1868 1116 1938 θεὸν

150 1968 398 2056 ἐμαρτύρησαν;
417 1962 457 2036 δν
475 1964 576 2036 πάλαι
594 1966 789 2055 φιλοσόφων
807 1965 853 2048 εἷς
872 1966 972 2056 μόνος
990 1967 1114 2039 όΠλά

148 2097 216 2137 των
235 2097 249 2138 ε
253 2068 332 2149 ίδώς
358 2076 404 2148 είς
422 2065 547 2150 πάντας
566 2070 718 2159 ἐκφέρειν
741 2067 902 2157 ὡμολόγει
918 2100 963 2159 μη
951 2071 1114 2159 τολμᾶν,

150 2167 336 2260 διαρρήδην
354 2167 510 2258 φάσκων
513 2167 584 2239 τόν
597 2161 710 2258 μὲν
671 2200 733 2240 ουν
746 2174 871 2260 πατερα
885 2174 940 2240 καί
955 2177 1114 2262 δημιουρ
1128 2201 1154 2243 εο

149 2270 211 2359 γδν
227 2274 326 2342 τοῦδε
343 2279 403 2342 τοῦ
429 2269 551 2352 παντὸς
576 2269 709 2396 εὑρεῖν,
706 2301 742 2342 τε
766 2279 864 2362 ἔργον
890 2269 1007 2342 κάλ’
972 2272 1115 2363 ευρόντα

150 2381 196 2454 είς
223 2373 349 2456 πάντας
367 2370 537 2444 άδάνάλον
563 2369 709 2461 λέγειν.”
744 2378 795 2475 25.
815 2370 900 2443 άλλά
917 2378 1034 2494 έκείνφ
1052 2376 1116 2462 μέν

148 2477 240 2544 καλ”
222 2499 320 2565 εργον
339 2471 431 2566 εδρελ
433 2505 451 2545 ν
418 2472 627 2545 λέδόκει
594 2505 631 2545 το
655 2470 806 2563 πρᾶγμα,
831 2465 932 2544 καὶ
911 2503 953 2562 ην
973 2473 1016 2556 ὡς
1034 2474 1115 2565 άλη-

80 2561 133 2660 [ιεα
148 2580 219 2657 θῶς
237 2580 408 2698 μέγιστον,
427 2573 596 2645 άδύνατον
615 2567 688 2645 δδ
669 2604 712 2663 ην
731 2573 819 2668 αάτςο
810 2579 948 2664 λέγειν
962 2583 1009 2657 είς
1027 2574 1114 2646 πάν-

147 2706 216 2764 τας,
235 2675 284 2747 ότι
302 2706 346 2765 μη
364 2704 477 2764 παρην
493 2673 584 2767 αὐτῷ
601 2674 745 2764 τοσαύτη
759 2705 808 2757 τις
820 2673 955 2765 εόσεβεί
953 2706 992 2758 ας
940 2676 1114 2752 ίδάνα-
1128 2707 1155 2749 εσ

148 2807 201 2864 μις
226 2774 287 2864 ὅση
310 2795 379 2858 τοῖς
393 2776 501 2866 Ἰησοῦ
517 2788 701 2866 μαθηταῖς,
727 2774 777 2859 οἷς
797 2777 910 2846 διά
869 2807 927 2867 της
941 2806 1000 2848 του
989 2780 1126 2848 διδα-’

149 2876 273 2947 σκάλου
299 2886 476 2969 συνεργίας
501 2879 559 2948 τδν
582 2882 710 2967 Ιπατέρα
738 2880 793 2948 καὶ
818 2876 1023 2969 δημιουργόν
1045 2883 1114 2950 τῶν

148 2972 236 3048 δ’λὼν
255 2977 366 3068 εὑρεῖν
388 3008 424 3049 τε
449 2983 504 3051 καί
531 2983 658 3068 γνῶναι
682 2977 801 3072 ῥηίδιον
817 2984 951 3068 γέγονε,
979 2983 1034 3051 καὶ
1056 2979 1114 3049 εὖ-

148 3086 265 3171 ροῦσιν
284 3087 330 3162 εἰς
354 3086 421 3151 πάν
443 3084 539 3169 γένος
556 3078 750 3171 άνθράκων
776 3085 960 3170 ἐξενεγκεῖν
986 3077 1115 3153 άνακα-

147 3182 250 3268 λόφαι
264 3186 363 3254 τεκαὶ
378 3188 551 3272 πληρώσαι
565 3186 620 3252 καὶ
635 3186 774 3273 κηρῦξαι
787 3183 849 3271 την
863 3190 990 3271 γνῶσιν
996 3184 1111 3273 κάσιν,
1126 3211 1152 3253 3ο

149 3284 231 3354 ὥστε
258 3289 373 3375 ἕκτης
397 3284 508 3356 αὐτῶν
532 3289 670 3355 ἐκείνων
690 3289 905 3368 διδασκαλίας
930 3285 1030 3354 εἰσέτι
1047 3287 1113 3354 νῦν

147 3384 230 3455 κατά
247 3385 305 3456 τὸν
323 3387 471 3478 παρόντα
484 3387 602 3478 καιρὸν
616 3390 652 3456 έν
665 3381 753 3466 ὅλοις
766 3403 834 3467 τοῖς
850 3389 901 3456 ἐπὶ
916 3387 977 3475 γῆς
995 3391 1113 3455 ἔθνεσι
