2326 3818
152 114 214 179 35ss
555 117 706 168 Εοοοοα

150 284 269 344 ματος,
299 251 374 325 ἀλλ’
402 252 443 326 οῦ
466 253 549 325 κατά
571 252 630 326 τόν
657 257 805 337 Μωσέως
827 254 949 344 νόμον,
982 254 1126 331 πάντων

151 353 344 446 ἀνθρώπων
363 353 518 445 εὐσεβεῖν
541 360 831 446 παρηγγελμένων.
874 360 979 426 ταῦτα
1004 360 1043 429 δὲ
1067 364 1126 433 καλ

152 460 206 526 ἐπὶ
224 457 286 547 τὴν
305 462 467 550 δευτέραν
485 461 540 530 καὶ
559 463 696 542 ἔνδοξον
721 456 919 547 ἐπιφάνειαν
937 463 997 530 τοῦ
1017 466 1126 551 σωτῆ·

152 589 208 648 ρος
227 555 429 652 ἀναφέροιτο
448 561 499 632 άν.

465 826 544 900 Ἀπδ
567 833 709 918 Ψαλμοῦ
727 827 796 912 κγ’.
1135 862 1161 903 5·

124 994 137 1033 ο
229 962 286 1033 lV.
301 960 530 1052 “Ὀφθήσεται
548 963 565 1035 ὁ
584 963 663 1055 θεὸς
681 966 748 1034 τῦν
766 969 858 1035 θεῶν
878 967 914 1034 ἐν
932 962 1034 1036 Σιάν.
1063 965 1126 1038 κά·

153 1091 203 1154 ριε
222 1063 239 1134 ὁ
258 1056 337 1145 θεὸς
355 1068 422 1135 τεῦν
441 1064 619 1154 δυνάμεων
637 1063 837 1136 εἰσάκουσον
859 1070 917 1155 τῆς
935 1073 1126 1159 προσευχῆς

152 1194 234 1255 μου,
254 1163 407 1236 ε’νάτισαι
425 1165 442 1236 ὁ
461 1167 540 1249 θεὸς
554 1166 686 1254 Ἰακώβ·
705 1164 937 1256 ῦπερασπιστά
955 1166 1053 1256 ἡμῶν
1071 1177 1125 1242 ἴδε

152 1262 168 1336 ὁ
188 1265 284 1358 θεὸς,
303 1270 358 1338 καὶ
378 1272 560 1357 ἑπίβλεψον
579 1269 632 1339 ἐπὶ
650 1267 687 1339 τὸ
705 1267 885 1357 πρόσωπον
902 1273 962 1339 τοῦ
976 1275 1126 1361 Χριστοῦ

152 1367 248 1441 σου.”
1136 1402 1159 1444 ιο

228 1477 260 1541 2.
291 1469 356 1542 Τὸν
378 1469 463 1542 θεὸν
489 1475 558 1542 τοῖν
582 1477 676 1542 θοῦν
704 1469 922 1561 ὀφθήσεσθαι
951 1476 1126 1563 προειπών

128 1611 138 1638 0
154 1570 285 1663 εὔχεται
298 1571 359 1662 τὴν
374 1571 573 1661 ἐπιφάνειαν
586 1570 690 1643 αὐτοῦ
702 1563 727 1662 ᾗ
739 1571 836 1662 τάχος
851 1577 1036 1664 ἐπιστῆναι,
1048 1573 1122 1646 καθ’

86 1699 139 1751 μου]
154 1670 193 1743 δν
218 1671 405 1762 ὀφθήσεται
428 1673 552 1764 τρόπον
577 1672 747 1744 διδάσκων
771 1671 826 1743 διά
843 1677 903 1743 τοῦ
915 1672 1125 1764 “έπίβλεψον

155 1777 209 1844 ἐπὶ
221 1771 258 1844 τῦ
273 1773 454 1865 πρόσωπον
466 1780 526 1846 τοῦ
533 1778 680 1864 Χριστοῦ
697 1771 800 1844 σου“”
820 1773 898 1845 ὡσεὶ
917 1779 1126 1869 σαφέστερον

155 1874 295 1968 εἰρήκει,
322 1876 378 1946 διά
395 1884 454 1947 τοῦ
472 1875 653 1966 προσώπου
671 1879 733 1946 τοῦ
749 1880 895 1964 Χριστοῦ
920 1900 983 1947 σου
1003 1877 1124 1969 ἐπιφά-
1135 1904 1159 1947 ιι

154 1990 245 2064 νηδι.
284 1981 353 2047 ἐπεὶ
372 1978 435 2065 γάρ
454 1974 471 2047 ὁ
492 1975 646 2066 ἑωρακώς
664 1973 722 2047 τδν
740 1977 816 2048 υίδν
834 1977 961 2067 ἑώρακε
985 1977 1046 2050 τὸν
1063 2007 1124 2051 πα·

154 2081 232 2166 τέρα
256 2077 315 2147 τὸν
338 2083 514 2167 πέμψαντα
532 2077 652 2166 αὐτὸν,
678 2078 812 2160 εἰκότως
837 2078 892 2148 διά
909 2087 969 2151 τοῦ
990 2079 1126 2171 προσοῦ-

155 2205 220 2248 που
247 2182 307 2248 τοῦ
325 2185 470 2270 Χριστοῦ
497 2179 766 2269 ἐπιφανήσεσθαι
788 2178 847 2250 τὸν
872 2184 909 2251 ἐν
925 2187 972 2274 τῷ
990 2186 1127 2278 Χριστῷ

156 2284 375 2350 κατοικοῦντα
392 2281 478 2352 θεὸν
495 2287 563 2354 τῶν
580 2285 672 2352 θεοῖν
691 2283 893 2370 ἐπαγγέλλει.

470 2550 550 2622 Ἀπό
573 2556 715 2639 Ψαλμοῦ
736 2550 803 2623 ’τεῖ

127 2708 140 2746 ο
231 2683 273 2753 V.
297 2679 451 2755 “”Αισατε
473 2692 520 2777 τῷ
545 2693 650 2778 κυρίῳ
680 2676 769 2776 ᾆσμα
793 2684 929 2776 καινδν,
952 2682 1053 2778 &aava
1076 2689 1127 2780 τῷ

155 2792 262 2877 κυρίῳ
281 2786 371 2855 πάσα
389 2785 409 2874 ἡ
427 2791 478 2876 γῆ.
521 2783 624 2877 ᾅσατε
646 2792 692 2879 τῷ
711 2795 838 2881 κυρίῳ,
863 2783 1064 2878 εῦλογήσατε
1088 2785 1127 2859 τδ

154 2883 260 2976 ὄνομα
284 2889 395 2958 αὐτοῦ.
440 2884 705 2977 εῦαγγελίσασδε
728 2887 856 2979 ἡμέραν
880 2893 913 2974 ἐξ
943 2888 1068 2980 ἡμέρας
1090 2886 1127 2960 τδ

156 2986 321 3080 σωτήριον
339 2988 451 3060 αὐτοῦ.
488 2986 706 3079 άναγγιίλατε
721 2994 757 3061 έν
770 3007 839 3073 τοῖς
858 2999 974 3063 ἔθνεσι
991 2989 1054 3080 τὴν
1073 2988 1127 3062 δό·

156 3094 216 3171 ξαν
243 3094 364 3179 αὐτοῦ,
392 3094 428 3161 ἐν
451 3097 532 3162 πάσι
551 3107 619 3174 τοῖς
637 3102 729 3174 λαοῖς
753 3091 792 3162 τά
809 3091 985 3182 θαυμάσια
1009 3089 1126 3181 αῦτοῦ,

156 3186 206 3261 ὅτι
223 3196 326 3282 μέγας
344 3190 458 3282 κάρτος
477 3196 532 3263 καὶ
551 3192 680 3275 αἰνετδς
697 3192 829 3286 σφόδρα
836 3197 854 3284 ,⁴
873 3191 1017 3285 φοβερός
1036 3199 1128 3266 ἐστιν

225 3427 304 3475 eps.
317 3426 358 3486 83,
374 3428 398 3475 ι.
504 3429 534 3477 13
552 3418 596 3481 σο.
611 3429 650 3492 14,
664 3428 689 3480 8.
