2326 3818
349 115 535 169 ουαοαευ.
555 114 688 170 ΕνΑαα.
707 115 742 166 11.
761 119 785 167 ο.
994 113 1053 175 117
1087 193 1090 202 .

90 263 218 345 ρανίοις
236 261 441 346 φωστήρσιν,
460 251 525 325 οἷοι
541 246 629 344 ήσαν
647 259 682 325 οἰ
696 253 819 342 πάλαι,
837 259 870 325 οἰ
887 261 1055 347 προφῆται

90 359 144 426 καί
164 363 200 428 οἰ
213 363 275 428 τοῦ
293 362 441 445 σωτήρος
457 353 554 444 ήμῶν
571 353 765 445 ἀπόστολοι,
790 351 840 438 οἰς
858 355 1055 450 Ιἐμαρτύρη-

89 480 149 529 σεν
168 458 283 548 εἰπὼν,
301 455 397 548 ὑμεῖς
418 457 490 527 ἐστὶ
513 454 549 527 τό
574 463 647 548 φώς
672 464 732 527 τού
756 456 898 547 κόσμου·
923 466 990 529 τῶν
1018 460 1054 529 δὲ

90 566 243 650 γηγενῶν
251 561 306 629 καί
324 565 536 650 χαμαιπετῶν
545 556 643 655 ἀμμω
661 564 722 648 γής
736 563 1052 651 παραβαλλομένων.

64 667 161 733 5105.
192 659 326 744 εἰκότως
345 665 381 733 ἐν
407 659 535 742 τούτοις
559 659 577 730 6
602 659 805 754 προφητικός
830 659 944 751 λόγος,
971 661 1055 731 ἐπὰν

88 761 125 832 τὸ
144 769 212 834 πᾶν
235 770 364 854 πλῆθος
387 769 456 834 τῶν
480 768 566 834 υίῶν
585 756 715 853 Ἰσραήλ
734 762 979 854 ἐκπεσούμενον
995 770 1054 852 τῆς
1068 790 1111 841 (τι)

88 861 183 949 ἀξίας
201 867 334 938 καὶτοῦ
350 873 584 957 μεγαλοφυοῦς
601 872 659 955 τής
678 863 797 955 ἀρετῆς
810 863 889 936 ὅλον
909 861 955 937 δι’
974 862 1055 937 όλου

87 971 285 1058 χαμαιπετὲς
302 966 486 1059 γενόμενον
503 973 708 1060 παραβληθῇ
731 975 772 1059 τή
789 965 886 1062 ἀμμω
911 973 969 1057 τής
992 979 1055 1038 θα-

88 1068 224 1160 λάσσης,
242 1069 316 1140 τότε
335 1067 376 1158 δή
394 1067 430 1139 τό
455 1067 659 1159 κατάλειμμα
683 1065 795 1141 αύτιὸν
817 1069 921 1159 μόνον
944 1069 1055 1160 σωθή-

51 1206 76 1245 10
90 1191 197 1240 σεται·
230 1173 306 1263 περὶ
331 1161 373 1242 ού
396 1178 658 1262 καταλείμματος
689 1180 829 1242 πλείστα
852 1169 934 1261 ήμϊν
958 1172 1055 1263 γεγύ-

88 1295 241 1400 μνασται.
280 1277 349 1344 106.
369 1279 472 1343 ταῦτα
492 1274 531 1342 δί
546 1294 651 1362 φησιν
670 1280 825 1362 ἔσεσθαι,
847 1269 930 1341 ίπάν
955 1272 1055 1355 αὐτός

72 1371 238 1465 όκύριος
263 1375 459 1462 συντέμνων
477 1375 533 1443 καί
558 1380 728 1445 συντελῶν
753 1327 853 1498 λόγόν
876 1370 958 1443 καθ’
977 1371 1056 1498 ὅλης

88 1479 145 1565 τής
175 1475 372 1564 οἰκουμένης
409 1473 570 1599 ποιήση,
583 1478 730 1599 ἐναργῶς
765 1473 802 1544 τό
839 1472 1055 1565 εὐαγγελικόν

89 1573 252 1668 παριστὰς
276 1574 447 1668 κήρυγμα,
481 1565 570 1647 ἐν
543 1605 582 1672 ςο,
606 1575 714 1666 πάσης
737 1581 796 1667 τής
819 1574 902 1647 κατὰ
926 1579 1055 1648 Μυσία

50 1710 76 1749 15
89 1676 249 1769 περιόδου
275 1682 312 1749 ἐν
344 1677 447 1777 εἰκόσι
477 1680 532 1748 καί
557 1677 737 1769 συμβόλοις
768 1681 823 1749 καί
853 1695 1055 1770 σωματικαῖς

88 1787 284 1870 θρησκείαις
307 1785 601 1906 περιαιρεθείσης,
610 1776 628 1850 6
647 1779 811 1871 σύντομος
834 1784 895 1851 τού
919 1779 1054 1871 εύαγγε-
1072 1805 1085 1844 b

89 1889 203 1953 λίου
188 1881 285 1972 λόγος
310 1889 357 1965 εἰς
386 1882 513 1964 πάντας
537 1878 740 1974 ἀνθρωπους
765 1886 1038 1975 παραδοθεὶς
997 1913 1055 1973 της

88 1993 293 2074 προφητείας
310 1981 373 2072 τήν
390 1981 556 2072 ἀλήθειαν
575 1983 788 2056 ἐπιστώσατο.

167 2092 237 2155 107.
269 2084 288 2112 “
300 2087 367 2156 Καὶ
386 2095 477 2156 ἔσται
496 2089 533 2156 ἰν
550 2089 591 2177 τῇ
609 2082 715 2179 ήμίρᾳ
734 2090 846 2176 ἐκείνη
864 2084 885 2176 ή
904 2091 976 2178 ῥίζα
992 2089 1056 2158 τού

49 2219 75 2258 το
85 2181 204 2256 Ἰεσσαὶ
235 2188 291 2256 καὶ
320 2183 338 2256 6
367 2183 586 2276 ἀνιστάμενος
610 2186 868 2280 ἀρχεινίθνων·
888 2185 941 2258 ἐπ’
962 2186 1053 2284 αύτῷ

88 2294 174 2377 ἔθνη
197 2289 383 2376 ἐλπιοῦσιν,
402 2291 458 2357 καλ
482 2295 572 2357 ἔσται
591 2284 612 2376 ή
636 2285 824 2372 ἀνάπαυσις
842 2287 947 2360 αὐτοῦ
963 2288 1052 2379 τιμή.

87 2390 144 2458 καὶ
162 2397 253 2459 ἔσται
273 2393 309 2459 ἰν
326 2417 367 2479 τη
352 2384 491 2482 ’ήμίρηι
510 2392 621 2509 ἐκείνη
646 2389 834 2479 προσθήσει
857 2389 971 2479 κύριος
995 2394 1056 2513 τού

89 2488 250 2573 δείξαι
213 2519 275 2579 την
293 2507 388 2580 χεῖρα
406 2486 521 2580 αὐτοῦ,
539 2495 600 2561 τού
618 2495 760 2580 ζηλῶσαι
778 2493 833 2562 καί
857 2497 1010 2620 ζητήσαι
1017 2489 1056 2562 τό

86 2592 315 2683 καταλειφθὲν
350 2587 536 2664 ὑπόλοιπον
568 2599 628 2665 τοῦ
664 2597 747 2664 λαού
779 2589 901 2682 αὐτού,
936 2589 955 2662 6
994 2590 1055 2666 ἕάν

49 2725 75 2765 25
89 2698 299 2786 καταλειφθῇ
316 2690 381 2765 ἀπό
399 2699 467 2767 των
480 2692 681 2788 Ἀσσυρίων,
699 2691 792 2767 καί’
773 2693 838 2766 από
863 2693 1052 2787 Αἰγύπτου,

87 2794 178 2864 καί’
162 2795 229 2865 από
247 2801 478 2886 Βαβυλωνίας,
497 2795 590 2868 ταδ’
572 2796 637 2868 από
655 2805 856 2886 Αἰθιοπίας,
881 2802 936 2868 καὶ
957 2793 1051 2868 Ἐλα-
1071 2833 1083 2860 e

86 2900 203 2986 μικτόν,
222 2899 278 2966 καλ
295 2894 361 2967 ἀπό
378 2893 476 2985 ἡλίου
494 2897 684 2989 ἀνατολῶν,
708 2901 764 2970 καὶ
782 2896 847 2970 ἀπὸ
859 2905 926 2971 τῶν
939 2898 1053 2989 νήσων

86 3002 144 3088 τής
161 2995 344 3087 θαλάσσης.
385 3001 441 3069 καὶ
459 2998 537 3089 ἀρεῖ
557 3018 695 3092 σημεῖον
720 3008 767 3084 εἰς
793 3001 833 3072 τὰ
859 3009 960 3090 ἔθνη,
996 3004 1052 3070 καί

86 3099 164 3182 τούς
205 3103 470 3191 διεσπαρμένους
494 3098 603 3173 Ἰούδα
634 3101 768 3188 σννάξει
807 3106 843 3174 ἐκ
877 3107 945 3174 των
979 3125 1051 3172 τεσ-

48 3236 73 3274 υο
87 3199 201 3294 σύρων
219 3201 397 3293 πτερύγων
415 3206 479 3292 τής·
490 3200 580 3293 γής.”

156 3438 186 3488 19
204 3438 250 3490 Εε.
271 3439 311 3502 11,
332 3439 371 3492 10.
