2326 3818
319 120 506 173 DEMONST.
526 121 660 176 EVANG.
677 123 715 177 11.
734 127 760 175 3.
966 124 1025 186 111

56 258 147 348 εἶπα,
167 261 229 342 ἕως
247 255 337 348 πότε,
356 257 468 351 κάριε;
487 261 543 331 καὶ
562 259 666 352 εἶπεν,
685 265 747 344 ἕως
765 257 808 333 ἀν
827 266 1027 353 έρημωθωσι

55 359 171 443 πόλεις
184 360 274 452 παρὰ
291 357 328 431 τό
340 359 386 451 μή
398 375 639 454 κατοικεῖσθαι,
658 365 714 433 καὶ
733 362 919 455 οἶκοιπαρά
932 363 969 436 τό
981 363 1028 456 μή

57 461 147 534 εἶναι
164 459 380 554 ἀνθρώπους,
398 466 455 533 καὶ
472 461 493 554 ή
511 467 555 554 γή
572 464 877 555 καταλειφθήσεται
896 473 1024 558 ἔρημος.

56 567 114 636 καὶ
130 561 213 653 μετά
225 567 328 635 ταῦτα
339 581 507 655 μακρνυεί
521 567 539 636 ὁ
552 563 631 648 θεὸς
648 564 725 649 τοὺς
742 565 958 657 ἀνθρώπους,
971 570 1026 638 καλ

28 663 360 756 επληθνυθήσονται
377 671 412 737 οί
427 669 706 757 καταλειφθέντες
725 671 779 738 ἐπὶ
796 675 854 758 τής
871 665 962 758 γής.”

135 773 185 838 82.
201 763 285 860 Ὅρα
311 767 353 858 δή
375 770 432 838 καὶ
460 773 610 841 ἐνταῦθα
634 777 710 841 τίνα
732 767 857 862 τρόπον
874 775 909 840 οί
924 799 1026 841 κατα-

56 873 254 960 λειφθέντες
280 867 382 940 πάλιν
406 872 459 941 ἐπὶ
482 875 540 961 τῆς
564 875 641 962 γῆς,
669 876 728 961 τής
751 875 868 961 λοιπής
895 867 1027 962 ἀπάσης

57 970 183 1063 ἐρήμου
202 973 439 1062 γενησομένης,
457 970 554 1062 μόνοι
577 971 886 1063 πληθυνθήσεσθαι
910 977 1026 1064 λέγον-

56 1101 120 1144 ται.
159 1071 230 1145 εἶεν
248 1070 281 1143 δ’
304 1067 347 1144 ἀν
364 1075 420 1143 καὶ
439 1063 531 1145 οὗτοι
549 1081 585 1145 οί
599 1080 659 1145 τοῦ
678 1079 825 1165 σωτήρος
844 1075 938 1166 ήμών
961 1107 1026 1167 μα-

19 1203 44 1244 ιο
57 1177 160 1264 θνηταὶ
175 1177 207 1259 ἐξ
221 1168 397 1266 Ἐβραίων,
417 1181 464 1257 είς
476 1173 602 1258 πάντας
616 1174 820 1267 ἀνθρώπους
838 1176 1027 1270 προελθόν-

56 1306 128 1366 τες,
146 1284 182 1347 οἳ
197 1279 254 1347 καὶ
279 1283 379 1367 δίκην
403 1279 590 1370 σπέρματος
613 1280 895 1369 καταλειφθέντες
920 1279 1025 1349 πολύ-

56 1407 140 1469 χουν
163 1375 396 1470 προσήνεγκαν
422 1377 480 1450 τὸν
507 1379 654 1472 καρπὸν,
672 1377 730 1464 τάς
757 1375 840 1451 καθ’
864 1377 943 1469 ὅλης
966 1384 1023 1469 τῆς
1038 1412 1082 1462 ιω)

56 1481 254 1571 οἰκουμένης
277 1484 345 1552 τών
369 1483 482 1552 έθυών
500 1484 690 1571 ἐκκλησίας·
726 1484 783 1551 καὶ
810 1482 875 1552 θέα
900 1511 954 1571 γε,
980 1478 1025 1563 ώς

56 1580 140 1653 κατὰ
157 1579 194 1652 τό
213 1577 295 1652 αάτό
312 1605 396 1672 φησι
403 1580 542 1666 τούτους
560 1584 622 1673 μὲν
639 1581 948 1673 πληθυνθήσεσθαι
965 1582 1024 1672 μό-

16 1711 44 1752 15
57 1712 138 1766 υους
156 1686 440 1774 καταλειφθέντας
460 1687 496 1755 ἐκ
512 1687 571 1774 τῆς
589 1688 657 1756 τών
672 1681 845 1758 Ἰουδαίων
867 1681 1023 1756 ἀποπτώ-
1037 1708 1082 1762 [ωε

57 1811 160 1875 σεως,
179 1789 328 1868 ἐκείνους
356 1815 395 1876 γε
419 1783 486 1876 μήυ
520 1785 659 1878 πάμπαν
695 1784 837 1880 ἐρήμους
873 1795 1021 1858 ἔσεσθαι.

57 1893 107 1959 83.
132 1881 176 1977 “ή
199 1891 243 1977 γή
260 1885 323 1977 γάρ
342 1885 465 1975 αὐτών,
484 1890 601 1978 φησὶν,
617 1888 923 1978 καταλειφθήσεται
947 1897 1025 1979 ἔρη-

56 1984 145 2080 μος.”
182 1991 279 2060 τοῦτο
298 1989 336 2058 δὲ
355 1992 411 2059 καὶ
428 1986 584 2080 ἀνωτέρω
598 1985 711 2073 αὐτοῖς
729 1994 857 2080 ἐλέγετο
875 1988 941 2061 ὑπὸ
965 1993 1026 2061 τοῦ

57 2086 163 2162 αάτοῦ
179 2088 365 2181 προφήτου,
383 2090 467 2161 κατά
480 2091 516 2162 τὸ
533 2086 576 2182 “vj
594 2098 636 2181 γή
649 2088 745 2182 ὑμῶν
764 2100 894 2185 έρημος,
914 2098 952 2163 αί
967 2091 1024 2162 πό·

16 2219 44 2259 20
58 2202 125 2274 λεις
144 2187 241 2282 ἀμών
263 2200 502 2283 πυρίκαυστοι,
526 2191 588 2283 τήν
617 2192 731 2284 χώραν
754 2190 850 2286 ἀμῶν
880 2192 1025 2266 ἐνώπιον

57 2289 153 2385 ὑμῶν
170 2292 336 2386 ἀλλότριοι
364 2302 602 2366 κατεσθίουσιν
625 2292 757 2386 αάτήν.”
814 2301 862 2366 84.
884 2294 964 2366 πότε
986 2296 1023 2367 δὲ

58 2397 113 2465 καὶ
136 2398 240 2467 ταῦτα
259 2399 442 2486 ἐπληροῦτο
461 2392 481 2485 ή
506 2393 571 2466 ἀπό
589 2403 657 2467 τών
680 2394 812 2488 χρόνων
834 2403 894 2467 τοῦ
918 2400 1052 2485 σωτήε

57 2525 114 2589 ρος
133 2491 244 2587 ήμών;
263 2500 324 2580 ἕως
341 2499 403 2587 μὲν
421 2495 484 2589 γάρ
509 2492 642 2568 οὐδέπω
667 2496 724 2580 τάς
749 2496 820 2567 κατ’
848 2493 950 2569 αὐτοῦ
969 2527 1020 2569 τε-

56 2597 263 2689 τολμήκεσαν
288 2605 504 2689 δυσσεβείας,
524 2595 586 2670 οάκ
603 2590 647 2689 ήν
665 2597 742 2690 ήγή
760 2598 872 2671 αὐτων
891 2606 1022 2690 ἔρημος,

18 2726 44 2767 ιε
58 2697 139 2772 οὐδὲ
154 2708 191 2772 αί
211 2698 324 2784 πόλεις
342 2708 584 2794 πυρίκαυστοι,
602 2696 683 2773 οὐδὲ
700 2701 761 2790 τήν
779 2699 891 2792 χώραν
910 2700 1023 2772 αὐτῶν

57 2799 223 2891 ἀλλότριοι
257 2801 458 2894 κατήσθιον·
489 2800 553 2874 ἀπὸ
586 2804 623 2874 δὲ
654 2807 712 2893 τής
749 2806 871 2875 ἐνθέου
908 2809 1023 2894 φωνής

58 2909 198 2992 ἐκείνης,
214 2902 254 2975 δι’
275 2894 314 2995 ής
331 2905 368 2975 τὸ
385 2908 507 2996 μέλλον
521 2904 636 2987 αὐτοῖς
654 2913 793 2977 ἔσεσθαι
818 2908 1023 2997 προυθέσπι-

57 3030 117 3077 σευ
135 3001 265 3088 αότὸςό
284 3004 394 3098 σωτήρ
409 3011 465 3078 καὶ
482 3004 595 3099 κάριος
613 3001 724 3096 ήμῶν,
745 3006 865 3097 είπών,
890 3004 1025 3098 ἀφίεται

56 3105 74 3177 ὁ
93 3109 183 3189 οἶκος
206 3104 302 3200 ὖμών
316 3117 453 3200 ἔρημος,
468 3112 501 3192 ἐξ
518 3113 650 3180 ἐκείνου
662 3110 718 3178 καλ
731 3106 770 3179 οὐ
789 3107 861 3199 μετ’
879 3108 919 3178 οὐ
938 3107 1023 3178 πολὺ

18 3236 44 3275 εο
57 3213 114 3298 τῆς
121 3208 334 3300 προρρήσεως
347 3213 626 3303 πολιορκηθέντες
636 3204 874 3300 ἀπὸῬωμαίων
890 3216 937 3291 είς
947 3215 1025 3301 ἔρη-

57 3340 121 3400 μον
139 3315 353 3401 κατέστησαν.
385 3317 434 3383 85.
450 3310 555 3385 καὶτὰ
574 3340 613 3402 γε
634 3324 741 3384 αίτιον
759 3319 816 3401 τής
829 3308 1023 3402 ἐρημώσεως

58 3408 169 3485 αὐτῶν
187 3412 204 3484 ὁ
223 3412 426 3505 προφητικός
445 3414 541 3506 λόγος
559 3410 747 3508 ἀπελέγχει,
766 3416 952 3506 μουουουηλ
968 3435 1033 3483 σα-
