2326 3818
151 159 214 224 505
558 157 707 209 Ευεεοιι

152 300 348 396 ἡγουμένων
365 326 400 368 τε
424 299 479 368 κοιλ
497 269 669 387 άρχόντοιν
692 297 919 384 διαλέλοιπεν,
943 292 1120 395 άναδέδειῇ

152 429 225 470 κιαι
244 400 282 470 δὲ
300 402 333 482 ἐξ
353 403 483 471 ἐκείνου
495 398 536 470 τά
548 402 606 486 τῆς
621 401 754 479 ἐλπίδος
768 400 823 467 καὶ
840 404 1043 489 προσδοκίας
1052 399 1121 472 τοῖν

153 504 265 571 ἐθνῶν
281 505 350 572 τοῖν
373 498 451 572 καθ’
481 496 559 589 ὅλης
577 505 634 588 τῆς
652 501 866 588 οἰκουμένης,
888 496 943 568 ὅτε
968 502 1023 569 καὶ
1044 499 1120 589 ἐλή-

151 612 237 673 λυθε
254 599 294 671 τά
311 601 514 691 ἀποκείμενα
531 604 577 692 τῷ
596 607 711 692 κυρίην.
737 605 789 669 52.
808 608 885 669 τίνα
904 600 940 669 δὲ
958 595 978 688 ἦ
997 598 1039 670 τά
1060 607 1120 691 δη-

152 701 373 793 λούμεναδιά
396 706 458 772 τού
470 697 621 789 “Ἰούδα,
646 700 685 772 σὲ
709 702 904 770 αίνέσαισαν
927 705 962 770 οί
977 699 1122 791 ἀδελφοί
1130 724 1142 767 ο

151 825 230 892 σου,
250 809 287 874 αί
301 804 408 892 χεῖρές
426 824 488 872 σου
507 804 561 871 ἐπὶ
578 800 686 872 νάτου
703 806 772 871 τῶν
790 805 923 891 ἐχθρῶν
940 824 1019 892 σου,
1038 801 1121 874 σκύ-

151 933 232 992 μνος
255 906 386 984 λέοντος
407 897 533 992 Ἰούδα,
565 905 600 972 έκ
631 905 778 989 βλαστοῦ
808 905 866 972 υίέ
889 932 955 991 μου
985 900 1118 993 άνέβης,

151 1004 329 1074 άναπεσοδν
348 1000 568 1128 έκοιμήθης“
546 1033 589 1085 ως
614 1005 700 1073 λέων
723 1000 826 1072 καὶ
803 1031 848 1083 ως
865 1001 1010 1132 σκύμνος
1028 1009 1120 1076 λέον·

81 1133 139 1186 (κιο)
150 1133 222 1193 τος,
240 1111 290 1188 τίς
298 1100 574 1229 ἐγερετάντόν;”
597 1106 700 1174 ταῦτα
698 1101 786 1235 γάρ
805 1102 883 1174 καθ’
911 1106 1027 1197 ἑτέραν
1047 1104 1120 1176 διά-

151 1235 248 1277 νοιαν
270 1205 310 1276 τά
329 1204 419 1300 αύτηο
442 1207 661 1295 ἀποκείμενα,
685 1195 707 1273 ά
730 1208 785 1274 καὶ
809 1203 894 1275 αὐτα
882 1206 994 1328 φέρε
1013 1236 1114 1278 κατα·
1126 1229 1151 1271 1⁰

150 1306 342 1431 νοήσωμεν,
368 1312 501 1399 προῖτον
522 1306 630 1400 τούτῳ
655 1301 959 1395 ἐπιστήσαντες,
935 1335 979 1388 ιυς
999 1306 1120 1398 διαφό-

151 1438 220 1498 ροις
243 1407 302 1479 τδυ
325 1406 470 1498 Χριστδν
493 1405 634 1498 ὀνόμασι
664 1406 926 1498 προσαγορεύειν
956 1407 1120 1481 είάθασιν

150 1515 185 1579 οί
199 1522 288 1580 θεῖοι
312 1518 467 1600 χρησμοί·
493 1510 564 1579 τοτέ
589 1509 650 1598 μὲν
674 1506 737 1598 γάρ
756 1507 858 1579 αὐτὸν
882 1514 1042 1580 καλοῦσιν
1056 1509 1120 1582 Ἰα-

150 1609 232 1699 κάβ,
246 1605 391 1699 ’Ἴακάβ
408 1607 425 1681 ὁ
440 1626 518 1692 παῖς
531 1639 607 1700 μου,
626 1607 847 1699 άντιλήψομοιι
857 1606 971 1697 αύτού,
986 1609 1120 1702 Ἰσραὴλ

67 1704 69 1711 ’
150 1710 167 1781 ὁ
187 1711 335 1794 ἐκλεκτός
353 1741 436 1801 μου,
455 1713 675 1797 προσεδέξατο
691 1706 795 1781 αύτὸν
813 1706 933 1801 ἡψυχή
951 1739 1028 1800 μον,
1047 1717 1157 1802 nol-1⁶

151 1834 205 1883 σιν
222 1829 290 1893 τοῖς
315 1820 451 1883 ἔθνεσιν
470 1810 611 1896 έξοίσει”
638 1815 693 1881 καὶ
711 1809 751 1881 τά
770 1814 853 1899 ἑξῆς.
890 1816 941 1880 53.
961 1808 1011 1890 οἷς
1030 1815 1119 1884 ἐπεί-

150 1942 246 2002 ρηται
264 1911 350 1995 “ἒιυς
372 1907 415 1983 άυ
439 1918 487 2003 θῇ
512 1915 565 1982 ἐπὶ
588 1916 646 2000 τῆς
669 1920 730 2001 γῆς
753 1919 880 2002 κρίσιν,
911 1911 966 1978 καὶ
992 1911 1045 1979 ἐπὶ
1070 1917 1121 2005 τῷ

149 2012 285 2100 ὀνόματι
302 2012 409 2083 αὐτοῦ
427 2020 511 2102 ἔθνη
531 2010 716 2083 έλπιοῦσι·”
752 2012 825 2084 τοτὲ·
840 2012 876 2082 δὲ
894 2006 995 2081 αύτόν
1009 2021 1121 2084 Σολο-

149 2117 244 2201 μοῐνα
268 2116 324 2183 καὶ
342 2117 458 2202 Λαβὶδ
483 2110 695 2205 ὀνομάζουσι·
723 2118 909 2204 Σολομῶνα
931 2113 993 2202 μὲν
1017 2109 1062 2195 ύς
1082 2118 1119 2185 έν

121 2213 204 2284 κου’
227 2219 353 2309 Ψαλμῷ
373 2220 645 2310 ἐπιγεγραμμένῳ
658 2217 720 2305 μὲν
735 2223 782 2297 είς
790 2218 985 2303 Σολομῶνα,
1001 2221 1117 2304 σαφῶς
1130 2239 1156 2280 κο

151 2316 187 2386 δὲ
204 2316 244 2386 τά
262 2320 339 2407 περὶ
356 2321 415 2388 τοῦ
425 2323 570 2406 Χριστοῦ
583 2319 778 2406 περιέχοντι.
803 2322 853 2386 54.
869 2315 905 2386 τὸ
918 2316 981 2407 γάρ
992 2310 1119 2386 “ιιατα-

148 2417 319 2509 κυριεύσει
336 2417 401 2490 άπὸ
418 2417 592 2508 θαλάσσης
609 2423 671 2499 ἕως
689 2417 882 2506 θαλάσσης,
901 2420 957 2486 καὶ
975 2415 1040 2487 άπὸ
1059 2445 1117 2488 πο·

147 2524 254 2609 ταμού
276 2524 338 2602 ἕως
362 2518 516 2608 περάτων
538 2523 596 2606 της
620 2522 834 2607 οἰκουμένης,
859 2519 915 2587 καὶ
942 2516 1051 2588 πάντα
1076 2517 1118 2588 τά

148 2627 233 2707 ἔθνη
259 2618 501 2690 δουλεύσουσιν
525 2614 650 2711 αὐτῷ,”
684 2621 740 2687 καλ
762 2617 825 2688 ὅσα
847 2616 975 2699 τούτοις
1003 2623 1076 2709 ἑξῆς
1099 2614 1117 2689 δ

153 2718 289 2806 Ψαλμὸς
314 2720 460 2809 περιέχει
483 2716 575 2811 μόνῳ
598 2720 645 2811 τῷ
662 2722 795 2811 Χριστῷ
818 2716 952 2807 ἁρμόζοι
976 2715 1027 2791 άν.
1063 2724 1114 2790 55.
1129 2740 1155 2782 25

148 2821 263 2905 Λαβὶδ
284 2820 320 2888 δὲ
339 2822 375 2889 ἐυ
392 2817 454 2907 κη’
476 2825 602 2914 Ψαλμῷ
620 2817 722 2889 πάλιν
739 2817 757 2889 ὁ
776 2816 916 2909 Χριστὸς
934 2817 1116 2910 άνηγόρευ·

146 2947 217 3008 ται,
237 2923 309 2992 ἐπεὶ
326 2920 371 3011 μη
388 2925 434 3015 τῷ
452 2923 583 3010 Δαβὶδ,
602 2918 694 3014 μόνῳ
709 2921 746 2990 δέ
760 2917 852 3014 αύτῷ
868 2919 1056 3010 κατάλληλα
1073 2917 1117 2992 άν

149 3030 201 3110 εἴη
219 3025 275 3091 καὶ
292 3019 332 3092 τά
351 3026 387 3092 έν
404 3021 511 3117 τούτῳ
529 3020 703 3112 λεγόμενα,
722 3018 795 3093 οἷον
812 3018 848 3093 τὰ
862 3020 985 3105 “abtas
1000 3027 1116 3093 ἐπικα-

122 3122 281 3195 ελέσεταί
295 3153 352 3214 με,
377 3121 485 3215 πατήρ
501 3153 567 3213 μου
587 3122 618 3193 εἶ
634 3122 694 3212 σὺ,
712 3120 803 3212 κάγοδ
821 3123 1032 3214 πρωτότοκον
1048 3121 1116 3211 θή-

149 3246 246 3312 σομαι
269 3223 388 3314 αὐτὸν,
412 3223 543 3315 ὑψηλὸν
567 3221 748 3314 παράτοῑς
766 3228 940 3314 βασιλεύοι
967 3220 1025 3312 τῆς
1041 3229 1112 3314 γῆς.
1128 3245 1154 3288 ³0

147 3369 350 3385 -Q-——au

215 3454 248 3504 14
265 3456 313 3508 Εε,
325 3457 368 3521 42,
383 3458 406 3506 1.
511 3458 544 3506 22
563 3456 608 3509 Ρε.
622 3458 663 3520 71,
675 3459 700 3511 8.
803 3458 837 3506 28
855 3455 903 3509 Ρε.
915 3456 957 3520 88,
971 3455 1013 3507 26.
