2326 3818
150 151 214 212 274
556 148 705 201 Ευευοιι

150 287 292 377 γράφων
320 286 378 359 τόν
410 292 606 376 δηλωθέντα
637 295 677 378 τῇ
705 295 764 359 τοῦ
793 285 942 375 άληθοῦς
971 299 1133 377 Χριστοῦ

130 398 368 482 ,προσωνυμίᾳ
393 399 575 480 τετίμηκεν.
617 394 668 460 54.
687 394 784 460 τοῦτο
810 391 845 459 δὲ
865 396 1052 479 παρίστησι
1072 400 1132 467 καλ

149 490 166 560 ό
191 505 287 575 θεῖος
312 490 510 580 ἀπόστολος,
535 494 642 579 λέγων
664 494 741 579 περὶ
765 494 832 560 τῶν
858 490 939 560 κατά
965 498 1131 579 Μωσέως

149 592 262 683 νόμων
286 592 322 663 τό
341 592 485 674 “οίτινες
504 589 725 681 ὑποδείγματι
742 595 798 661 καὶ
823 595 900 684 σκιᾷ
918 594 1128 681 λατρεύουσι

147 702 215 765 τῶν
234 691 480 782 ἐπουρανίων.”
516 697 572 763 καί
590 693 691 764 πάλιν
704 691 825 764 “σκιάν
842 691 905 783 γάρ
919 701 1008 782 ἔχων
1027 692 1048 767 ὁ
1067 696 1151 771 τιό-τ

120 827 132 866 ο
147 826 207 886 μος
228 802 298 866 τῶν
322 793 512 884 μελλόντων
535 792 710 883 άγαθῶν.”
755 798 811 864 καλ
841 794 943 865 πάλιν
961 789 1034 885 ’μὴ
1063 790 1128 873 οὖν

147 926 196 978 τις
214 896 298 984 ὑμάς
318 899 456 986 κρινέτω
475 891 495 985 ἢ
515 900 552 966 ἐν
569 895 708 985 βρώσει,
731 891 753 984 ἢ
772 901 809 966 ἐν
826 894 939 983 πόσει,
963 890 986 984 ἢ
1006 902 1048 970 ἐν
1065 906 1127 991 μέ-

148 1025 198 1086 ρει
222 1000 352 1087 ἑορτῆς,
376 993 397 1085 ἢ
421 1006 621 1088 νουμηνίας,
646 993 667 1086 ἢ
691 996 887 1087 σαββάτων,
912 993 1024 1069 άέστι
1044 1002 1126 1073 σκιά

146 1102 214 1167 τῶν
231 1095 456 1187 μελλόντων.”
494 1105 545 1170 55.
567 1106 598 1170 εί
619 1098 683 1187 γάρ
708 1097 748 1169 τά
766 1101 843 1185 περὶ
865 1102 924 1187 τῆς
941 1103 1012 1170 τῶν
1028 1111 1126 1193 βρω-

146 1197 259 1288 μάτων
277 1199 478 1290 ἀδιαφορίας
496 1201 608 1270 καὶτὰ
627 1201 703 1288 περὶ
723 1203 847 1287 ἑορτῶν
869 1202 925 1269 καὶ
944 1204 1124 1290 σαββάτου
1135 1234 1157 1275 ιι

146 1305 453 1392 νενομοθετημένα,
480 1298 524 1383 ῶς
548 1298 592 1371 άν
615 1299 741 1390 σκιῶδη
765 1299 863 1390 όντα,
895 1299 1123 1395 ὑπογραμμὸν

146 1406 269 1494 ἑτέρων
300 1402 439 1493 άληθῶν
469 1407 526 1473 καλ
556 1407 728 1492 μυστικῶν
752 1400 956 1491 πραγμάτων
982 1411 1122 1497 ἔσωζεν,

144 1502 208 1575 οάκ
221 1503 402 1585 ἀπεικότως
418 1510 502 1594 ἐρεῖς
513 1508 568 1575 καὶ
581 1504 640 1574 τὸν
652 1502 805 1593 ἀρχιερέα
819 1506 990 1587 είςέτέρου
1002 1503 1122 1598 ιἰρχιε-

145 1610 227 1693 ρέως
241 1612 472 1695 παρειλῆφθαι
486 1604 667 1695 σύμβολον,
687 1607 743 1674 καὶ
751 1602 896 1693 Χριστόν
910 1600 1015 1676 αὐτόν
1030 1611 1122 1681 ἕπον

143 1706 322 1797 νομάσθαι,
342 1715 388 1797 είς
408 1711 521 1795 ἑτέρου
539 1714 599 1777 τοῦ
612 1705 717 1795 μόνον
736 1710 791 1776 καὶ
808 1703 944 1794 άληθῶς
951 1718 1151 1796 Χριστοῦ·ιι

142 1807 300 1879 τοσούτόν
318 1838 356 1897 γε
374 1809 440 1898 μὴν
459 1807 655 1896 λειπόμενον
672 1812 732 1877 τοὺ
750 1806 911 1896 ἀληθοῦς,
930 1806 1012 1878 καθ’
1033 1809 1121 1885 ὅσον

142 1908 159 1978 ὁ
178 1911 240 1999 μέν
253 1909 383 1998 ἀληθὴς
391 1906 532 1997 Χριστός
545 1908 627 1994 πρὸς
640 1912 701 1978 τοῦ
717 1916 787 1979 τῶν
799 1906 888 1980 ὅλων
901 1913 985 1981 θεοῦ
998 1906 1120 1987 άκοάει

137 2006 269 2080 “κάθον
290 2015 325 2079 ἐκ
351 2015 468 2093 δεξιῶν
486 2038 567 2099 μου,
587 2014 648 2091 ἕως
665 2005 708 2079 άν
724 2014 779 2080 θῶ
795 2008 872 2090 τούς
891 2009 1035 2099 ἐχθρούς
1053 2038 1119 2086 σου

143 2107 329 2182 ὑποπόδιον
355 2115 423 2181 τῶν
447 2117 561 2181 ποδῶν
585 2109 680 2182 σου.”
727 2115 782 2191 καλ
804 2109 1051 2199 “κατυκυρίευε
1076 2121 1118 2187 δν

141 2215 231 2305 μέσῳ
254 2216 321 2283 τῶν
346 2217 478 2304 ἐχθρῶν
503 2210 597 2284 σου.”
641 2218 691 2282 56.
718 2216 774 2282 καὶ
791 2207 853 2282 “gu
878 2210 1021 2303 γαστρός
1048 2217 1150 2307 πρδι

144 2312 318 2403 ἑωσφόρον
338 2312 500 2405 έγέννησά
519 2311 593 2386 σε.”
628 2315 684 2384 καὶ
696 2311 830 2403 “ῶμοσε
848 2313 978 2404 κίριος,
999 2320 1059 2387 καὶ
1073 2318 1116 2393 οὗ

74 2450 126 2501 μοι)
143 2415 456 2506 μεταμεληθήσεται.
493 2413 538 2487 σό
556 2413 664 2505 ιἐρεός
684 2421 730 2495 είς
747 2413 806 2486 τόν
824 2421 931 2486 αἰῶνα
948 2414 1033 2486 κατὰ
1050 2417 1116 2509 τὴν

140 2521 231 2600 τάξιν
251 2515 494 2608 Μελχισεδέκ.”
530 2515 577 2586 δι’
599 2507 647 2586 ῶν
665 2521 780 2604 σαφῶς
798 2521 946 2606 γέννημα
965 2520 1020 2587 καὶ
1039 2518 1116 2604 υἱός

140 2626 224 2688 θεοῦ
242 2617 306 2708 πρό
325 2616 501 2707 ἑωσφόρον
519 2620 576 2687 καὶ
590 2615 654 2707 πρό
667 2614 774 2705 πάσης
793 2625 1011 2708 δημιουργίας
1027 2618 1114 2694 ὑπο·

140 2719 217 2800 στὰς
242 2719 377 2800 αίῶνιος
400 2717 831 2809 ιἰρχιερεὺςάναπέφανται.
863 2725 914 2789 57.
933 2717 951 2789 ὁ
968 2720 1010 2790 δὲ
1026 2732 1112 2795 Μω-
1124 2750 1150 2793 ιι

141 2823 223 2900 σέως
242 2818 402 2910 Χριστός,
421 2817 493 2891 οἷον
511 2823 549 2892 ἐν
567 2819 709 2911 δράματι
732 2817 793 2891 τόν
809 2819 917 2891 τόπου
935 2824 973 2891 έν
990 2829 1116 2913 βραχεῖ

139 2919 472 3011 καθυποκρινάμενος
490 2920 617 3016 χρόνῳ,
636 2939 741 2993 κεῖται
760 2927 796 2992 ἐν
814 2934 954 3012 θνητοῖς
978 2932 1111 3011 λελογι-

139 3025 277 3110 σμένος,
310 3025 411 3118 έτέρφ
438 3022 499 3113 τὴν
522 3021 687 3113 ἀλήθειαν
709 3027 757 3117 τῷ
778 3021 870 3117 μόνην
899 3025 955 3093 καὶ
984 3020 1113 3112 άληθεῖ

138 3122 317 3213 παραδούς.
355 3128 410 3194 καὶ
430 3123 447 3195 ὁ
466 3126 528 3215 μὲν
546 3122 823 3215 άληθὴςΧριστός
837 3123 878 3196 οὐ
893 3128 1031 3214 δεηθεὶς
1048 3130 1110 3216 τῆς

108 3225 219 3298 εκατά
244 3228 371 3296 λίωσέα
402 3234 558 3315 χρίσεως,
590 3223 666 3297 οὐδ’
700 3230 813 3296 ἐλαίου
837 3230 1025 3298 σκευαστοῶ
1050 3231 1149 3301 καλῶ

203 3465 218 3510 4
238 3461 309 3510 νει.
323 3461 346 3520 ε,
361 3464 385 3514 ε.
408 3464 447 3523 ιο,
462 3464 485 3512 1.
590 3462 605 3510 ο
623 3458 681 3510 σοι.
695 3461 719 3525 ν,
734 3462 773 3510 17.
