2326 3818
132 113 175 176 44
546 114 696 165 EUSEBII

133 251 217 323 άλλά
240 282 315 323 τινα
338 249 456 323 καινόν
479 255 535 322 καὶ
558 255 637 324 νέον
664 250 849 344 άνθρωπον
871 251 999 325 θεόθεν
1022 251 1104 326 άπε·

81 361 326 479 ιιοισταλμένον
367 361 418 424 43.
438 357 700 444 μετατνθεμένου
724 356 763 425 δέ
779 356 841 426 τοῦ
857 364 1105 477 θνσιαστηριόν

134 459 224 549 παρά
241 455 281 528 τά
298 486 344 551 τω
333 461 485 528 Μωσει
508 462 672 528 δοκοῦντα
680 454 840 548 ,άνάγιιη
857 462 947 528 πᾶσα
966 460 1022 528 καὶ
1040 462 1104 529 τοῦ

134 565 286 643 Μωσέως
303 559 409 649 νόμου
432 558 620 684 μεταβολήν
643 562 811 648 γενέσθαι
850 560 920 630 εἶτα
940 559 978 629 δέ
994 558 1105 631 θόον-

133 694 187 747 τες
205 662 384 788 Αἰγύπτιοι
407 668 452 756 τῷ
478 664 532 733 ἐπὶ
556 660 692 733 πάντων
715 667 786 756 θεῶ
810 660 943 743 πάντως
961 688 1028 733 που
1046 664 1156 742 καλσς

137 766 321 859 ιερωσόνης
352 763 608 852 άξιωθήσονται.
659 769 849 855 ιερωμένων
882 768 965 855 δήτα
994 771 1105 852 Λίγυ-

135 879 240 941 πτίων
259 866 299 938 τά
317 870 394 955 περὶ
412 873 563 938 Λευιτῶν
581 868 636 936 καλ
654 870 723 961 τῶν
747 871 783 937 ἐκ
803 870 960 957 διαδοχῆς
973 864 1105 957 Ἀαρῶν

135 982 260 1042 ,Μωσεῑ
282 971 520 1058 διατεταγμένα
544 964 654 1039 οὐκέτ’
684 965 728 1039 άν
752 973 881 1057 γένοιτο
905 985 974 1050 τοῖς
998 975 1106 1057 Αίγυ-
1130 1028 1133 1033 .

135 1080 242 1154 πτίοις
260 1069 411 1161 χρήσιμα.
453 1076 505 1139 49.
532 1068 601 1160 ῶρα
620 1069 663 1159 δή
680 1060 743 1142 οόν
760 1075 876 1161 καινής
901 1079 1107 1159 νομοθεσίας

136 1180 210 1244 δεῖν
229 1180 276 1254 είς
292 1172 354 1263 τήν
370 1176 438 1242 τῶν
456 1176 674 1261 δηλουμένων
695 1171 864 1243 σόστασιν.
912 1180 948 1242 τί
964 1175 1021 1258 δίς
1039 1162 1107 1261 άρα
1119 1203 1146 1244 ιο

82 1305 121 1356 11⁵]
139 1281 211 1363 είκή
228 1273 323 1345 ταῦτ’
350 1272 628 1364 άναπεφῶνηται;
652 1268 673 1363 ή
698 1278 754 1345 καὶ
776 1279 869 1356 τέλος
889 1272 1107 1363 έπενήνεκται

110 1408 122 1446 ι
136 1397 204 1461 τοῖς
223 1377 349 1469 λόγοις;
374 1381 496 1461 σκέψαι
521 1375 552 1447 δ’
575 1367 638 1447 οὖν
662 1383 692 1446 εί
708 1375 753 1466 μή
777 1376 939 1466 σήμερον,
958 1380 1044 1463 λέγω
1062 1374 1108 1466 δή

137 1479 214 1553 καθ’
236 1477 339 1571 ήμάς,
358 1477 473 1563 αὐτοῖς
491 1497 559 1562 τοῖς
577 1477 765 1569 ὀφθαλμοῖς
782 1474 926 1569 ὁρῶνται
943 1474 983 1548 οὐ
1001 1475 1109 1566 μόνον

138 1582 335 1670 Αίγόπτιοι,
359 1575 443 1650 άλλά
468 1584 523 1651 καὶ
548 1584 616 1650 πάν
633 1584 729 1669 γένος
746 1588 814 1651 τῶν
827 1583 908 1667 πρὶν
924 1586 1108 1650 εἰδωλολα-

137 1688 228 1770 τρῶν
240 1680 445 1771 άνθρῶπων,
454 1680 513 1763 οὓς
527 1676 548 1769 ή
562 1681 745 1772 πρόρρησις
760 1680 815 1752 διά
826 1686 895 1753 τῶν
907 1688 1107 1770 Αίγυπτίων
1120 1710 1147 1752 ιτ

137 1783 306 1876 ᾐνίττετο,
334 1787 392 1872 τής
416 1787 477 1873 μὲν
502 1787 673 1854 πολυθέου
697 1787 751 1854 καὶ
781 1787 974 1873 δαιμονικής
999 1779 1109 1872 άπηλ-

138 1891 304 1977 λαγμένον
321 1884 462 1974 πλάνης,
481 1885 539 1956 τὸν
555 1887 591 1955 δέ
604 1891 674 1955 τῶν
691 1889 873 1974 προφητῶν
882 1884 967 1956 θεδν
979 1882 1110 1955 άνακα-

138 1988 317 2077 λούμενον·
345 1993 396 2057 50.
408 1991 464 2056 καὶ
480 1984 632 2075 εόχονται
645 1989 681 2057 δὲ
698 1984 809 2058 οόκέτι
822 1996 953 2058 πλείοσι
966 1994 1108 2076 κυρίοις,

140 2092 191 2160 ἑνὶ
212 2090 248 2158 δὲ
265 2092 313 2180 αφ’
329 2087 421 2181 μόνω
440 2095 547 2181 κυρίῳ
565 2088 648 2158 κατὰ
661 2088 698 2158 τὸ
713 2086 804 2179 ἱερόν
821 2088 946 2178 λόγιον,
965 2092 1020 2158 καὶ
1033 2086 1110 2160 τοά·

137 2220 184 2285 τῳ
202 2188 445 2280 θυσιαστήριον
462 2188 615 2278 άναίμων
632 2194 688 2260 καὶ
712 2194 856 2278 λογικῶν
873 2194 1006 2262 θυσιῶν
1023 2189 1108 2261 κατά
1122 2219 1150 2260 ιο

114 2291 179 2363 «τά
206 2290 305 2362 καινά
331 2291 498 2383 μυστήρια
523 2297 582 2380 τῆς
608 2296 686 2373 νέας
716 2295 772 2362 καὶ
799 2297 915 2381 καινῆς
943 2290 1110 2382 διαθήκης

138 2392 221 2467 καθ’
240 2393 318 2484 ὅλης
335 2399 393 2485 της
411 2394 606 2485 άνθρῶπων
623 2398 820 2484 οίκουμένης
834 2392 1052 2484 άνεγήγερται
1071 2398 1111 2465 έν

138 2497 225 2589 αὐτή
246 2526 282 2568 τε
308 2497 470 2591 Αίγόπτφ
502 2501 557 2566 καλ
580 2514 649 2577 τοῖς
674 2506 802 2576 λοιποῖς
821 2504 937 2566 ἔθνεσι
954 2493 1013 2565 τόν
1030 2494 1107 2585 τρό-

139 2625 204 2668 πον
229 2597 482 2685 αίγυπτιάζουσι
508 2596 592 2667 κατά
618 2597 680 2684 τήν
708 2604 938 2686 δεισιδαίμονα
965 2595 1107 2686 πλάνην.

136 2705 190 2791 Ι51.
210 2702 275 2767 νῶν
292 2695 374 2769 καθ’
393 2694 478 2788 ἡμᾶς
496 2697 516 2786 ή
534 2701 594 2767 τοῦ
610 2705 679 2768 τῶν
695 2696 784 2768 ὅλων
796 2703 883 2770 θεοῶ
896 2702 1018 2787 γνῶσις
1037 2706 1108 2768 δια·
1122 2726 1151 2769 σε

140 2797 315 2887 λάμπουσα
338 2799 401 2887 τὴν
424 2808 538 2872 πίστιν
560 2796 809 2890 ἀναμφίλεκτον
832 2804 899 2871 τῶν
925 2812 1109 2890 προθεσπι-

140 2905 294 2972 σθέντων
313 2905 591 2992 ἐπισφραγίζεται.
626 2906 731 2972 ταῦτα
750 2904 787 2972 δέ
805 2910 913 2992 ἔργοις
940 2901 1109 2973 ἐπιτελού-

140 3033 225 3095 μενα
252 3001 359 3093 ὁρῶν,
389 3000 465 3074 ἄλλ’
492 3000 602 3075 οὐκέτ’
636 2999 719 3095 άκοή
742 3002 1020 3095 προσδοκώμενα,
1049 3002 1110 3075 τόν

140 3109 274 3231 καιρὸν,
300 3104 428 3176 ὁπόθεν
451 3105 514 3194 τήν
530 3102 663 3229 άρχήν
653 3110 723 3177 τῶν
744 3104 946 3232 πραγμάτων
965 3111 1108 3195 ειληχεν,

141 3205 216 3279 οὐδ’
236 3206 338 3280 αλλον
356 3204 562 3336 άναζητήσας
581 3202 733 3299 εὑρήσεις
750 3203 772 3297 ή
789 3209 847 3278 τὸν
864 3211 922 3296 τῆς
940 3213 1108 3333 σωτηρίου
1122 3234 1149 3276 ω

114 3309 559 3397 1έπιφανείας.52.αὖτός
584 3307 649 3402 άρα
672 3300 767 3392 οὗτος
791 3301 834 3398 ἦν
859 3305 1044 3397 έκεῖνος,“
1025 3338 1066 3378 ον
1089 3307 1107 3378 ὁ

141 3410 287 3503 χρησμός
316 3410 457 3502 ἐδήλου,
482 3410 592 3504 φήσας
621 3409 818 3483 ἀποστελεῖν
843 3410 902 3482 τδν
930 3414 998 3482 τῶν
1020 3408 1108 3481 ὅλων
