2326 3818
127 155 192 218 472
537 153 688 206 Ειιεωιιιι

131 293 178 366 ἀν
196 295 257 384 μέν
275 301 314 386 τῇ
332 292 433 384 φύσει
451 297 617 380 τοιοῦτος,
646 295 783 381 κληθείς
808 293 846 362 δέ
863 294 918 362 καὶ
936 288 1018 384 παρ’
1037 289 1107 363 ἀν·-

129 394 282 484 θρωποις
308 404 488 486 Ναζιραῖος
514 391 580 464 ἀπὸ
606 401 665 482 τῆς
681 394 867 484 Ναζαρὲθ,
899 400 985 464 ἔνθα
1008 392 1106 482 παροδ

129 515 198 579 τοῖς
222 495 303 567 κοτά
328 494 434 586 σάρκα
459 498 595 585 γονεῦσι
617 492 679 582 τὴν
704 497 740 565 έν
763 497 880 565 παισὶν
904 493 1102 585 ἀνατροφὴν

63 628 115 677 μοι)
131 606 256 688 ἔσχηκε.
293 603 343 668 50.
365 598 417 668 διὸ
436 600 586 669 λέλεκται
599 594 689 685 παρὰ
701 599 749 688 τῷ
766 603 935 688 Ματθαίφ
949 591 1102 686 “χρημα-

129 703 257 781 τισθείς
282 700 318 769 δὲ
341 695 416 769 κατ’
441 697 524 788 ὄναρ
550 696 670 787 (δῆλον
693 697 730 766 δὲ
753 693 803 767 ὅτι
828 692 846 766 ὁ
867 693 1003 786 Ἰωσὴφ)
1024 695 1134 767 ἀνθεῖ

131 799 283 889 χώρησεν
301 807 348 880 είς
365 796 405 869 τά
423 800 507 888 μέρη
519 804 577 886 τῆς
590 804 781 886 Γαλιλαίας,
800 799 855 867 καὶ
870 795 981 868 έλθιδν
994 797 1101 890 κάτηέ·

130 923 233 990 κησεν
253 907 299 980 είς
323 898 421 969 πόλιν
446 901 629 987 λεγομένην
646 896 801 989 Ναζαρὰ,
827 896 916 979 ὅπως
934 905 1106 989 πληρωθῇ

130 999 167 1070 τὸ
186 1001 292 1091 ῥηθὲν
311 1000 366 1070 διδι
383 1003 451 1071 τῶν
468 1005 666 1092 προφητῶν,
689 995 740 1068 ὅτι
759 1007 954 1087 Ναζωραῖος
971 1001 1104 1088 κληθή-

133 1096 260 1170 σεται.”
292 1105 343 1171 51.
363 1107 432 1171 ἔδει
444 1101 506 1190 μέν
523 1099 586 1190 γαρ
604 1097 710 1170 αὐτὸν
724 1102 756 1182 ἐξ
771 1097 916 1181 ἅπαντος
929 1098 1031 1188 φύσει
1046 1103 1104 1170 καὶ

133 1200 278 1293 ἀληθείᾳ
295 1209 465 1293 ναζιραίον
483 1199 581 1288 ὅντα,
608 1199 698 1271 τοῦτ’
721 1207 811 1271 ἔστιν
834 1198 931 1289 ἀγιον
948 1202 1003 1270 καί
1022 1197 1143 1272 ἀθι-ιο

133 1328 212 1373 κτον
226 1304 280 1372 καὶ
294 1300 539 1394 ἀφωρισμένον,
559 1305 592 1383 ἐξ
610 1297 802 1389 ἀνθρώπων
817 1305 983 1390 κληθῆναι
996 1299 1103 1393 ταύτῃ

132 1407 173 1494 τῇ
196 1411 417 1497 προσηγορία·
450 1401 523 1472 ἀλλ’
552 1403 622 1474 ἐπεὶ
647 1402 693 1492 μὴ
717 1406 753 1472 ἐκ
782 1410 842 1473 τοῦ
865 1403 962 1495 ναζέρ
987 1407 1104 1473 έλαίον

133 1503 254 1593 ταύτης
281 1513 376 1594 ἔτυχε
399 1508 457 1593 τῆς
480 1511 720 1595 προσηγορίας,
744 1501 790 1593 μὴ
815 1505 950 1591 δεηθείς
968 1501 1103 1592 ἀνθρω-

105 1633 119 1673 ι
135 1614 235 1676 πίνου
253 1614 441 1695 χρίσματος,
462 1609 498 1675 έκ
511 1609 570 1676 τοῦ
583 1605 687 1676 τόπον
704 1605 929 1696 τῆςΝαζαρέθ
941 1603 1004 1692 τὴν
1018 1607 1102 1674 έπω-

135 1714 260 1795 ννμίαν
279 1705 445 1795 ἐκτήσατο.
1116 1732 1143 1776 ιι

211 1812 261 1884 52.
287 1805 422 1878 Τούτων
444 1803 549 1887 οὕτως
573 1804 865 1895 ἀποδεδειγμένων
894 1803 1009 1897 καιρδς
1033 1809 1102 1876 έπι·

134 1910 324 1991 σκέψασθαι
337 1910 393 1978 καὶ
404 1912 436 1990 ἐξ
445 1909 563 1976 ὁποίου
576 1908 706 1993 γένους,
721 1909 753 1989 ἐξ
766 1905 883 1987 ὁποίας
894 1934 930 1977 τε
938 1905 1104 1998 Ἑβραίων

135 2013 244 2094 φυλῆς
262 2008 279 2076 ὁ
293 2007 403 2096 σωτὴρ
412 2015 480 2076 τῶν
489 2012 607 2094 ψυχῶν
620 2001 726 2096 ἡμῶν,
745 2004 911 2097 ὁΧριστὸς
927 2012 988 2077 τοῦ
1006 2010 1103 2096 θεοῦ,

135 2106 403 2191 προελεύσεσθαι
428 2104 629 2198 έκηρύττετο.
673 2106 806 2200 πρώτας
831 2109 868 2177 δέ
890 2106 949 2189 τάς
968 2107 1105 2197 εὐαγγε·

136 2204 228 2287 λικάς
243 2210 298 2277 καί
312 2210 389 2300 περὶ
402 2207 522 2278 τούτου
535 2207 774 2300 παραθήσομαι
784 2211 898 2296 λέξεις,
910 2207 975 2279 εἶθ’
991 2205 1104 2299 ὥσπερ
1117 2238 1145 2280 ει

135 2303 317 2398 ἀρμονίους
331 2316 519 2399 σφραγῖδας
531 2307 589 2391 τάς
600 2309 806 2400 προφητικάς
821 2308 938 2391 αὐταῖς
952 2307 1104 2398 ἐπιθήσω

134 2417 327 2502 μαρτυρίας.
374 2409 392 2480 ὁ
415 2411 478 2501 μὲν
500 2401 563 2481 οὖν
586 2421 764 2492 Ματθαῖος
788 2402 855 2481 ὦδε
878 2409 936 2482 τὸν
960 2408 1106 2502 Χριστδν

135 2505 218 2581 κατὰ
236 2512 344 2600 σάρκα
361 2522 557 2601 γενεαλογεῖ
566 2507 712 2600 “Βίβλος
729 2513 890 2600 γενέσεως
905 2509 1013 2600 Ἰησοῦ
1021 2521 1107 2602 Χρι-’

135 2617 233 2701 στου,
252 2617 329 2683 υίοῦ
347 2615 478 2701 Λαβὶδ,
497 2615 576 2682 υίοῦ
589 2609 746 2703 Ἀβραάμ.
780 2608 928 2703 Ἀβραὰμ
946 2614 1105 2700 ἐγέννησε

104 2751 116 2779 ε
135 2710 194 2782 τὸν
207 2713 334 2799 Ἰσαὰκ,
349 2709 458 2784 Ἰσαάκ
477 2713 513 2781 δὲ
532 2715 689 2802 ἐγέννησε
706 2711 765 2783 τὸν
776 2710 911 2803 Ἰακιδβ,
930 2710 1048 2801 Ἰακώβ
1067 2715 1106 2784 δέ
1118 2742 1145 2784 ιι

136 2814 295 2901 ἐγέννησε
317 2811 376 2882 τὸν
395 2808 550 2883 Ἰούδαν”
569 2816 625 2884 καὶ
649 2816 689 2884 τά
709 2816 794 2903 ἑξῆς.
835 2820 886 2884 53.
907 2812 1048 2905 συνᾴδει
1067 2806 1106 2884 δέ

136 2907 227 3005 αὐτῷ
251 2915 307 2982 καί
330 2911 347 2983 ὁ
371 2909 554 2997 ἀπόστολος
576 2917 684 3005 λέγων
696 2914 917 3005 ’ἀφωρίσθαι
941 2921 988 2996 είς
1007 2912 1106 3004 εὐαγ-

135 3013 249 3099 γέλιον
265 3019 349 3083 θεοῦ
368 3010 387 3083 δ’
400 3023 684 3106 προεπηγγείλατο
699 3014 756 3086 διὰ
768 3021 837 3088 τῶν
850 3023 1032 3107 προφητῶν
1046 3014 1105 3086 αὖ·

135 3119 195 3184 τοῦ
214 3119 251 3185 έν
269 3132 414 3205 γραφαῖς
432 3111 541 3205 ἀγίιιις
554 3119 631 3206 περὶ
648 3122 708 3188 τοῦ
722 3121 801 3189 υίοῦ
813 3115 918 3189 αὐτοῦ
935 3123 995 3187 τοῦ
1008 3142 1106 3205 γενο-

135 3218 239 3301 μένου
272 3221 308 3287 έκ
338 3220 523 3308 σπέρματος
547 3219 661 3305 Δαβίδ
690 3219 774 3288 κατὰ
805 3218 919 3308 σάρκα.
973 3220 1103 3306 γένοιτο
1117 3247 1146 3290 ιο

138 3362 341 3373 --.-.-

203 3448 220 3494 4
237 3446 376 3523 Mam-'22
389 3450 430 3500 τε.
551 3451 584 3501 νε
601 3448 701 3503 Μιιιι.
716 3451 739 3511 ι,
753 3451 776 3498 1.
896 3449 928 3499 ει
945 3447 1103 3511 Rom.1,1.
