2326 3818
117 155 181 219 390
522 155 671 207 Ευεευιτ

117 292 231 383 λαβῶν
258 308 391 385 θεωρεῖ.
440 301 492 365 2‘2.
519 297 607 382 λέγει
631 295 672 383 δή
691 286 753 365 οὖν
772 290 851 364 “nal
876 294 1022 385 ἐξήγειρε
1045 294 1085 366 τά

44 481 52 496 θ
118 399 288 486 Χερουβὶμ
312 397 369 478 τὰς
393 399 558 485 πτέρυγας
582 395 709 485 αὐτῶν,
743 399 799 466 καὶ
822 403 857 466 οί
876 400 987 486 τροχοὶ
1012 397 1087 488 ἐχό-

117 526 211 587 μενοι
229 497 359 587 αὐτῶν,
379 502 435 569 καὶ
453 495 473 587 ἦ
494 497 571 582 δόξα
589 504 674 569 θεοῦ
688 497 818 589 Ἰσραήλ
836 489 879 586 ήν
898 497 949 568 ἐπ’
972 497 1087 582 αὐτοῖς

117 598 273 690 ὑπεράνω
293 599 423 688 αὐτῶν,
442 603 497 669 καὶ
516 599 620 689 ἀνέβη
645 596 665 687 ή
685 599 764 683 δόξα
788 608 908 689 κυρίου
929 605 964 670 ἐκ
981 604 1087 690 μέσου

117 705 175 789 της
193 701 336 791 πόλεως,
363 704 419 771 καὶ
444 710 520 790 έστη
547 705 600 771 ἐπὶ
619 707 677 771 τοῦ
705 700 804 790 ὅρους
828 692 907 789 δῆν
925 700 1112 773 ἀπέναντιε

117 809 175 892 της
200 799 362 884 πόλεως.”
404 808 454 872 23.
474 799 556 892 ὅπερ
582 805 650 872 ἐστὶ
680 807 737 873 καὶ
758 800 866 884 ἄλλως
892 802 974 893 πρὸς
997 807 1088 888 λέξιν

117 904 200 995 δρᾶν
218 906 480 993 πεπληρωμένον
499 907 598 974 είσέτι
616 907 672 973 καὶ
690 902 847 994 σήμερον,
866 910 934 975 τῶν
949 912 1087 994 είςΧρι·

118 1006 198 1076 στὸν
220 1004 490 1076 πεπιστευκότων
512 1000 670 1076 ἁπάντων
688 1006 901 1095 πανταχόθεν
923 1011 984 1095 γής
1002 1028 1088 1077 συν-

117 1104 320 1195 τρεχόντων,
345 1105 405 1197 οὐχ
424 1103 467 1188 ῶς
486 1106 587 1177 πάλαι
613 1111 670 1195 τῆς
688 1107 770 1177 κατά
797 1106 858 1195 τήν
871 1107 1085 1197 Ἰερουσαλήμ

117 1204 256 1294 ἀγλαίας
275 1212 391 1298 ἕνεκα,
411 1205 487 1279 οὐδ’
509 1207 593 1281 ὥστε
611 1214 841 1300 προσκυνῆσαι
865 1213 901 1279 ἐν
918 1212 966 1302 τῶ
983 1208 1085 1279 πάλαι
1101 1239 1124 1277 ιο

89 1314 300 1380 εσυνεστῶτι
321 1314 374 1380 ἐπὶ
392 1315 448 1398 τής
463 1306 677 1400 Ἰερουσαλήμ
695 1309 884 1400 ἆγιάσματι,
907 1308 1087 1382 καταλύειν

118 1412 155 1480 δέ
175 1415 288 1482 ἕνεκεν
307 1417 454 1501 ἱστορίας
471 1440 507 1482 τε
524 1407 608 1501 ὁμοῦ
624 1416 681 1500 τής
700 1410 782 1482 κατά
799 1410 861 1501 τήν
879 1420 1087 1501 προφητείαν

116 1509 271 1596 ἁλώσεως
295 1517 350 1583 καὶ
376 1518 510 1603 ἐρημίας
533 1508 844 1603 τῆςἹερουσαλήμ,
868 1516 923 1584 καὶ
948 1519 1005 1601 τής
1031 1516 1085 1583 ἐπὶ

116 1613 152 1684 τό
170 1613 247 1705 ὅρος
264 1619 332 1686 τῶν
351 1619 472 1685 ἐλαιῶν
494 1615 531 1685 τό
555 1617 729 1685 κατέναντι
743 1611 956 1704 Ἰερουσαλήμ
981 1637 1087 1704 προσ-

116 1715 305 1805 κυνήσεως,
325 1724 410 1787 ἔνθα
428 1716 448 1805 ή
466 1715 544 1800 δόξα
564 1725 683 1806 κυρίου
702 1721 840 1807 μετέστη
860 1725 1086 1801 καταλείψασα
1098 1742 1124 1783 15

117 1815 178 1905 τήν
201 1821 367 1908 προτέραν
390 1818 497 1889 πόλιν.
543 1827 685 1906 ἔστησαν
710 1821 747 1888 δέ
771 1817 906 1908 ἀληθῶς
929 1822 983 1886 καὶ
1002 1815 1085 1886 κατά

116 1918 179 2007 τήν
198 1920 378 2010 πρόχειρον
396 1922 451 1989 καὶ
471 1917 575 2009 ῥητήν
595 1919 749 2008 διήγησιν
768 1926 802 1990 οἱ
825 1920 923 1999 πόδες
946 1926 1004 1987 τοῦ
1023 1946 1084 1986 κυ-

118 2029 193 2107 ρίου
212 2025 267 2089 καὶ
291 2026 439 2110 σωτῆρος
462 2016 572 2110 ήμῶν,
597 2017 702 2090 αὐτοῦ
727 2021 768 2110 δή
792 2029 851 2091 τοῦ
868 2025 952 2092 θεοῦ
970 2017 1082 2108 λόγου,

119 2119 163 2190 δι’
185 2112 225 2190 οὗ
243 2118 426 2210 ἀνείληφεν
443 2121 661 2214 ἀνθρωπείου
679 2122 824 2207 σκήνους
844 2126 897 2193 ἐπὶ
911 2125 970 2193 τοῦ
987 2119 1086 2210 όρονς

116 2226 185 2293 τῶν
209 2226 329 2293 ἐλαιῶν
353 2223 435 2314 πρός
462 2229 509 2318 τῷ
538 2222 657 2295 αὐτόθι
687 2226 893 2315 δεικνυμένου
921 2230 1126 2312 σπηλαίω,εο

119 2322 301 2414 εὐξαμένου
319 2354 356 2394 τε
374 2329 428 2395 καὶ
447 2345 516 2408 τοῖς
535 2330 655 2396 ἑαυτοῦ
664 2339 831 2415 μαθηταῖς
841 2329 895 2396 ἐπὶ
908 2330 967 2413 τής
981 2321 1087 2410 ἀκρω-

118 2420 209 2516 ρείας
227 2433 286 2498 τοῦ
304 2431 372 2498 τῶν
398 2432 519 2499 ἐλαιῶν
542 2426 641 2518 ὅρους
667 2425 706 2496 τά
724 2431 801 2518 περὶ
818 2431 876 2515 τής
894 2433 1088 2505 συντελείας

117 2529 283 2617 μυστήρια
301 2528 589 2618 παραδεδωκότος,
610 2531 771 2600 ἐντεῦθέν
790 2556 826 2598 τε
843 2527 904 2617 τήν
924 2535 970 2609 είς
988 2525 1086 2613 οὐρα-

51 2659 103 2710 [ιω]
118 2629 197 2710 νοός
215 2628 339 2700 ἀνοδον
357 2633 594 2720 πεποιημένου,
614 2629 658 2712 ῶς
676 2626 837 2711 όΛουκάς
857 2633 893 2699 ἐν
911 2645 982 2708 ταῖς
992 2626 1088 2716 Προί-

46 2763 106 2813 μιν)
121 2736 190 2813 ξεσι
215 2735 282 2801 τῶν
306 2729 502 2802 ἀποστόλων
527 2730 677 2801 διδάσκει
696 2731 835 2820 φάσκων
857 2727 907 2799 ὅτι
926 2727 968 2816 δή
987 2731 1024 2796 ἐν
1041 2733 1087 2820 τῷ
1100 2753 1126 2793 ετ

119 2838 186 2901 τῶν
204 2837 326 2902 ἐλαιῶν
343 2830 412 2922 όρει
431 2832 676 2924 συμπαρόντων
694 2830 784 2927 αὐτῷ
806 2835 875 2902 τῶν
893 2827 1089 2901 ἀποστόλων

114 2929 331 3021 “βλεπόντων
346 2932 458 3006 αὐτῶν
473 2935 616 3026 ἐπήρθη,
636 2937 690 3005 καὶ
705 2938 829 3024 νεφέλη
842 2933 1013 3022 ὑπέλαβεν
1030 2929 1088 3000 αὐ·

118 3032 176 3105 τόν
194 3032 258 3107 ἀπό
276 3044 344 3107 τῶν
367 3036 556 3127 ὀφθαλμῶν
579 3033 724 3107 αὐτῶν.”
762 3041 813 3106 24.
834 3035 954 3116 καλῶς
977 3030 1089 3103 ἀτενί-

118 3146 228 3221 ζοντες
245 3131 332 3228 ήσαν
351 3147 398 3220 είς
416 3139 474 3210 τὸν
492 3137 637 3229 οὐρανὸν
655 3141 884 3227 πορευομένου
898 3133 1014 3221 αὐτοῦ,
1033 3134 1089 3201 καὶ

120 3237 195 3309 ίδοό
221 3241 342 3331 ἀνδρες
369 3239 429 3311 δόο
453 3239 732 3332 παρειστήκεισαν
756 3237 869 3321 αὐτοῖς
900 3241 938 3308 ἐν
966 3239 1088 3322 ἐσθῆσι
1101 3261 1127 3302 ιο

156 3391 173 3395 --
190 3391 323 3398 -—--

189 3476 198 3522 ι
222 3475 270 3527 ει.
285 3477 324 3538 11,
339 3477 379 3529 τε,
486 3476 518 3524 ει
537 3473 598 3527 εει,
613 3475 666 3536 1‚9
