2326 3818
324 133 509 186 DEMONST.
530 133 663 186 EVANG.
682 135 730 188 VI.
749 137 840 185 9-11.
1007 134 1069 198 363

102 270 216 361 κύριος
236 269 291 342 διά
308 276 376 342 τῶν
389 281 497 343 θείων
513 277 672 364 χρησμῶν
685 268 915 362 ἀνηγόρευται,
946 280 976 345 2.
998 282 1069 345 ἐπι-

64 444 72 458 ,
102 371 224 461 στήσας
243 375 282 443 δέ
297 402 373 443 τινα
390 372 514 463 τρόπον
539 375 575 442 ἐν
598 372 731 460 σφόδρα
749 372 857 468 χρόνῳ
876 383 994 465 βραχεῖ
1010 375 1070 466 τὴν

101 478 213 545 πάσαν
230 477 431 562 οἰκουμένην
447 482 592 562 ἔπλησεν
609 469 626 544 ὁ
650 479 708 563 της
732 481 950 557 διδασκαλίας
968 474 1070 548 αὐτοῦ

100 574 209 663 λόγος,
229 566 267 645 εὖ
280 572 347 646 οἶδ’
366 575 416 646 ὅτι
429 573 465 646 τό
479 573 685 664 ἀποτέλεσμα
699 575 886 665 θαυμάσεις
898 584 956 665 τῆς
970 573 1070 667 προρ-

73 675 227 766 ερήσεως
251 675 447 766 φασκούσης
473 672 560 758 “ἕως
583 675 702 766 τάχους
727 683 901 768 δραμεῖται
925 676 942 746 ὁ
974 676 1070 766 λόγος

100 807 213 849 αυτου.

265 1029 346 1101 Ἀπὸ
364 1035 423 1120 τῆς
443 1032 601 1123 δευτέρας
619 1034 688 1100 τῶν
705 1035 902 1102 Βασίλειάν.

175 1196 225 1255 ΧΙ.
244 1180 336 1252 “Kal
361 1180 501 1270 ἐλάλησε
519 1184 633 1270 Δαβὶδ
658 1184 706 1276 τῳ
730 1190 837 1276 κυρίῳ
854 1180 932 1265 τούς
951 1182 1095 1272 λόγουςε

99 1286 157 1370 τῆς
176 1279 265 1375 ῳδῆς
284 1279 439 1371 ταύτης.”
464 1278 532 1353 εἶθ’
549 1285 622 1372 ἑξῆς
636 1305 719 1373 φησι
732 1279 811 1354 “nal
825 1293 957 1356 ἔκλινεν
970 1284 1070 1377 ούρα-

62 1411 87 1450 10
100 1379 180 1464 νούς
202 1385 259 1453 καὶ
282 1386 424 1474 κατέβη,
451 1386 506 1454 καὶ
531 1383 656 1474 γνόφος
679 1382 837 1456 ὑποκάτω
860 1390 928 1456 τάν
955 1394 1070 1456 ποδῶν

100 1483 214 1554 αὐτοῦ.
251 1487 307 1554 καὶ
325 1487 429 1575 ἐπέβη
448 1488 503 1555 ἐπὶ
521 1489 691 1577 Χερουβὶμ
710 1488 765 1555 καί
785 1486 971 1576 έπετάσθη,
997 1491 1069 1558 έπε-

98 1584 209 1673 τάσθη
229 1588 283 1655 ἐπὶ
300 1585 476 1676 πτερύγων
493 1584 643 1676 ἀνέμων,
662 1590 718 1657 καὶ
738 1595 834 1658 ἔθετο
852 1588 967 1671 σκότος
986 1585 1070 1659 ἀπο-

99 1685 235 1777 κρυφην
259 1684 395 1758 αύτού.”
444 1693 474 1759 2.
500 1691 556 1758 καὶ
580 1692 634 1759 ἐπὶ
656 1691 742 1759 τέλει
768 1695 827 1777 τῆς
852 1691 955 1779 αὐτῆς
981 1687 1069 1784 ῳδης

95 1783 222 1879 ’ρῦσαί
241 1817 283 1876 με
302 1789 436 1880 (φησὶν)
455 1793 488 1873 ἐξ
506 1786 706 1879 ἀντιλογιῶν
723 1795 815 1861 λαοῦ.
853 1791 1070 1881 καταστήσεις

59 1915 85 1956 15
98 1919 139 1979 με
157 1897 205 1971 είς
223 1887 375 1979 κεφαλὴν
393 1895 514 1962 ἐθνῶν.
540 1889 668 1973 λαὸςδν
681 1888 746 1962 οὐκ
764 1898 872 1980 ἔγνων
892 1892 1071 1962 ἐβούλευσέ

97 2021 170 2081 μοι,
196 1997 243 2073 είς
266 1989 371 2080 ἀκοὴν
396 1991 497 2064 ὠτίου
514 1991 691 2082 ὑπήκουσέ
705 2023 786 2083 μου,
811 1996 880 2064 υίοί
903 1992 1069 2085 ἀλλότριοι

98 2089 445 2184 ἀπορριφθήσονται.”

174 2200 203 2265 3.
219 2189 254 2265 ‘0
273 2190 578 2285 κλίναςόύρανούς
602 2196 658 2264 καὶ
685 2192 830 2282 καταβάς
848 2193 940 2283 θεὸς,
960 2191 976 2265 ὁ
998 2200 1098 2265 ἐπι-α

98 2293 159 2382 βάς
179 2285 207 2388 ῳ
223 2291 406 2384 ἀνείληφεν
430 2291 621 2388 ἀνθρώπῳ,
645 2291 761 2365 ὅντινα
778 2299 844 2366 νύν
861 2300 1033 2385 Χερουβὶμ
1051 2295 1068 2365 ὁ

59 2422 85 2463 ιο
98 2394 194 2485 λόγος
207 2392 370 2485 ὀνομάζει,
389 2392 515 2483 ἀνέπτη
533 2395 598 2464 σὺν
612 2391 703 2487 αύτῷ
716 2394 778 2483 τὴν
791 2391 915 2465 ἀνοδον
933 2422 1069 2483 πεποιη-

97 2500 196 2586 μένος
214 2498 297 2587 μετά
323 2501 391 2568 τῶν
420 2493 704 2588 δορυφορούντων
722 2490 825 2565 αὐτόν
842 2502 951 2565 θείων
968 2521 1069 2565 πνευ-

98 2597 230 2686 μάτων,
250 2598 427 2689 πτερύγων
444 2597 578 2689 ἀνέμων
591 2601 646 2668 καὶ
661 2596 774 2668 αὐτόν
792 2594 1066 2689 χρηματίζόντων.

98 2705 276 2782 σκοτεινάς
301 2703 338 2772 δέ
363 2704 467 2773 ταύτα
491 2703 547 2772 καί
572 2704 608 2771 ἐν
631 2698 835 2794 παραβύστῳ
864 2704 1069 2789 γεγενῆσθαι

98 2796 182 2866 κατά
205 2828 298 2880 τινας
322 2799 531 2891 ἀπορρήτους
555 2805 611 2872 καὶ
635 2802 866 2882 λανθάνοντας
891 2809 1070 2872 αἰνίττεται

59 2922 85 2964 25
100 2895 238 2985 λόγους,
262 2899 402 2986 φάσκων
421 2897 499 2971 “nal
525 2909 621 2973 ἔθετο
645 2902 760 2985 σκότος
783 2900 984 2993 ἀποκρυφίγν
1007 2901 1070 2972 αὖ·

98 2994 192 3069 τοῦ.”
234 2999 274 3069 τά
299 3001 337 3070 δὲ
355 3005 427 3089 ἑξῆς
445 2998 639 3085 ἀκολούθως
656 3007 698 3094 τῇ
715 3007 776 3075 τού
799 3011 946 3093 Χριστοῦ
970 3008 1069 3073 ἐναν-

98 3099 274 3189 θρωπήσει
291 3099 353 3190 τὴν
371 3101 441 3172 κατ’
463 3101 568 3174 αὐτού
590 3107 775 3195 γενομένην
798 3103 991 3193 ἀντιλογίαν
1009 3107 1069 3172 τοῦ

94 3199 268 3274 Ἰουδαίων
292 3212 375 3276 λαοῦ
398 3215 572 3295 σημαίνει,
597 3208 652 3276 καὶ
675 3204 827 3295 τὴντῶν
852 3210 963 3276 ἐθνῶν
980 3199 1069 3274 ἀπα-

100 3353 303 3362 --ι-ψ-

167 3438 182 3487 ε
201 3440 225 3487 2.
239 3439 308 3504 περ.
322 3441 363 3488 22.
