2326 3818
337 155 800 209 οααοαεν.ενλαο.να.ι.
994 156 1057 218 439

88 296 283 389 φητεόεται,
312 293 417 376 οὕτως
445 297 500 364 καὶ
527 302 584 383 τῆς
611 293 721 385 χώρας
747 293 877 384 ἀπάσης
900 302 959 367 τοῦ
975 295 1055 369 ’Iov-

89 408 195 470 δαίων
209 406 330 477 ἔθνους
344 402 403 467 τοῦ
417 425 453 466 τε
466 393 660 486 ἀμπελῶνος
678 395 788 466 αὐτῶν
807 405 854 477 είς
868 400 987 488 χέρσον
1001 402 1056 468 καλ

88 500 244 572 άκανθαν
261 502 569 589 μεταβεβλημένου,
594 500 649 566 καὶ
670 494 725 566 διά
743 501 847 567 ταῦτα
864 516 933 579 τοῖς
958 510 1056 570 πολε-

88 611 174 692 μίοις
198 604 490 691 παραδεδομένου,
521 608 663 689 ἔμπαλιν
695 605 730 668 ἐκ
760 601 908 690 θατέρου
936 603 1057 688 μέρους

61 707 157 773 επάν
174 701 250 793 ὅρος
273 698 518 791 ἀροτριοόμενον
544 698 852 792 ἀροτριαθῆσεσθαι
870 701 1056 790 προφητεύ-

88 835 166 876 εται.
203 803 347 894 ἡγοῦμαι
366 805 403 873 δέ
420 802 482 892 τῆν
498 804 559 872 τοῦ
576 805 723 892 σωτῆρος
741 801 836 891 ἡμῶν
851 798 960 892 Ἰησου
979 814 1056 893 Χρι·
1072 830 1125 879 (ιιι)

88 914 168 976 στοῦ
188 910 367 994 ἐκκλησίαν
384 903 490 985 οὕτως
504 911 724 993 αἰνίττεσθαι,
743 907 820 992 περὶ
832 896 870 992 ῆς
885 909 940 974 καὶ
960 900 1057 985 αὐτός

87 1031 191 1096 φησιν
204 1003 267 1078 “οά
286 1006 427 1078 δύναται
445 1005 540 1088 πόλις
560 1009 727 1096 κρυβῆναι
745 1005 857 1075 ἐπάνω
876 1003 974 1094 ὅρους
993 1035 1057 1075 κει·

87 1107 206 1198 μένη.”
242 1108 278 1179 τό
296 1109 359 1198 γάρ
380 1110 566 1197 ἐπηρμένον
583 1105 750 1196 μετέωρόν
772 1136 808 1176 τε
826 1110 881 1176 καλ
899 1103 1059 1191 ὑψιπετές

49 1237 74 1275 ιο
88 1215 148 1280 του
173 1216 231 1298 τῆς
258 1213 432 1297 ἐκκλησίας
459 1206 696 1296 πολιτεύματος
722 1205 798 1297 ὅρος
831 1208 974 1297 ἡγουμαι
1004 1207 1059 1279 διά

86 1309 215 1380 τούτων
238 1309 500 1400 ἀνηγορεῦσθαι.
544 1315 594 1379 87.
615 1313 711 1379 τοῦτο
739 1308 771 1377 δ’
799 1301 878 1398 οὖν,
903 1313 1003 1399 φησὶ,
1022 1310 1058 1380 τὸ

87 1409 163 1501 όρος
181 1409 428 1501 ἀροτριιόμενου
445 1407 743 1501 ἀροτριαθῆσεται,
772 1405 816 1491 τός
835 1410 880 1500 μῆ
901 1415 1058 1480 ἐπελθεῖν

89 1517 157 1583 ἐκεί
174 1511 302 1601 φόβον,
328 1509 412 1582 ἀλλά
438 1515 494 1582 καὶ
513 1519 559 1593 εἰς
578 1515 738 1582 τοσοῦτον
756 1509 836 1581 αὐτὸ
859 1521 1058 1601 μεταβαλεῖ-

88 1627 169 1684 σθαι
188 1612 253 1684 ἀπὸ
270 1616 328 1701 τῆς
346 1614 507 1703 προτέρας
523 1618 658 1704 ἐρημίας
673 1616 729 1682 καὶ
747 1617 867 1702 χέρσου
882 1616 937 1683 καλ
957 1609 1058 1683 ἀκάν-

49 1741 74 1779 1⁵
87 1727 164 1804 θης,
181 1714 225 1796 ὡς
238 1713 426 1803 ἐπιτήδειον
443 1718 645 1804 καταστῆναι
659 1722 706 1797 είς
720 1714 871 1804 βόσκημα
885 1714 1054 1804 προβάτου
1070 1743 1124 1794 μοι]

88 1820 143 1886 καλ
162 1816 379 1906 καταπάτημα
402 1817 489 1905 βοός.
534 1823 583 1887 88.
604 1819 659 1886 καὶ
690 1815 832 1906 πάρεστί
853 1846 891 1905 γε
911 1820 1085 1904 ἐπιλογί-ι)

88 1933 214 1990 σασθαι
231 1916 320 2000 ὅπως
336 1914 356 2008 ῆ
369 1923 431 1988 τοῦ
437 1923 583 2007 Χριστοῦ
598 1923 755 2005 ἐκκλησία
769 1916 869 1987 πάλαι
888 1908 972 1988 οὖσα
986 1919 1057 2008 χέρ·

88 2043 145 2101 σος
169 2024 224 2091 καλ
247 2019 382 2090 ἀκανθα
401 2019 456 2089 διά
483 2025 540 2109 τῆς
560 2016 666 2092 αότοῦ
684 2019 816 2110 χάριτος
835 2027 882 2099 εἰς
899 2024 1059 2090 τοσοῦτον

87 2117 190 2208 ῆλασε
207 2125 392 2209 μεταβολῆς
410 2118 495 2191 ὥστε
509 2120 596 2191 πόαν
614 2125 668 2190 καλ
687 2119 834 2210 βοτάνην
844 2119 984 2191 εῆθετον
1001 2126 1059 2209 τῆς

48 2247 75 2287 εο
88 2226 222 2309 λογικῆς
241 2229 470 2312 καρποφορίας
490 2225 543 2292 ἐπὶ
562 2227 722 2292 τοσοῦτον
740 2226 924 2309 βλαστῆσαι
940 2218 983 2302 ὡς
1002 2228 1057 2290 καλ

86 2321 164 2403 τούς
183 2320 410 2413 προβατιόδεις
429 2325 485 2392 καὶ
496 2317 742 2413 ἁπλουστέρους
757 2320 941 2393 ἀπολαύειν
956 2319 1059 2410 αὐτῆς

89 2422 276 2511 δυ’νασθαι,
301 2421 377 2505 τοός
401 2451 437 2492 τε
456 2428 493 2493 ἐν
511 2427 575 2506 ἕξει
593 2426 778 2513 τελειοτέρα
805 2421 1058 2513 προβεβηκότας

87 2523 193 2614 ἀροῦν
211 2527 266 2594 καλ
284 2541 447 2615 γεωργείν
460 2521 577 2615 αὐτὴν,
596 2523 677 2614 βόας
694 2526 1058 2614 προσαγορευομένους,

88 2623 200 2716 ὥσπερ
224 2617 287 2697 οὖν
309 2626 368 2697 τὸν
390 2639 488 2698 θεῖον
511 2623 698 2697 ἀπόστολον
728 2623 930 2697 παιδεύοντα
955 2653 1057 2714 παρε-

48 2751 75 2792 εε
89 2727 257 2817 στήσαμεν
275 2732 311 2798 ἐν
328 2734 374 2820 τῷ
392 2727 497 2818 φάναι
511 2725 578 2817 “μῆ
602 2731 669 2798 τῶν
688 2734 778 2816 βοῶν
795 2730 887 2817 μέλει
905 2731 952 2820 τῷ
969 2731 1057 2819 θεβ;

11 2851 17 2863 ’
87 2822 174 2915 ῆδί
194 2824 279 2916 ἀμάς
303 2829 435 2910 πάντως
460 2833 565 2918 λέγει;
592 2826 639 2899 δι’
659 2825 744 2918 ὖμάς
768 2829 831 2920 γάρ
857 2827 984 2918 ἐγράφη
1008 2827 1081 2898 ότιι

87 2926 216 3016 ὀφείλει
239 2927 257 2997 ὁ
279 2926 443 3018 ἀροτριῶν
462 2929 514 3000 ἐπ’
536 2936 646 3000 ἐλπίδι
662 2927 820 3020 ἀροτριᾶν
839 2933 894 3000 καὶ
912 2926 929 3000 ὁ
948 2929 1058 3000 ἀλοῶν

90 3026 142 3099 ἐπ’
164 3033 272 3099 ἐλπίδι
289 3037 349 3100 τοῦ
366 3025 549 3120 μετέχειν.”
586 3037 636 3101 89.
656 3028 761 3112 οὕτως
779 3026 799 3120 ῆ
818 3030 920 3101 πάλαι
940 3040 1058 3122 ἕρημος

89 3134 144 3201 καλ
162 3136 276 3220 χέρσος
293 3135 520 3220 μεταβέβληκε
532 3131 615 3221 μετά
627 3128 689 3220 τῆν
702 3135 762 3202 τού
768 3137 914 3223 Χριστοῦ
932 3160 1057 3217 παρον-

49 3259 76 3299 εο
91 3241 185 3319 σίαν,
206 3227 249 3314 ὦς
267 3235 323 3302 καλ
341 3249 410 3314 τοῖς
434 3229 539 3314 οὕτως
557 3235 769 3322 νενοημένοις
792 3237 914 3320 βουσὶν
933 3240 979 3313 ελς
997 3232 1059 3322 τῆν

89 3332 295 3423 κατάλληλον
321 3343 488 3424 γεωργίαν
513 3339 706 3422 ἐπιτηδείως
731 3341 828 3424 ἔχειν.
879 3340 1059 3424 ἐπίστησον

156 3481 384 3546 εααααα.
488 3481 717 3546 πιοααα
