2326 3818
337 107 523 184 ουιιιοιιευ.
541 107 675 160 ονιαο.
694 109 729 160 ιι.
751 112 776 160 3.
980 107 1039 169 121

73 247 302 338 καταλειφθὲν
318 252 377 318 τοῦ
407 255 491 318 λαοῦ
516 242 701 318 ὑπόλοιπον
718 244 808 337 άρεῖ,
838 252 954 340 φησὶν,
984 275 1041 341 οη·-

74 365 172 440 μεῖου
192 356 239 431 είς
256 348 297 419 τά
316 355 414 438 ἔθνη,
451 354 521 418 120.
542 355 658 438 σαφῶς
678 344 724 418 δι’
740 345 851 421 αὐτῶν
868 351 904 421 τὸ
921 355 1044 424 ἑαυτοῦ

74 468 215 541 σημεῖον
233 448 251 521 ὁ
270 447 385 540 κόριος
404 454 441 521 έν
459 456 540 521 πάσι
558 467 626 533 τοῖς
650 457 788 521 ἔθνεσιν
812 452 1041 544 έπιδεικυάμε·

76 581 145 642 νος,
164 555 221 622 καὶ
240 550 376 636 συνάξει
396 548 441 623 δι’
462 548 574 622 αὐτῶν
586 549 665 633 τούς
678 547 1042 644 άπολομένουςἿσραηλ

49 655 131 724 ικαὶ
149 652 227 735 τοὺς
247 655 510 744 διεσπαρμένους
524 650 632 726 Ἰοόδα
646 655 682 722 ἐκ
692 659 761 724 τάν
775 654 948 743 τεσσάρων
961 685 1040 727 πτε-

75 754 189 846 ρόγων
206 762 265 845 τῆς
290 763 350 847 γῆς
374 758 428 826 ἐπὶ
451 758 510 828 τὸν
533 756 679 846 Χριστὸν
701 763 761 827 τοῦ
787 763 874 826 θεοῦ
904 755 957 826 διά
980 765 1039 828 τοῦ

73 861 141 929 τιάυ
159 853 355 929 ἀποστόλων
373 855 476 930 αὐτοῦ
500 856 709 949 κηρύγματος
733 857 1037 950 καταπεφευγότας,

72 958 151 1043 τούς
169 963 400 1050 συναχθέντας
419 960 504 1031 εἶναι
523 960 630 1048 λέγων
647 965 715 1030 τῶν
732 960 834 1030 πάλαι
852 957 1072 1056 άπωκισμέ-(ι

72 1091 143 1134 νων
161 1063 217 1133 καὶ
235 1057 481 1152 ἀφωρισμένων
500 1065 536 1131 ἐκ
552 1066 612 1132 τοῦ
630 1060 714 1131 κατὰ
736 1060 889 1134 διάνοιαν
909 1059 1039 1154 Ἰσραὴλ

33 1195 59 1232 10
73 1165 126 1233 καί
143 1161 261 1234 Ἰοόδα.
290 1161 1040 1254 121.τρόποςδὲτοιιόυδειίιυχωντδνίιληθινδν

70 1261 200 1354 Ἰσραὴλ
218 1269 277 1334 τοῦ
295 1270 380 1335 θεοῦ
400 1271 587 1354 δείκνυσιν,
607 1259 651 1347 άς
669 1261 837 1335 άνάποιλιυ
851 1265 965 1355 φαύλη
984 1269 1045 1337 κοιλ

72 1363 226 1456 μοχθηρά
242 1363 394 1447 διάθεσις
411 1364 470 1437 τὸν
493 1363 576 1436 κατά
596 1363 704 1455 σάρκα
724 1364 854 1456 Ἰσραὴλ
877 1363 1042 1457 άρχουτας

72 1465 238 1557 Σοδόμων
278 1469 335 1537 καὶ
371 1466 453 1537 λαὸν
489 1465 664 1557 Γομόρρας
699 1474 909 1557 χρηματίζειν
939 1485 1037 1539 ποιεῖ.

75 1573 145 1639 122.
167 1567 203 1639 τδ
218 1576 336 1640 τοίνυν
350 1578 470 1659 λεῖμμα
483 1564 557 1638 κατ’
573 1565 714 1657 ἐκλογὴν
726 1567 869 1659 χάριτος,
883 1567 1039 1640 καίτόλε-

34 1699 59 1738 ιι
73 1668 216 1761 νόμενον
235 1675 271 1741 ἐν
288 1674 329 1761 τῇ
339 1677 525 1764 προφητείᾳ
535 1671 761 1760 καταλειφθέν
779 1668 966 1742 ὑπόλοιπον
979 1676 1042 1743 τοῦ

69 1776 165 1862 λαοῦ,
183 1771 220 1844 τὸ
239 1789 379 1863 σημεῖον
395 1775 456 1844 τοῦ
472 1780 593 1865 κυρίου
611 1776 691 1842 πᾶσι
715 1788 784 1856 τοϊς
807 1779 946 1845 ἔθνεσιν
963 1771 1038 1846 άυε-

68 1873 224 1966 κήρυξιν,
243 1877 299 1945 καὶ
316 1872 374 1958 τάς
393 1872 528 1946 τοιάσδε
546 1870 655 1964 ψυχάς
671 1877 739 1945 των
763 1879 876 1947 ἐθνῶν
894 1879 926 1958 ἐξ
944 1871 1038 1946 άπω-

69 1985 159 2058 λείας
174 1980 228 2048 ἐπὶ
246 1976 307 2066 τὴν
325 1980 385 2048 του
398 1983 518 2069 κυρίου
531 1981 658 2065 γνῶσιν
678 1974 953 2067 έφελκυσάμευονΙ
978 1981 1037 2048 ἕνα

69 2075 151 2148 λαόν
165 2082 288 2168 συνηξε
311 2085 357 2173 τῷ
376 2083 465 2173 θεῷ,
489 2076 548 2149 τὸν
569 2082 605 2148 έκ
631 2082 699 2149 τῶν
721 2078 894 2166 τεσσάρων
916 2078 1037 2169 πτερό-

30 2207 55 2250 ιο
68 2207 138 2268 γωυ
155 2183 212 2268 τῆς
230 2185 290 2270 γῆς
305 2183 405 2250 είσέτι
418 2183 484 2251 νῦν
501 2183 542 2271 τῇ
554 2184 613 2249 τοῦ
630 2185 778 2268 Χριστοῦ
793 2179 933 2271 δυνάμει
953 2204 1037 2269 συγ·
1052 2255 1055 2263 ,

68 2278 302 2370 κροτούμενον.
343 2285 413 2350 123.
428 2271 520 2351 οὗτοι
533 2281 570 2351 δὲ
584 2277 679 2351 αὐτοὶ
698 2286 732 2352 οί
744 2279 809 2352 άπὸ
822 2285 890 2352 των
908 2277 1035 2352 άπολω·

68 2381 176 2452 λότων
187 2385 248 2453 του
260 2380 434 2454 Ἰουδαίων
443 2388 566 2463 ἔθνους
582 2384 806 2464 διασωθέντες
817 2385 965 2472 μαθηταί
979 2386 1034 2453 καὶ
1050 2405 1098 2455 (7⁷)

67 2479 245 2556 ἀπόστολοι
268 2486 330 2555 τοῦ
352 2488 501 2575 σωτῆρος
521 2480 633 2573 ἡμῶν,
656 2486 692 2553 ἐκ
717 2481 891 2574 διαφόρων
914 2489 1034 2572 φυλῶν

67 2585 305 2678 τυγχάνοντες,
336 2591 413 2677 μιᾶς
446 2583 593 2674 κλήσεως
624 2586 680 2655 καὶ
710 2589 786 2675 μιᾶς
815 2585 947 2676 χάριτος
978 2589 1033 2656 καὶ

27 2718 53 2757 ω
67 2685 140 2771 ἑνός
166 2688 353 2779 πνεύματος
371 2683 470 2778 ἆγίον
487 2689 736 2777 κατηξιωμένοι,
754 2686 863 2758 πάντα
878 2690 975 2777 ζῆλον
993 2684 1033 2761 ὃν

64 2788 167 2861 πάλαι
184 2789 266 2880 πρός
281 2788 404 2872 πότους
423 2790 513 2879 είχον
532 2795 570 2860 αλ
584 2793 645 2861 τοῦ
656 2784 820 2879 Ἑβραίων
831 2796 955 2872 ἔθνους
967 2820 1031 2880 φυ-

64 2893 119 2959 λαὶ
138 2887 403 2982 άπορρίιγουσιν,
422 2886 467 2972 ὦς
484 2889 505 2979 ἡ
524 2897 710 2983 προφητεία
727 2900 842 2981 φησίν.
882 2897 951 2961 124.
972 2922 1030 2963 κα-

62 2995 272 3083 τηρτισμένοι
290 2997 374 3082 γουν
390 2997 437 3086 τῷ
455 2988 545 3086 αὐτῷ
571 2999 626 3064 νοῒ
649 2994 705 3062 καὶ
728 2997 769 3082 τῇ
793 2989 877 3085 αὐτῇ
902 2992 1029 3084 γνώμη,

62 3093 103 3165 οὐ
122 3092 226 3185 μόνον
243 3093 306 3185 τὴν
323 3092 474 3185 ἤπειρον,
493 3091 577 3163 ἀλλά
595 3096 650 3164 καὶ
672 3091 730 3176 τάς
744 3092 867 3185 νήσους
887 3102 1035 3183 διῆλθον

130 3434 160 3482 15
179 3431 255 3482 Rom.
277 3433 318 3492 11,
337 3433 361 3482 5.
