2326 3818
116 122 176 188 168
526 120 674 173 Ευεεειι

115 266 242 335 πολλοῦ
259 266 434 353 προτιμᾶν,
454 260 608 333 κάτωθεν
621 264 658 331 ἐκ
671 258 801 348 βάθους
814 258 917 349 αὐτῆς
932 266 1085 347 διανοίας

116 366 227 455 ὥσπερ
250 363 316 435 ἀπό
340 369 439 455 ῥιζῶν
461 363 502 435 τά
524 369 582 454 τῆς
605 371 722 444 κακίας
740 358 985 452 ἀποτέμνοντας
1003 372 1084 452 βλα-

89 468 284 557 εστήματα,
309 469 366 537 καὶ
384 484 519 555 κρατεῖν
541 467 603 555 μέν
625 462 727 554 ὀργῆς
745 468 801 536 καὶ
819 463 925 554 πάσης
944 472 1085 558 αἰσχρᾶς

116 574 297 659 ἐπιθυμίας
315 572 512 655 πειρᾶσθαι,
529 572 657 657 μᾶλλον
671 567 708 637 δέ
721 567 806 655 μηδέ
825 564 1018 656 ὀργίζεσθαι
1037 566 1083 639 δι’

114 670 221 763 άκραν
239 676 346 761 ψυχῆς
370 668 558 755 ἀπάθειαν,
582 669 668 757 μηδέ
690 671 916 757 προσβλέπειν
938 686 1112 757 γυναίκαε

115 773 197 863 μετὰ
217 777 397 861 ἐπιθυμίας
415 769 618 858 ἀκολάστου,
636 775 696 841 τοῦ
715 770 752 840 δέ
769 772 924 840 κλέπτειν
939 769 1086 844 τούναν-

113 885 186 946 τίον
210 877 266 943 καὶ
295 871 336 941 τά
360 879 466 942 οίκετα
490 879 669 962 προΐεσθαι
690 888 760 952 τοῖς
784 876 968 961 δεομένοις,
999 871 1087 944 ἀλλά

61 1007 101 1057 μη
116 977 201 1065 μηδὲ
224 972 452 1063 σεμνύνεσθαι
476 976 530 1043 ἐπὶ
553 977 600 1067 τῷ
622 971 667 1062 μὴ
691 969 890 1063 ἀποστερεῖν
907 969 1086 1064 ἀλλήλους,

116 1074 189 1145 ἀλλ’
219 1078 272 1146 ἐπὶ
302 1079 349 1170 τῷ
370 1073 449 1157 τούς
472 1078 560 1164 σφοῖς
583 1070 783 1162 ἀποστερεῖν
812 1078 1086 1164 προηγουμένους

116 1174 349 1267 άμνησικάκως
372 1182 476 1266 φέρει.
525 1181 575 1247 35.
601 1178 657 1246 καί
680 1184 717 1246 τί
736 1204 777 1265 με
802 1181 855 1247 δελ
879 1195 1086 1267 συναγαγεῖν
1100 1208 1124 1249 ιο

116 1275 223 1350 πάνθ’
243 1277 305 1350 ὅσα
322 1278 417 1368 ὁμέν
431 1283 625 1366 ἐδίδασκεν,
644 1282 677 1347 ολ
694 1273 727 1347 δ’
748 1276 957 1365 έμάνθανον;
976 1278 1088 1372 παρῄ-

87 1424 98 1452 c
118 1410 168 1452 νει
196 1381 227 1451 δ’
257 1378 371 1462 αὐτοῖς
395 1379 478 1469 πρός
502 1396 572 1461 τοῖς
589 1377 702 1460 ἀλλοις
725 1383 783 1467 τῆς
800 1375 962 1468 ἀληθείας
979 1379 1087 1465 οὕτως

117 1492 254 1574 ἔχεσθαι
273 1482 317 1567 ὡς
340 1481 419 1572 μηδ’
447 1480 603 1570 εὐορκίας
622 1487 774 1568 δεῖσθαι,
799 1486 924 1552 πολλοῦ
944 1488 1000 1552 δεῖ
1017 1487 1087 1553 ἐπι·

116 1603 249 1676 ορκεῖν,
276 1583 540 1673 παρασκευάζειν
565 1585 602 1655 δέ
625 1583 684 1653 τὸν
700 1581 826 1673 τρόπον
843 1581 966 1666 παντός
983 1582 1087 1674 ὅρκου

116 1685 313 1776 πιστότερον
330 1691 531 1773 φαίνεσθαι,
550 1687 646 1774 μέχρι
662 1687 723 1755 τοῦ
739 1693 801 1754 ναί
814 1687 870 1754 καὶ
887 1688 949 1755 τοὺ
961 1683 1002 1756 οὔ
1020 1716 1087 1776 χω-
1100 1712 1124 1755 ιε

118 1792 278 1880 ροῦντας,
305 1785 370 1858 σόν
394 1784 539 1879 ἀληθείᾳ
561 1801 630 1867 τοϊς
648 1783 771 1876 ῥήμασι
795 1790 997 1876 χρωμένους.
1034 1793 1086 1861 36.

117 1892 284 1962 πευστέον
300 1880 418 1959 τοίνυν
434 1895 511 1958 τίνα
525 1882 568 1957 ἀν
584 1895 651 1977 ἔχοι
665 1884 765 1975 λόγον
778 1887 856 1970 τούς
869 1895 938 1959 τῶν
949 1892 1088 1961 τοιωνδλ

117 1989 299 2080 ἀκροατάς,
319 1987 385 2078 ἤδη
405 1989 442 2058 δέ
459 1992 515 2059 καὶ
534 1987 757 2070 διδασκάλους
774 1993 842 2060 των
867 1987 980 2061 αὐτῶν
997 1989 1088 2081 φάν-

116 2121 176 2174 τας
199 2090 426 2181 μαθημάτων,
450 2089 643 2161 πεπλάσθαι
671 2088 833 2163 ὑπονοεῖν
856 2090 918 2163 ὅσα
944 2091 1089 2183 διαπρά-

118 2203 240 2277 ξασθαι
264 2192 323 2264 τόν
347 2190 552 2263 διδάσκαλον
576 2190 820 2283 ἐμαρτύρησαν.
863 2200 914 2263 37.
937 2202 974 2263 τί
994 2195 1032 2264 δέ
1049 2194 1126 2266 τότε

91 2330 104 2370 ι
118 2293 266 2367 πιθανόν
278 2299 339 2367 τοῦ
349 2302 497 2386 νομίζειν
510 2293 702 2384 σνμηάνως
720 2292 868 2376 ἅπαντας
882 2292 1087 2387 θεάσασθαι,

118 2397 250 2470 δυόδεκα
266 2399 328 2489 μέν
345 2395 444 2481 ὄντας
460 2394 520 2467 τόν
537 2395 684 2487 ἀριθμόν
697 2394 774 2478 τοὺς
789 2398 971 2486 ἐκκρίτους,
991 2400 1088 2487 ἐβδο-

116 2499 264 2589 μήκοντα
283 2501 321 2571 δέ
338 2499 415 2582 τούς
433 2497 582 2586 λοιποὺς,
601 2495 660 2578 οός
674 2499 730 2567 καὶ
746 2495 939 2569 ἀποστεῖλαι
957 2503 1088 2589 λέγεται

117 2600 181 2671 ἀνά
206 2602 266 2671 δύο
290 2601 353 2688 πρὸ
378 2597 560 2688 προσώπου
582 2595 690 2668 αὐτοῦ
715 2605 762 2682 είς
785 2598 894 2671 πάντα
910 2596 1015 2672 τόπον
1031 2605 1089 2673 καὶ

117 2700 229 2791 χώραν
247 2693 287 2772 οὗ
301 2708 439 2793 ἔμελλεν
457 2696 555 2782 αὐτός
573 2708 748 2790 ἐρχεσθαις
772 2697 848 2772 ἀλλ’
867 2699 981 2783 οὐδεὶς
999 2708 1127 2794 αίρετεε

118 2800 215 2892 λόγος
239 2798 455 2874 ἀπιστεῖσθαι
476 2805 615 2872 τοσοῦτο
638 2806 768 2892 πλῆθος
797 2801 934 2893 ἀνδρῶν
964 2801 1090 2895 εὐσεβῆ

118 2907 174 2974 καὶ
192 2901 315 2994 σεμνόν
333 2912 410 2993 βίον
427 2900 691 2993 ἀσπασαμένων,
714 2907 771 2975 καὶ
788 2903 924 2975 πάντων
940 2906 1004 2995 μέν
1020 2912 1091 2981 τῶν

117 3013 253 3077 οἰκείων
266 3003 539 3096 ἀλιγωρηκότων,
554 3003 629 3076 ἀντὶ
644 3006 681 3076 δέ
693 3013 762 3076 τῶν
774 3007 954 3096 φιλτάτων,
968 3036 1089 3096 γυναι-

118 3112 174 3192 κός
193 3109 278 3197 λέγω
302 3110 359 3177 καὶ
382 3112 515 3178 παίδων
537 3109 593 3177 καὶ
611 3106 736 3190 παντὸς
752 3110 889 3197 γένους,
912 3106 972 3179 τόν
988 3104 1089 3200 ἀκτή·

118 3240 204 3296 μονα
226 3206 351 3301 τρόπον
376 3211 559 3299 ἑλομένων,
583 3211 640 3280 καὶ
663 3207 727 3298 την
749 3211 826 3297 περὶ
849 3214 910 3280 τοῦ
929 3210 1131 3283 Mam-³0

119 3320 180 3380 λον
198 3319 386 3400 μαρτυρίαν
404 3309 588 3401 σύμφωνον
606 3308 651 3392 ὡς
668 3306 728 3400 ἀφ’
756 3309 832 3393 ένός
855 3309 1016 3402 στόματος
1040 3320 1088 3395 είς

118 3411 245 3494 πάντας
262 3410 465 3504 ἀνθρώπους
485 3410 735 3503 ἐξενηνοχότων.
768 3417 818 3483 38.
837 3408 930 3504 ὁμὲν
943 3400 1008 3485 οάν
1024 3415 1087 3487 κά-
