2326 3818
89 114 147 178 182
502 116 654 169 EUSEBII

87 251 146 325 τὸν
165 257 288 344 Θωμᾶν
306 251 492 345 ἐπαγαχάν,
529 261 579 325 86.
599 252 711 346 ῦσπερ
729 258 785 327 καί
803 251 820 326 ὁ
839 254 979 343 Μάρκος
997 284 1059 329 πε-

88 364 243 446 ποίηκεν·
276 364 388 447 έχουσι
413 358 450 428 δὲ
468 354 572 428 αὐτοῦ
591 362 629 428 αί
654 361 757 442 λέξεις
781 354 886 440 οὕτως
900 353 978 428 “nal
1002 356 1059 431 ὅτε

87 456 193 549 ἡμέρα
212 461 358 548 ἐγένετο,
385 458 539 550 ἐφάνησε
564 458 642 541 τοῦς
666 458 819 549 μαθητάς
843 456 965 550 αὐτοῦ,
1001 465 1058 532 καί

89 559 302 649 ἐκλεξάμενος
325 565 358 644 ἐξ
382 557 493 632 αὐτῶν
517 559 665 649 δώδεκα,
690 558 749 643 οῦς
773 563 828 631 καί
851 559 1058 646 ἀποστόλους

86 658 273 752 ὠνόμασεν,
292 670 445 752 Σίμωνα,
464 659 504 733 ῦν
522 666 577 733 καλ
597 661 732 733 ἐκάλεσε
750 665 894 753 Πέτρον,
912 667 966 734 καὶ
982 661 1082 736 ’Λα-ε

88 767 191 854 δρέαν
215 762 273 834 τόν
303 762 451 853 ἀδελφόν
475 761 596 853 αὐτοῦ,
625 761 783 854 Ἰάκωβον
813 768 868 835 καί
898 760 1059 855 Ἰωάννην

87 867 142 936 καὶ
163 872 333 936 Φίλιππον
359 868 414 935 καὶ
432 875 689 955 Βαρθολομαῖον
713 869 768 936 καλ
794 877 978 937 Ματθαλον
1001 871 1058 939 καί

89 969 222 1055 Θωμᾶν.

165 1073 215 1138 8ῖ.
247 1065 363 1150 Οῦτως
380 1069 442 1158 μέν
459 1065 519 1138 τόν
537 1064 755 1140 Ματθαλονό
783 1072 918 1152 Λουκᾶς
944 1072 1058 1159 ἐτίμη-

56 1190 158 1261 οσεν,
178 1167 256 1240 καθ’
278 1167 515 1260 άπαρέδωκαν
532 1168 623 1264 αὐτῷ
641 1176 677 1241 οί
691 1166 750 1240 ὐπ’
772 1166 874 1260 άρχῆς
893 1167 1056 1243 αὐτόπται
1068 1201 1095 1240 ιο

86 1275 141 1342 καὶ
161 1270 322 1362 ὑπηρέται
340 1271 515 1361 γενόμενοι
532 1277 592 1343 τοῦ
610 1270 722 1361 λόγου.
748 1274 804 1341 καὶ
820 1271 879 1342 τόν
894 1267 1056 1363 Ἰωάννην

87 1375 123 1445 δὲ
141 1373 257 1465 ὅμοιον
276 1372 386 1464 εῦροις
411 1369 454 1444 άν
475 1378 521 1467 τῷ
544 1381 725 1466 Ματθαίω.
774 1379 824 1443 88.
852 1376 889 1445 ἐν
911 1373 974 1463 μέν
992 1372 1057 1464 γάρ

85 1494 157 1560 ταῖς
177 1481 363 1558 ἐπιστολαῖς
378 1474 482 1547 αὐτοῦ
499 1476 581 1547 οὐδὲ
598 1473 733 1565 μνήμην
744 1478 802 1563 τῆς
814 1481 939 1557 οἰκείας
953 1498 1057 1597 προσ-

86 1586 223 1702 ηχορίας
258 1594 417 1664 ποιεῖται,
445 1572 756 1667 ηπρεσβύτερον
740 1574 861 1647 εαυτόν
891 1574 1057 1699 ὀνομάζει,

86 1676 236 1790 οὐδαμοῦ
256 1679 293 1748 δέ
311 1675 507 1765 άπόστολου,
526 1674 607 1748 οὐδὲ
626 1675 879 1767 εὐαχχελιστήν
901 1681 937 1748 ἐν
951 1678 989 1749 δὲ
1006 1683 1057 1804 τρῖ
1069 1706 1095 1747 ιε

87 1765 272 1874 εῦαχγελίω
246 1775 627 1870 ωέπισημηνάμενος“
607 1809 649 1850 ον
672 1775 784 1869 ηγάπα
807 1777 825 1850 ὁ
840 1776 969 1868 Ἰησοῦς
993 1778 1059 1851 οὐκ

87 1878 285 1972 ἐθήλωσεν’
269 1882 428 1971 ονομαστλ
454 1878 583 1951 ἑαυτόν.
624 1877 643 1951 ῦ
672 1907 710 1969 γε
733 1910 800 1970 μην
823 1882 952 1970 Πέτρος
975 1879 1059 1953 οὐδὲ

87 1989 238 2073 καθηκεν
262 1987 316 2054 ἐπὶ
340 2012 402 2071 την
425 1977 622 2069 εὐαγγελίου
645 1979 782 2072 γραφὴν
806 1978 853 2052 δι’
880 1980 1059 2070 εὐλαβείας

87 2080 289 2176 ὑπερβολήν.
324 2090 374 2154 89.
389 2081 511 2153 τοῦτον
530 2082 670 2174 Μάρκος
688 2081 854 2173 χνάριμος
868 2085 923 2153 καλ
938 2112 1058 2174 φοιτη-

87 2216 144 2275 της
161 2186 307 2277 γεγονώς
325 2182 618 2276 ἀπομνημονεῦσαι
637 2188 766 2275 λέγεται
779 2183 837 2268 τάς
850 2214 910 2255 του
895 2189 1058 2272 Πέτρου
1069 2216 1097 2257 ιο

55 2321 72 2372 1)
88 2292 164 2421 περὶ
189 2296 256 2361 τιῦν
280 2287 434 2380 πράξεων
457 2294 516 2359 τοῦ
541 2285 650 2377 Ἰησοῦ
675 2283 896 2374 διαλέξεις,
877 2315 914 2368 ος
944 2285 1059 2359 έλθων

53 2397 128 2463 ’ἐπ
136 2388 335 2465 ’ἐκεῖνα
293 2421 351 2481 της
375 2396 533 2481 ίστορίας,
559 2394 596 2462 ἐν
619 2384 710 2472 οἶςῦ
733 2385 860 2480 Ἰησοῦς
887 2386 1058 2478 ἐρωτήσας

86 2503 162 2566 τίνα
179 2498 285 2585 φασὶν
299 2490 404 2565 αὐτόν
422 2497 456 2563 οί
477 2490 671 2581 άνθρωποι,
691 2493 746 2561 καί
765 2487 859 2562 αὐτοὶ
879 2491 917 2560 δὲ
941 2488 1057 2561 οαῦί-

86 2625 146 2668 του
135 2599 366 2686 μαίθηταλ
330 2626 348 2666 τ
363 2623 406 2664 να
426 2591 526 2675 δόξαν
544 2599 651 2682 ἔχοιεν
669 2591 800 2683 περλ’
760 2596 883 2680 αυτοῦ,
907 2589 1057 2663 ῦπακσύ-

87 2720 206 2778 σαντος
220 2702 278 2767 τοῦ
297 2698 441 2784 Πέτρου,
461 2690 505 2775 ὥς
523 2696 599 2784 περὶ
618 2698 775 2784 Χριστοῦ,
794 2690 896 2765 οὐδέν
914 2690 1057 2782 άποκρι-
1069 2722 1096 2765 ιτ

87 2795 234 2887 νάμενον
251 2795 309 2867 τόν
323 2794 452 2885 Ἰησοῦν
468 2793 550 2868 οὐδὲ
567 2798 706 2885 λέγοντα
719 2795 809 2890 αὐτῷ
830 2794 965 2885 γράφει,
984 2791 1055 2865 ἀλλ’

87 2895 137 2969 ὅτι
157 2904 354 2989 ἐπετίμησεν
378 2896 503 2985 αὐτοῖς,
527 2903 585 2968 ἵνα
608 2900 728 2987 μηδενὶ
752 2900 872 2987 λέγωσι
896 2898 973 2986 περὶ
997 2892 1058 2967 αὐ·

87 3006 155 3071 τοῦ.
192 3007 242 3071 90,
270 2995 311 3072 οὐ
329 2997 392 3089 γάρ
411 3004 522 3089 παρῆν
540 2998 558 3070 ὁ
583 2998 724 3089 Μάρκος
742 3017 810 3081 τοῖς
828 2997 895 3068 ὑπὸ
918 3000 979 3068 τοῦ
996 2996 1058 3087 Ἰη-

88 3107 152 3174 σοῦ
170 3114 353 3193 λεχθεϊσιν,
372 3096 446 3170 ἄλλ’
468 3099 548 3173 οὐδὲ
568 3102 695 3190 Πέτρος
712 3100 753 3171 τά
777 3096 860 3192 πρός
878 3096 983 3170 αὐτόν
1000 3101 1058 3169 καὶ

88 3208 164 3294 περὶ
185 3201 290 3275 αὐτοῦ
306 3203 469 3292 λεχθέντα
486 3207 534 3297 τῷ
551 3200 658 3292 Ἰησοῦ
684 3207 833 3274 ἐδικαίου
859 3199 903 3271 δι’
931 3206 1057 3283 οίκείας
1070 3228 1111 3275 ω.
