2326 3818
321 113 509 166 DEMONST.
528 113 662 166 EVANG.
682 115 721 168 11.
732 115 757 168 3.
965 117 1026 179 113

54 251 122 324 άπὸ
144 254 206 324 τοῦ
223 261 385 324 ’πλεῖστον
409 267 518 324 ποιεῖν
536 250 638 342 γάλα,
668 252 811 343 φάγεται
842 253 1023 346 βούτυρον,

56 357 112 427 καί
130 358 204 445 μέλι
218 351 359 444 φάγεται
376 359 440 437 πᾶς
457 353 475 424 ὁ
495 359 733 444 καταλειφθεὶς
753 359 806 425 ἐπὶ
823 361 882 444 της
899 357 990 447 γῆς.”

133 463 184 527 88.
209 452 377 527 Ἐνταῦθα
401 453 463 545 την
488 459 699 546 δηλουμένην
722 451 850 548 ἡμέραν
875 459 1052 549 έιιιζητή-ι

56 580 117 640 σας
136 554 246 650 εὕροις
259 553 301 628 ἂν
315 555 418 629 αὐτὸν
435 554 493 628 τόν
512 555 697 646 χρόνονιῆς
704 562 764 628 τοῦ
770 565 918 649 σωτῆρος
929 559 1024 650 ἡμων

28 665 263 749 τέπιφανείας.
296 659 401 730 εἰπάν
415 659 478 749 γάρ
495 655 513 730 ὁ
531 657 703 750 προφήτης
723 654 743 685 “
756 657 832 731 ίδοῦ
852 660 872 750 ἡ
897 667 1023 752 παρθέ-

55 791 113 843 νος
138 765 174 832 έν
197 764 314 852 γαστρὶ
346 759 503 850 λήψεται,
528 763 584 831 καὶ
609 765 734 844 τέξεται
757 759 862 833 υίύν”
883 773 1023 835 πλεῖστα

58 863 113 934 διά
131 868 236 953 μέσον
254 870 406 947 θεσπίζει
425 866 503 954 περὶ
517 865 595 939 ,νῦν
619 862 702 932 κατά
725 862 787 953 τὴν
812 861 919 953 αὐτὴν
945 863 1023 954 ἡμέ-
1126 952 1127 957 ¹

56 995 131 1053 ραν,
150 959 241 1036 τοῦτ’
268 972 359 1035 ἔστιν
382 960 467 1053 ἀμφὶ
486 962 546 1035 τὸν
563 963 684 1055 χρόνον
707 971 765 1055 τῆς
789 973 850 1037 τοῦ
875 971 1023 1058 σωτῆρος

55 1062 152 1157 ἡμῶν
170 1069 377 1156 ἐπιφανείας,
391 1070 634 1156 γενησομένων.
661 1073 711 1136 89.
728 1065 886 1158 δυνάμεις
894 1066 957 1158 γάρ
968 1067 1024 1141 άο-

16 1201 42 1240 ιο
57 1166 177 1260 ράτονς
196 1174 255 1238 καί
269 1197 362 1248 τινας
382 1167 526 1259 ἐχθρούς
544 1171 600 1238 καὶ
623 1174 819 1258 πολεμίους,
843 1177 944 1259 μυιάς
968 1175 1024 1241 καὶ

55 1276 214 1361 μελίσσας
237 1267 352 1359 νόμοις
382 1267 582 1361 ἀλληγορίας
601 1266 882 1360 ὀνομαζομένους,
908 1272 1023 1360 ἐπιβή-

42 1376 178 1443 σεσθαι
196 1375 237 1463 ιη
254 1375 322 1441 τῶν
337 1369 510 1442 Ἰουδαίων
532 1367 625 1463 χάρη
652 1375 773 1461 φησίν,
799 1375 855 1441 καί
873 1371 931 1443 τὸν
962 1373 1024 1444 κύ-

55 1503 131 1564 ριον
147 1477 238 1565 ξυρῷ
254 1479 322 1543 τῶν
345 1479 530 1562 πολεμίων,
556 1466 600 1553 ῦς
624 1468 667 1543 άν
689 1472 836 1563 μεγάλου
860 1473 1022 1563 σώματος,

55 1580 116 1646 τοῦ
143 1573 316 1647 Ἰουδαίων
349 1582 472 1656 ἔθνους
502 1571 564 1663 τὴν
599 1573 751 1664 κεφαλὴν
783 1578 839 1645 καὶ
869 1574 926 1658 τάς
955 1583 1048 1667 τρέε

18 1707 44 1749 15
57 1706 118 1768 χας
163 1681 231 1746 νῦν
274 1679 389 1747 ποδιῦν
431 1680 487 1746 καί
526 1674 586 1747 τδν
628 1675 774 1766 πώγωνα
817 1678 873 1748 καὶ
914 1677 1023 1749 πάντα
1090 1695 1092 1699 “

56 1775 253 1868 συλλήβδην
293 1785 401 1849 εἰπεῖν
441 1777 500 1850 τὸν
540 1777 667 1870 κόσμον
708 1776 820 1849 αὐτῶν
856 1778 1022 1870 ξυρήσειν.

55 1886 107 1951 90.
136 1877 265 1951 τούτων
289 1878 319 1950 δ’
349 1881 518 1970 ἐσομένων
544 1884 580 1950 ἐν
605 1883 647 1972 τῇ
669 1883 893 1970 θεσπιζομένη
917 1876 1023 1973 ἡμέρη

54 1985 116 2052 τοῦ
142 1984 178 2052 ἐκ
208 1987 266 2071 τῆς
300 1984 475 2073 παρθένου
509 1984 746 2072 γενησομένου,
782 1979 841 2052 τὸν
875 1992 1024 2053 καταλει-

56 2086 189 2172 φθέντα
207 2081 392 2174 άνθρωιιον
416 2088 452 2153 ἐκ
475 2092 533 2173 τῆς
552 2088 613 2155 τοῦ
636 2081 760 2166 παντὸς
785 2092 908 2166 ἔθνους
933 2083 1023 2155 ἀπω-

15 2216 43 2256 20
58 2192 161 2273 λείας,
192 2183 282 2256 τοῦτ’
310 2193 400 2256 ἔστιν
429 2182 561 2256 ἅπαντα
589 2183 648 2256 τὸν
684 2187 727 2269 ἐξ
751 2184 863 2256 αύτιῦν
888 2193 934 2268 είς
965 2184 1024 2256 τὸν

57 2285 203 2379 Χριστὸν
220 2290 279 2358 τοῦ
302 2291 385 2359 θεοῦ
409 2285 669 2376 πεπιστευκότα,
704 2290 848 2376 θρέψειν
880 2286 1024 2376 δάμαλιν

55 2393 148 2477 βοῦν
162 2392 217 2459 καὶ
236 2388 299 2460 δύο
317 2387 468 2478 πρόβατα
485 2386 701 2478 προφητεύει,
719 2384 785 2458 άπό
803 2415 838 2457 τε
852 2393 912 2458 τοῦ
930 2398 1022 2460 πλεί-

57 2512 138 2561 στου
155 2507 265 2561 ποιεῖν
283 2490 368 2581 γάλα
386 2488 555 2580 φάγεσθαι
573 2489 742 2579 βούτυρον
760 2492 816 2559 καὶ
833 2493 926 2580 μέλι·
946 2487 1022 2578 νοη’-

55 2615 127 2674 σεις
147 2593 184 2663 δὲ
207 2593 263 2662 καὶ
287 2599 390 2664 ταῦτα
410 2591 492 2663 κατά
515 2589 680 2684 μυστικὴν
704 2600 854 2683 θεωρίαν
878 2594 933 2662 ε’πλ
956 2595 1023 2662 των
1038 2625 1079 2676 [ιη

16 2721 42 2764 ιε
55 2699 115 2765 τοῦ
134 2699 281 2786 σωτῆρος
296 2693 391 2785 ἡμῶν
408 2691 603 2767 άποστόλων
620 2697 845 2783 τετελεσμένα.
899 2699 955 2764 91.
977 2684 1024 2764 οἷν
1039 2724 1053 2762 d

54 2799 192 2878 ἕκαστος
229 2801 266 2866 ἐν
289 2793 341 2878 αἷς
365 2794 430 2868 σῦν
465 2803 505 2888 τῇ
528 2803 588 2869 τοῦ
614 2801 763 2886 Χριστοῦ
783 2793 925 2885 δυνάμει
944 2817 1023 2866 σνν-

55 2895 215 2987 εσιησατο
235 2903 441 2988 ἐκκλησίαις,
460 2899 523 2969 δύο
541 2897 702 2988 πρόβατα,
723 2896 816 2967 τοῦτ’
845 2906 936 2969 ἔστιν
963 2896 1024 2968 δύο

53 2996 203 3090 τάγματα
223 3006 322 3088 δίκην
339 2998 518 3091 προβάτων
537 3004 591 3071 ἐπὶ
608 2997 670 3087 τὴν
695 3003 755 3069 τοῦ
781 3002 928 3088 Χριστοῦ
952 3006 1024 3067 τιοί-

53 3131 144 3191 μνην
161 3098 340 3189 συνιόντα,
354 3100 391 3172 τὸ
409 3102 472 3191 μὲν
496 3105 596 3172 είσέτι
615 3097 901 3191 στοιχειούμενον,
926 3098 962 3168 τὸ
989 3096 1022 3166 δ’

15 3231 41 3275 ιο
55 3201 121 3293 ἤδη
141 3203 196 3273 διά
214 3208 273 3273 τοῦ
292 3208 435 3292 λουτροῦ
453 3205 723 3293 πεφωτισμένον,
743 3204 798 3272 καί
824 3204 879 3272 ἐπὶ
896 3196 1024 3282 τούτοις

124 3440 140 3487 5
159 3438 203 3487 Εε.
223 3440 248 3501 7,
269 3440 309 3492 14.

106 3536 247 3572 ευεεειυε
265 3538 310 3572 ιιι.
872 3519 898 3581 8
